2097 3466
808 226 940 260 ANNO
966 228 1064 261 1431
1692 228 1752 261 321

129 320 279 366 praeuia
293 322 454 364 repertos
468 318 507 353 in
524 317 728 354 Coloniensi
745 320 779 353 et
795 317 1056 353 Wormatiensi
1072 318 1282 354 ciuitatibus
1305 323 1339 354 ct
1356 319 1557 354 diocesibus
1573 330 1593 353 a
1609 318 1753 362 quibus-

129 376 219 411 libet
235 375 369 410 Christi
387 374 552 409 fidelibus
567 377 641 408 tam
658 373 801 408 clericis
815 384 922 416 quam
948 373 1051 408 laicis
1078 374 1135 417 pie
1151 375 1393 409 confouendos
1409 386 1472 418 per
1487 386 1569 409 suas
1596 377 1756 417 patentes

129 429 268 465 litteras
290 430 450 465 diuersas
467 432 502 464 et
524 440 709 472 processus
733 427 770 462 in
794 440 830 462 se
853 430 1076 462 continentes
1100 428 1243 471 publice
1267 430 1546 464 mandauerunt.
1570 429 1615 463 Et
1641 439 1754 470 quan·

130 495 238 526 quam
262 485 437 528 praedicti
462 494 648 527 pauperes.
667 482 736 518 viri
755 483 799 517 de
816 494 879 526 per
895 495 932 517 se
955 482 1093 518 scilicet
1109 487 1144 518 et
1160 483 1331 518 mulieres
1351 496 1522 525 seorsum,
1542 484 1578 518 in
1596 483 1668 517 suis
1683 482 1756 516 dis-

129 539 254 574 tinctis
270 540 435 574 domibus
451 540 586 582 absque
610 542 736 573 mutua
753 550 876 573 eorum
902 539 1175 574 conuersatione
1199 543 1463 575 commorantes
1487 540 1525 573 in
1547 541 1758 582 paupertate

130 598 166 629 et
189 594 424 635 continentia,
452 594 489 628 in
512 594 731 629 humilitatis
753 593 883 637 spiritu
908 594 1077 629 ecclesias
1099 594 1227 629 deuote
1251 595 1478 637 frequentent
1509 597 1544 629 et
1574 592 1758 627 Romanae

130 650 302 685 ecclesiae
318 661 359 684 ac
376 660 500 684 eorum
517 649 713 684 ordinariis
728 648 910 692 praelatis,
930 649 1102 691 plebanis,
1118 650 1320 684 rectoribus
1337 654 1372 684 et
1389 649 1524 683 curatis
1538 649 1574 682 in
1591 648 1759 682 omnibus

130 709 339 740 reuerenter
354 704 534 746 obediant,
551 704 731 747 nullisque
749 703 934 739 erroribus
949 716 1011 739 seu
1029 704 1171 746 ritibus,
1187 705 1249 748 qui
1273 705 1492 739 salutaribus
1509 703 1708 748 praeceptis
1724 706 1760 737 et

131 759 215 794 fidei
238 759 459 794 orthodoxae
475 763 690 803 repugnent,
709 771 746 793 se
768 759 972 802 inuoluant,
991 760 1051 794 sed
1075 759 1276 794 liberaliter
1292 759 1418 794 Diuini
1443 760 1599 794 nominis
1622 757 1757 794 intuitu

130 814 354 850 miserabiles
369 825 411 849 ac
428 813 518 848 alias
533 813 702 848 honestas
714 824 884 857 personas
901 814 945 848 ad
964 825 1090 849 eorum
1107 814 1187 848 loca
1203 814 1427 849 declinantes
1443 814 1562 858 gratia
1577 813 1762 857 hospitali-

129 869 214 905 tatis
226 869 407 913 recipiunt
425 880 468 904 ac
483 868 648 912 requisiti
667 861 901 903 infirmorum
915 880 1040 904 curam
1064 874 1209 914 gerunt,
1229 869 1481 904 decedentium
1506 869 1668 903 fidelium
1683 879 1762 903 cor·

130 935 221 969 pora
243 924 353 960 etiam
376 928 538 968 tempore
554 923 688 958 furoris
707 923 957 968 pestilentialis
984 923 1023 959 in
1047 924 1153 958 terris
1168 935 1257 967 quas
1282 924 1449 959 habitant
1472 924 1517 957 ad
1540 923 1762 968 sepulturam

131 978 412 1014 ecclesiasticam
429 979 623 1014 deferendo
648 989 690 1013 ac
714 978 787 1013 alia
811 978 956 1022 pietatis
979 979 1012 1013 et
1035 978 1198 1014 caritatis
1222 989 1333 1022 opera
1356 979 1568 1020 exercendo,
1588 979 1698 1014 etiam
1721 979 1764 1014 de

131 1032 188 1068 his
210 1044 304 1077 quae
326 1033 494 1068 manibus
517 1033 675 1077 propriis
699 1037 734 1068 et
757 1033 972 1069 mendicatis
997 1033 1191 1077 acquirunt
1218 1033 1404 1078 suffragiis
1428 1035 1553 1078 egenis
1582 1035 1766 1079 erogando

131 1088 296 1124 viuentes
311 1089 350 1124 in
367 1089 563 1132 communi,
589 1090 749 1133 adeoque
774 1089 909 1124 Christi
933 1089 1056 1124 fideles
1079 1089 1203 1133 populi
1227 1089 1302 1124 zelo
1325 1088 1555 1131 sinceritatis,
1574 1088 1708 1124 favoris
1731 1091 1765 1123 et

132 1143 338 1179 dilectionis
350 1144 446 1188 ipsos
459 1144 658 1188 plurimum
672 1144 974 1188 complectuntur.
990 1144 1042 1179 De
1054 1143 1186 1187 quibus
1197 1144 1365 1179 omnibus
1378 1148 1588 1179 curatorum
1603 1154 1764 1184 suorum,

132 1198 369 1242 plebanorum
386 1202 421 1234 et
443 1199 723 1243 magistratuum
748 1198 1030 1242 praesidentium
1047 1203 1081 1233 et
1098 1198 1303 1243 regentium
1320 1198 1511 1234 ciuitatum
1529 1202 1564 1233 et
1586 1199 1761 1238 locorum,

132 1252 197 1287 ubi
213 1253 280 1297 ipsi
297 1258 581 1295 commorantur,
600 1253 797 1288 nonnullae
813 1253 1071 1288 testimoniales
1092 1253 1236 1288 litterae
1252 1252 1478 1288 auctenticae
1501 1263 1623 1288 coram
1648 1253 1761 1288 bonae

132 1307 329 1343 memoriae
344 1309 484 1352 Angelo
499 1308 598 1343 tituli
621 1321 665 1343 ss.
687 1307 788 1343 Petri
810 1312 846 1343 et
869 1308 1035 1342 Marcelli
1053 1308 1265 1351 presbytero
1284 1307 1462 1342 cardinali
1485 1307 1605 1342 iudice
1621 1311 1656 1342 et
1671 1318 1764 1342 com-

132 1362 298 1398 missario
312 1362 528 1398 auctoritate
551 1364 645 1397 sacri
670 1362 955 1397 Constantiensis
979 1362 1128 1396 concilii
1148 1362 1332 1406 generalis
1355 1362 1561 1405 specialiter
1583 1362 1767 1406 deputato,

133 1419 173 1454 in
195 1423 294 1455 certa
317 1431 425 1454 causa
452 1419 491 1454 in
514 1419 798 1454 contradictorio
826 1418 961 1452 iudicio
985 1418 1125 1453 intenta
1151 1418 1360 1462 productae,
1389 1417 1532 1453 nemine
1553 1421 1766 1462 opponente,

134 1474 287 1510 seruatis
302 1474 491 1509 seruandis
513 1475 723 1518 recognitae
747 1478 782 1508 et
805 1477 1070 1517 transsumptae
1096 1477 1321 1517 reputentur,
1341 1477 1449 1517 prout
1471 1474 1510 1508 in
1538 1473 1626 1508 dicti
1651 1473 1766 1508 cardi-

134 1531 228 1566 nalis
243 1530 481 1565 commissarii
512 1530 621 1565 etiam
639 1529 834 1564 autenticis
860 1529 992 1564 litteris
1016 1534 1244 1573 transumpta
1268 1529 1476 1563 huiusmodi
1501 1529 1768 1564 continentibus

135 1586 258 1632 sigillo
274 1586 426 1620 munitis
441 1586 585 1629 plenius
601 1585 824 1620 continetur.

178 1641 438 1676 Verumtamen
454 1641 549 1676 idem
565 1652 752 1685 pauperes,
770 1644 811 1675 ut
835 1640 906 1675 fide
921 1640 1033 1684 digna
1056 1640 1233 1675 relatione
1257 1641 1496 1684 percepimus,
1514 1652 1535 1675 a
1552 1640 1768 1684 quibusdam

134 1696 339 1732 haereticae
351 1695 540 1740 pravitatis
563 1694 840 1738 inquisitoribus
856 1706 898 1730 ac
915 1695 1080 1737 diuersis,
1100 1695 1257 1730 maxime
1281 1695 1463 1740 religiosis
1479 1696 1648 1731 ordinum
1671 1706 1768 1730 men-

135 1751 337 1786 dicantium
353 1762 395 1786 ac
411 1751 492 1785 aliis
517 1761 643 1785 eorum
661 1750 813 1785 aemulis
831 1750 870 1784 in
895 1750 1055 1794 ipsorum
1081 1751 1174 1785 bono
1195 1751 1379 1795 proposito
1403 1750 1563 1786 indebite
1579 1755 1614 1786 et
1635 1751 1768 1786 iniuste

135 1805 386 1848 inquietantur
402 1809 438 1840 et
452 1806 713 1849 perturbantur
730 1816 774 1839 ac
794 1808 986 1848 praetextu
1002 1804 1283 1848 praemissorum
1302 1805 1456 1849 captatis
1472 1805 1600 1840 exinde
1623 1806 1767 1849 quibus-

137 1861 220 1895 dam
237 1860 487 1896 occasionibus
503 1863 538 1894 et
554 1859 649 1894 fictis
665 1858 847 1894 coloribus
872 1858 923 1893 eis
947 1858 1092 1894 diuersa
1114 1858 1332 1903 grauamina
1356 1859 1565 1894 inferuntur
1581 1860 1717 1904 pariter
1734 1865 1769 1895 et

137 1916 300 1952 iacturae
314 1916 352 1951 in
365 1916 570 1950 animarum
585 1914 855 1949 molestantium
869 1914 1071 1958 periculum
1085 1918 1120 1949 et
1137 1925 1336 1958 pauperum
1351 1914 1557 1949 huiusmodi
1574 1915 1768 1950 laesionem

139 1975 174 2007 et
188 1973 409 2007 scandalum.
430 1970 551 2012 Quare
574 1982 639 2015 pro
663 1977 765 2015 parte
781 1970 963 2005 dictorum
979 1970 1134 2005 fratrum
1151 1981 1351 2014 pauperum
1369 1970 1472 2005 nobis
1488 1970 1558 2005 fuit
1580 1970 1770 2006 humiliter

133 2027 392 2071 supplicatum,
409 2029 450 2061 ut
466 2038 591 2061 eorum
607 2027 730 2070 quieto
746 2025 857 2060 statui
875 2029 910 2060 et
932 2025 1164 2060 indemnitati
1188 2025 1227 2060 in
1242 2026 1449 2069 praemissis
1471 2028 1622 2069 paterno
1637 2025 1767 2061 affeetu

137 2081 329 2125 prouidere
344 2081 389 2116 de
404 2081 628 2125 benignitate
644 2079 846 2124 apostolica
861 2080 1108 2124 dignaremur.

182 2135 256 2170 Nos
271 2136 404 2179 itaque,
421 2136 484 2179 qui
501 2139 717 2170 cunctorum
735 2134 897 2168 fidelium
913 2137 949 2170 et
964 2134 1177 2178 praesertim
1202 2134 1357 2169 Domino
1372 2134 1496 2169 sedulo
1512 2134 1766 2170 famulantium

137 2190 442 2234 tranquillitatem
459 2190 683 2231 affectamus,
706 2189 931 2224 attendentes
947 2199 1093 2232 quoque
1109 2189 1203 2232 quod
1228 2193 1349 2224 nostra
1366 2189 1515 2224 interest
1536 2201 1644 2233 super
1667 2201 1765 2234 prae-

137 2245 256 2280 missis
278 2249 480 2289 opportune
505 2245 700 2289 prouiderc
724 2249 764 2278 ut
789 2255 964 2288 pauperes
987 2243 1164 2286 praedicti
1190 2243 1259 2278 viri
1284 2247 1320 2278 et
1349 2245 1519 2279 mulieres
1549 2255 1708 2279 seorsum
1733 2249 1768 2279 et

137 2299 336 2335 distinctim
357 2302 434 2334 sine
458 2303 584 2334 mutua
602 2299 878 2334 conuersatione
896 2298 1020 2333 viuere
1037 2302 1072 2333 et
1087 2298 1253 2333 habitare
1270 2309 1312 2333 ac
1328 2303 1455 2340 vestes,
1472 2303 1580 2342 prout
1595 2298 1769 2334 hactenus

137 2359 416 2396 consueuerunt,
433 2360 585 2399 gestare,
602 2365 710 2397 opera
727 2354 889 2395 praefata
905 2365 1072 2389 exercere
1089 2365 1228 2389 necnon
1245 2355 1380 2389 victum
1399 2359 1432 2389 et
1449 2355 1620 2389 amictum
1645 2354 1767 2389 huius-

138 2410 248 2452 modi,
273 2414 314 2445 ut
342 2411 557 2454 praefertur,
583 2409 770 2451 acquirere
801 2409 915 2444 libere
941 2412 977 2443 et
1002 2409 1102 2444 licite
1128 2409 1266 2452 possint
1295 2413 1329 2443 et
1364 2410 1518 2450 valeant,
1552 2409 1767 2444 auctoritate

138 2466 263 2501 eadem
289 2465 485 2509 apostolica
512 2469 637 2499 tenore
660 2463 904 2507 praesentium
929 2463 1160 2507 indulgemus
1184 2463 1270 2507 ipsis
1297 2464 1484 2507 utriusque
1507 2476 1613 2499 sexus
1635 2476 1680 2499 ne
1704 2476 1767 2508 per

138 2521 304 2566 quemuis
319 2532 426 2565 super
443 2519 647 2564 praemissis
663 2519 847 2554 molestari
872 2523 1006 2562 queant
1029 2519 1085 2554 vel
1109 2519 1252 2554 turbari
1268 2531 1351 2554 cum
1367 2520 1532 2554 omnibus
1557 2524 1591 2554 et
1613 2519 1768 2564 singulis

139 2587 265 2611 eorum
281 2575 459 2617 domibus,
481 2574 774 2619 possessionibus,
800 2574 900 2616 locis,
926 2575 1033 2609 rebus
1057 2577 1092 2608 et
1115 2573 1230 2615 bonis,
1256 2585 1348 2617 quae
1372 2586 1468 2610 nunc
1491 2574 1655 2610 obtinent
1671 2578 1706 2610 et
1729 2575 1767 2610 in

139 2631 315 2674 futurum,
333 2634 538 2675 praestante
555 2629 720 2671 Domino,
739 2629 832 2664 iuste
849 2630 1032 2673 potuerint
1049 2629 1212 2673 adipisci,
1230 2630 1274 2663 ab
1287 2629 1542 2673 inquisitorum
1559 2634 1594 2665 et
1611 2631 1764 2665 fratrum

139 2686 406 2730 praedictorum
421 2698 463 2721 ac
473 2687 627 2720 aliorum
641 2695 940 2728 quorumcunque
953 2684 1114 2719 cuiusuis
1126 2688 1239 2720 status
1252 2686 1307 2720 vel
1323 2686 1637 2729 praeeminentiae,
1651 2685 1766 2728 inqui-

139 2741 283 2784 sitione,
307 2741 570 2782 iurisdictione,
597 2744 772 2785 potestate
788 2743 823 2775 et
845 2740 1112 2784 superioritate,
1131 2740 1255 2775 eadem
1279 2743 1494 2776 auctoritate
1518 2740 1647 2775 harum
1672 2740 1765 2775 serie

140 2801 310 2841 perpetue
333 2798 530 2833 eximentes
554 2797 696 2840 penitus
720 2800 755 2832 et
778 2797 990 2840 liberantes3
1016 2795 1067 2830 ita
1090 2795 1183 2839 quod
1214 2796 1281 2840 ipsi
1309 2796 1551 2839 inquisitores,
1578 2797 1707 2830 fratres
1731 2800 1766 2830 et

139 2852 261 2895 quiuis
278 2852 340 2888 alii
359 2853 495 2888 nullam
513 2851 771 2895 inquisitionis,
787 2851 1016 2893 visitationis,
1037 2849 1307 2893 iurisdictionis,
1326 2851 1590 2895 superioritatis
1615 2854 1764 2894 potcsta-

139 2910 213 2942 tem
228 2907 286 2943 vel
298 2907 456 2944 officium
474 2908 511 2942 in
529 2906 670 2942 eosdem
687 2918 883 2951 eorumque
898 2909 1021 2943 domos
1038 2906 1181 2941 valeant
1198 2917 1364 2942 exercerc
1381 2919 1445 2943 nec
1462 2908 1502 2943 in
1518 2907 1612 2951 ipsos
1629 2918 1766 2943 excom-

1528 2989 1567 3021 21
