2097 3466
380 255 440 287 ‘244
1026 253 1157 288 ANNO
1183 266 1213 288 c.
1242 255 1340 289 1380

377 344 525 380 timidae
542 344 709 382 mulieres
726 346 827 391 quasi
845 357 916 382 non
933 345 1102 381 audentes
1119 345 1157 380 in
1173 345 1322 381 veritate
1339 346 1537 390 persistere,
1555 346 1641 382 item
1656 350 1692 383 et
1715 345 1996 383 scandalisarent

377 411 498 434 omnes
525 400 646 435 bonos.
675 401 768 436 Mihi
796 401 938 436 videtur
965 399 1060 444 quod
1085 399 1203 444 potius
1229 400 1359 435 debent
1385 400 1506 436 omnia
1535 402 1631 436 mala
1657 401 1731 446 pati
1763 413 1870 446 quam
1894 401 1946 437 sic
1971 413 1995 436 a

375 454 526 490 veritate
552 455 718 491 recedere
745 457 802 492 vel
829 456 1016 491 veritatem
1039 453 1225 499 jiidicibus
1248 455 1450 490 odientibus
1473 456 1660 492 veritatem
1685 457 1919 499 committere,
1936 455 1995 492 vel

376 520 484 552 quam
500 509 551 544 sic
573 510 814 546 scandalisent
841 510 1032 555 proximos,
1048 510 1104 544 vel
1129 521 1236 554 quam
1260 510 1332 545 tale
1347 511 1555 546 scandalum
1578 511 1617 546 in
1638 513 1713 547 tota
1735 515 1831 547 terra
1846 513 1992 556 ponant.

377 565 532 601 Omnino
548 569 601 601 est
623 566 697 602 Deo
720 566 929 612 gloriosum,
945 566 1016 600 imo
1035 565 1264 610 triumphale,
1283 566 1378 610 quod
1401 566 1508 601 habet
1531 565 1591 610 qui
1616 578 1680 610 pro
1695 578 1732 601 se
1755 568 1848 602 stent
1870 567 1996 602 contra

375 621 550 663 scabinos,
565 625 689 657 contra
703 621 880 666 praesides
893 624 928 656 et
944 621 1044 662 alios,
1063 624 1098 656 et
1115 621 1204 655 tales
1217 620 1277 665 qui
1295 621 1333 655 in
1346 623 1505 665 tempore
1520 621 1726 656 tentationis
1738 633 1810 656 non
1824 620 1996 657 recedunt

374 688 395 711 a
412 677 572 713 veritate.
591 678 702 714 Instet
718 678 918 723 periculum
937 677 1057 712 damni
1080 677 1299 713 exteriorum
1317 678 1505 719 bonorum,
1523 677 1706 721 patiantur
1721 674 1992 720 aequanimiter.

376 730 436 765 Sic
452 732 614 767 fecerunt
630 733 744 768 sancti
759 745 767 776 ;
787 732 951 777 probatio
969 731 1169 767 necessaria
1184 735 1237 767 est
1261 731 1335 775 eis3
1361 731 1433 766 imo
1456 731 1536 766 ideo
1552 730 1668 776 magis
1684 731 1891 774 probantur,
1909 728 1996 774 quia

375 786 456 822 aliis
483 787 649 823 fortiores
672 791 756 824 sunt
781 792 817 824 et
841 787 1000 832 praemia
1023 789 1162 832 majora
1188 786 1374 831 recipient.
1393 787 1474 822 Non
1496 789 1579 821 sunt
1602 785 1801 830 condignae
1815 783 1995 830 passiones

374 842 482 886 hujus
498 842 608 877 seculi
631 843 677 878 ad
701 844 861 878 futuram
878 842 1044 887 gloriam.
1065 841 1147 877 Pati
1176 842 1244 876 hoc
1268 844 1558 877 momentaneum
1581 844 1616 876 et
1637 840 1838 883 minimum,
1856 839 1994 884 pondus

374 896 513 942 gloriae
536 897 733 933 maximum
760 898 798 933 in
826 898 927 933 nobis
956 900 1137 941 operatur.
1162 897 1348 932 Vilescunt
1374 899 1517 932 terrena
1543 895 1715 940 pericula,
1740 895 1770 930 si
1793 895 1994 930 considera·

371 952 529 987 verimus
562 952 721 996 praemia
752 952 931 987 coelestia.
963 952 1191 987 Gaudeamus
1221 951 1316 995 quod
1347 962 1410 986 nos
1440 951 1574 986 mundo
1604 949 1802 994 aequaliter
1830 949 1994 985 crucifixi

371 1018 494 1040 sumus
517 1018 579 1041 seu
603 1007 688 1050 quia
711 1007 886 1042 mundum
904 1005 1164 1050 crucifigimus.
1185 1005 1280 1046 Quid
1303 1005 1461 1040 mirum?
1485 1006 1531 1040 Et
1551 1016 1723 1049 magmun
1746 1004 1919 1049 gaudium
1941 1007 1994 1040 est

371 1064 405 1095 ct
436 1071 637 1105 congruum
669 1061 808 1105 gloriae
841 1066 982 1096 nostrae
1013 1063 1075 1102 est,
1107 1060 1202 1103 quod
1233 1063 1268 1094 et
1297 1060 1452 1094 mundus
1482 1071 1543 1094 vos
1575 1058 1768 1103 crucifigit.
1801 1058 1992 1094 Patiantur

371 1118 513 1150 nostrae
529 1115 680 1150 dilectae
706 1116 874 1151 mulieres
901 1119 936 1151 et
965 1115 1126 1150 Andreas
1153 1117 1189 1150 et
1212 1114 1394 1150 Hubertus
1423 1115 1518 1159 quod
1544 1113 1766 1150 dilectissimi
1791 1116 1828 1149 et
1848 1113 1991 1158 propin-

373 1169 534 1213 quissimi
566 1169 719 1205 Domino
753 1171 826 1214 pati
858 1172 1130 1205 consueverunt.
1165 1170 1245 1204 Non
1281 1169 1431 1204 timeant
1461 1179 1632 1213 pugnam,
1664 1169 1725 1204 sed
1754 1168 1918 1204 nitantur
1947 1167 1993 1203 ad

373 1235 553 1265 coronam,
572 1223 657 1267 quia
684 1235 788 1259 nemo
816 1224 1011 1259 secundum
1035 1223 1234 1267 apostolum
1259 1222 1490 1257 coronabitur
1513 1221 1583 1256 nisi
1607 1221 1668 1266 qui
1695 1221 1857 1267 legitime
1879 1224 1991 1257 certa-

370 1279 474 1314 verit.
495 1280 610 1314 Causa
634 1283 752 1315 vestra
778 1283 831 1315 est
858 1279 1031 1323 legitima,
1059 1282 1111 1313 est
1138 1279 1264 1322 procul
1287 1278 1396 1313 dubio
1420 1280 1554 1313 sancta.
1573 1277 1722 1313 Utinam
1746 1275 1786 1311 in
1811 1287 1854 1311 ea
1879 1275 1993 1320 aliqui

370 1338 531 1369 nostrum
548 1335 605 1369 vel
627 1334 769 1378 aliquae
795 1334 1073 1369 coronaremur!
1094 1333 1235 1377 Stipula
1251 1336 1314 1374 est,
1335 1333 1396 1368 sed
1419 1333 1522 1368 valde
1539 1333 1737 1368 clamorosa
1751 1334 1788 1368 et
1809 1334 1990 1368 contume-

370 1388 470 1430 liosa,
489 1389 624 1424 habens
647 1389 761 1423 latera
779 1388 957 1432 aquilonis
980 1387 1093 1432 ipsam
1118 1387 1318 1429 fulcienda,
1337 1399 1402 1422 suo
1425 1390 1584 1431 tempore
1599 1387 1806 1423 ventilanda
1826 1387 1871 1422 ab
1893 1397 1990 1422 area.

372 1442 507 1478 Dicatis
525 1444 563 1478 C.
579 1444 674 1487 quod
690 1443 790 1478 nullo
807 1443 912 1478 modo
929 1446 1073 1478 maneat
1089 1442 1127 1477 in
1143 1441 1310 1484 scabinis,
1323 1453 1535 1486 quacunque
1547 1442 1732 1478 coactione
1743 1453 1816 1477 non
1830 1442 1992 1478 obstante

371 1501 434 1533 aut
456 1499 587 1533 damno
611 1509 836 1542 quocunque.
861 1498 1025 1532 Sufficiat
1047 1497 1080 1532 ei
1103 1497 1163 1532 via
1180 1497 1344 1542 justitiae
1366 1500 1411 1539 et,
1438 1497 1545 1532 salvis
1568 1497 1747 1532 salvandis
1771 1508 1862 1542 quae
1883 1497 1992 1540 fidem

368 1556 524 1598 tangunt
551 1557 586 1588 et
613 1556 787 1597 quantum
814 1552 858 1586 de
883 1553 967 1594 jure
995 1550 1140 1585 deberet
1166 1553 1201 1585 et
1228 1552 1422 1592 teneretur,
1452 1552 1546 1585 stare
1571 1549 1760 1585 dictamini
1786 1549 1844 1584 vel
1866 1560 1992 1585 eorum

363 1609 527 1654 judici03
558 1609 646 1644 alias
674 1621 746 1644 non
773 1609 894 1643 staret.
926 1607 1001 1642 Nec
1029 1617 1243 1650 quocunque
1266 1605 1417 1650 imperio
1444 1605 1506 1641 W.
1535 1607 1604 1641 stet
1625 1604 1781 1650 simplici
1803 1603 1991 1641 dictamini

366 1665 607 1701 scabinorum.
625 1665 773 1700 Mallem
798 1665 950 1698 mortem
977 1663 1054 1707 ejus
1077 1662 1326 1706 temporalem.
1346 1662 1471 1697 Valete
1487 1662 1659 1704 valenter,
1677 1660 1763 1706 quia
1784 1663 1924 1707 tempus
1938 1663 1992 1698 est

367 1732 437 1765 quo
456 1722 629 1765 probatur
644 1721 746 1756 valor
762 1717 925 1754 valentis.

713 1796 873 1838 Acquoy,
908 1792 1069 1829 Gerardz·
1095 1792 1228 1837 Maym'
1256 1792 1430 1838 epistolae
1455 1792 1561 1834 XIV,
1579 1792 1646 1827 blz.
1673 1794 1786 1834 49-52,
1803 1794 1878 1828 met
1899 1803 1990 1828 com-

758 1853 933 1885 mentaar.
947 1869 991 1874 —
1017 1848 1216 1884 Wernerus
1244 1849 1457 1894 Keynkamp
1480 1849 1578 1884 werd
1593 1849 1728 1884 weldra
1749 1849 1805 1885 uit
1827 1849 1991 1893 Kampen

759 1916 847 1941 voor
868 1904 942 1940 tien
974 1905 1081 1949 jaren
1104 1904 1193 1938 door
1221 1905 1265 1939 de
1291 1904 1491 1948 schepenen
1513 1904 1702 1948 gebannen
1728 1915 1773 1939 en
1801 1903 1990 1946 smadelijk

758 1959 814 1994 uit
836 1959 879 1993 de
903 1959 980 1992 stad
1002 1959 1167 2002 gejaagd.
1187 1958 1303 2001 (Ibid.‚
1322 1958 1387 1993 blz.
1407 1960 1518 1999 52-57,
1536 1968 1635 1992 waar
1657 1968 1723 1992 een
1745 1957 1877 1993 andere
1898 1957 1995 1993 brief

760 2026 831 2049 van
849 2014 956 2049 Geert
979 2013 1108 2048 Groote
1133 2014 1250 2048 wordt
1276 2013 1540 2057 medegedeeld,
1558 2012 1616 2048 die
1637 2013 1720 2048 deze
1741 2012 1990 2058 ballingschap

759 2072 832 2104 met
855 2069 900 2103 de
922 2067 1012 2103 zaak
1035 2079 1105 2102 van
1127 2069 1280 2103 broeder
1295 2068 1590 2103 Bartholomaeus
1608 2067 1647 2102 in
1661 2067 1820 2103 verband
1836 2068 1986 2112 brengt:

759 2138 774 2152 u
867 2123 927 2157 Sic
942 2126 1058 2158 vester
1075 2123 1288 2164 Wernerus,
1312 2122 1385 2158 imo
1409 2125 1444 2158 et
1466 2125 1597 2164 noster,
1615 2133 1680 2166 pro
1702 2121 1905 2158 indubitata
1919 2122 1989 2158 fide

759 2182 885 2213 contra
909 2177 1137 2221 insipientem
1159 2177 1376 2212 monachum
1400 2179 1435 2212 et
1457 2179 1583 2212 contra
1602 2188 1702 2212 mare
1721 2177 1906 2212 turbatum
1921 2179 1988 2212 ste-

760 2233 845 2268 tit...
873 2233 1050 2276 Expulsus
1073 2232 1205 2267 etenim
1221 2232 1421 2268 Wernerus
1448 2243 1470 2266 a
1496 2231 1649 2275 quadam
1676 2231 1763 2266 villa
1788 2231 1929 2266 marina
1943 2233 1988 2274 (1)

760 2289 804 2322 ab
828 2287 912 2328 illis,
931 2288 991 2331 qui
1015 2287 1141 2322 dicunt
1164 2299 1246 2322 cum
1269 2287 1444 2331 perversis
1468 2286 1672 2331 Sapientiae
1695 2286 1746 2322 110
1769 2286 1906 2330 capite:
1931 2286 1987 2322 Sit

758 2341 931 2377 fortitudo
949 2344 1070 2376 nostra
1092 2342 1149 2377 lex
1166 2341 1369 2386 justitiae...
1388 2343 1470 2377 Non
1495 2341 1590 2376 enim
1613 2343 1758 2386 propter
1780 2341 1928 2384 crimen,
1945 2344 1987 2376 ut

757 2397 962 2441 degeneres,
981 2407 1054 2430 non
1076 2399 1222 2440 propter
1237 2397 1406 2440 pecunias
1421 2396 1479 2431 vel
1501 2395 1634 2431 similes
1656 2399 1815 2431 terrenas
1831 2395 1984 2430 occasio-

761 2462 823 2486 nes
839 2454 1047 2495 segregatus
1063 2454 1115 2486 est
1130 2450 1341 2493 WerneruS,
1360 2451 1421 2486 sed
1443 2453 1588 2495 propter
1603 2450 1687 2485 fidei
1709 2452 1745 2486 et
1767 2450 1986 2486 orthodoxae

759 2505 943 2540 doctrinae
971 2505 1207 2540 constantiam
1237 2509 1421 2550 separatus
1450 2508 1503 2541 est
1507 2521 1600 2540 ......
1632 2504 1698 2540 Die
1723 2515 1794 2539 van
1819 2504 1985 2548 Kampen

758 2559 914 2595 keerden
937 2560 1020 2595 zelfs
1042 2559 1165 2595 hunne
1186 2560 1306 2595 woede
1328 2562 1434 2604 tegen
1451 2559 1558 2595 Geert
1573 2559 1704 2595 Groote
1725 2559 1857 2601 zelven‚
1875 2569 1921 2594 en
1939 2559 1984 2594 de

760 2614 926 2658 bisschop
948 2625 1019 2649 van
1042 2614 1194 2650 Utrecht
1215 2614 1362 2649 onttrok
1383 2614 1466 2649 hem
1493 2614 1537 2650 de
1557 2613 1740 2650 volmacht
1763 2625 1823 2650 om
1848 2612 1888 2649 in
1912 2614 1983 2657 zijn

759 2668 945 2714 geestelijk
961 2668 1090 2714 gebied
1105 2672 1140 2705 te
1155 2669 1339 2713 prediken.
1357 2669 1474 2712 (Ibid.‚
1495 2669 1561 2705 blz.
1579 2670 1647 2712 58.)

407 2860 453 2904 (1)
477 2859 652 2905 Kampen,
671 2869 740 2896 aan
755 2860 799 2896 de
815 2858 1014 2899 Zuiderzee.
