2097 3466
369 281 430 312 -136
1040 275 1169 309 ANNO
1196 275 1294 309 1472

369 369 490 406 mauit.
520 369 578 402 sed
612 379 679 401 non
710 368 868 401 seruauit
899 366 1190 407 uniuersitatem3
1222 371 1295 402 tota
1326 367 1420 401 enim
1449 367 1649 402 exhortatio
1676 379 1740 402 sua
1768 368 1805 402 in
1836 368 1973 403 duobus

367 422 586 457 sermonibus
602 422 684 460 suis.
700 421 834 456 scilicet
850 421 1029 455 dominica
1050 421 1178 454 Leeare
1195 424 1229 455 et
1253 422 1294 455 In
1312 423 1429 455 ramis
1440 421 1670 465 palmarum.
1686 423 1730 456 ad
1747 423 1814 457 hoc
1830 423 1974 457 tendere

367 477 553 510 videbatur
580 479 617 509 ut
645 475 795 518 populus
821 475 893 508 suis
921 474 1119 508 rectoribus
1149 475 1411 517 parochialibus
1441 474 1594 509 maxime
1621 474 1658 509 iu
1685 480 1829 519 peccato
1856 476 1974 511 carnis

369 531 504 565 notorie
522 529 628 572 lapsis
645 541 714 564 non
731 529 900 568 obediret.
915 529 974 563 sed
991 529 1163 563 aliorsum
1180 529 1398 564 mendicaret
1413 529 1640 573 suffragia...
1658 532 1702 573 (l)

411 584 533 619 Prima
549 584 695 619 assertio
718 584 755 619 in
779 585 893 619 forma
908 584 1024 618 verbis
1041 583 1181 628 gallicis
1198 588 1237 619 ut
1261 584 1464 628 proposuit:
1487 599 1501 612 u
1522 585 1620 620 Pour
1643 583 1822 618 loecasion
1837 595 1906 628 que
1923 585 1974 619 les

366 651 452 684 gens
468 639 611 674 laiffient
627 638 795 674 couchier
818 639 912 673 leurs
928 639 1052 673 enfans
1075 639 1131 673 del
1154 638 1256 682 eaigo
1272 640 1316 674 de
1331 651 1378 680 v.,
1396 640 1439 674 de
1455 639 1517 681 vi„
1537 641 1598 682 vij.
1616 650 1662 674 ou
1684 638 1746 681 viij
1763 650 1838 680 ans,
1854 639 1899 674 de
1913 637 1975 673 dix

365 696 509 730 femmes
524 694 586 738 qui
602 705 638 728 se
655 694 818 735 marient,
837 694 863 728 il
886 705 954 728 nen
971 693 1083 728 marie
1101 704 1162 737 pas
1182 705 1260 734 une,
1280 693 1340 737 qui
1366 705 1410 729 ne
1425 693 1494 729 soit
1510 693 1681 736 ribaude3
1702 708 1718 722 n
1743 691 1813 727 ista
1827 691 1974 727 assertio

365 752 417 785 est
438 749 657 789 scandalosa,
675 748 942 789 contumeliosa,
962 751 1085 783 contra
1109 748 1308 783 doctrinam
1331 751 1536 783 sanctorum
1562 749 1607 783 ab
1630 746 1779 782 ecclesia
1800 747 1973 791 approba-

366 808 484 839 torum
500 806 535 837 et.
552 802 691 846 piarum
708 802 850 837 aurium
868 802 1094 837 offensiua....
1113 804 1158 844 (2)

409 857 573 892 Secunda
588 857 735 892 assertio
758 856 875 891 verbis
897 856 1038 901 gallicis
1062 857 1099 891 in
1123 858 1238 891 forma
1261 860 1334 892 est:
1361 871 1376 884 «ε
1397 856 1624 901 Quiconques
1646 855 1712 891 fait
1734 854 1812 890 dire
1826 865 1938 891 messe
1952 865 1974 890 a

366 924 441 957 ung
458 915 592 957 prestre
615 912 658 947 de
681 904 852 946 maluoise
869 911 925 946 vie
940 923 986 945 ou
1003 911 1155 946 maluois
1178 915 1471 956 gouuernement,
1499 922 1635 946 comme
1650 923 1672 946 a
1686 923 1762 957 ung
1775 911 1839 956 qui
1860 922 1883 946 a
1903 923 1974 947 une

365 968 559 1011 mesquine,
578 967 775 1001 concubine
791 978 836 1001 ou
860 966 1019 1011 ribaude,
1039 966 1065 1000 il
1094 967 1224 1010 pecche
1248 966 1515 1008 mortelement3
1540 969 1575 1001 et
1598 967 1701 1010 celuy
1724 966 1785 1011 qui
1810 966 1875 1002 fait
1895 965 1974 1001 dire

365 1022 487 1057 laditte
503 1033 624 1062 messe,
643 1025 692 1056 est
711 1021 925 1064 participant
940 1032 975 1055 es
994 1021 1114 1055 maulx
1130 1021 1230 1055 dudit
1248 1023 1393 1064 prestre,
1412 1023 1447 1055 et
1468 1021 1502 1055 ie
1518 1021 1565 1064 dy
1588 1032 1653 1064 par
1667 1033 1742 1056 mos
1758 1032 1883 1065 expres
1905 1032 1974 1065 que

363 1078 396 1112 le
419 1077 556 1111 seruice
579 1077 655 1118 quil
678 1076 755 1117 fait,
774 1088 817 1110 ne
844 1080 878 1111 te
899 1077 1040 1120 profitte
1069 1075 1167 1119 point
1191 1088 1235 1110 nc
1259 1087 1329 1110 aux
1352 1087 1448 1110 ames
1464 1088 1556 1120 pour
1580 1077 1765 1121 lesquelles
1787 1079 1825 1112 tu
1850 1077 1884 1112 le
1906 1075 1974 1111 fais

364 1130 441 1165 dire
458 1147 530 1165 m...
549 1132 594 1172 (2)
611 1130 672 1164 Est
692 1130 867 1174 indigeste
883 1130 996 1174 posita
1012 1134 1048 1165 et
1063 1131 1207 1165 confuse
1223 1133 1259 1164 et
1274 1130 1391 1172 quoad
1405 1129 1543 1173 aliquid
1559 1142 1761 1166 erronea....
1780 1132 1824 1174 (2)

409 1187 459 1220 De
475 1190 602 1228 quarto
619 1186 712 1228 quod
728 1185 945 1219 sacrificium
970 1185 1147 1219 malorum
1164 1185 1388 1219 sacerdotum
1405 1196 1476 1219 non
1492 1186 1604 1229 prosit
1626 1186 1772 1222 facienti
1795 1186 1976 1222 celebrare

365 1252 430 1274 nec
447 1240 478 1274 ei
497 1251 561 1283 pro
576 1251 646 1282 quo
663 1240 713 1280 fit,
733 1239 885 1274 assercio
901 1239 980 1279 ista,
999 1243 1039 1273 ut
1054 1239 1157 1279 iacet,
1177 1241 1229 1273 est
1244 1250 1447 1273 erronea...
1467 1241 1511 1281 (2)

410 1295 538 1330 Tercia
553 1295 700 1330 assertio
716 1295 834 1330 verbis
857 1294 996 1338 gallicis
1021 1294 1057 1328 in
1081 1295 1196 1328 forma
1218 1298 1290 1329 est:
1312 1308 1327 1321 κ
1347 1294 1472 1334 Quelle
1489 1294 1686 1330 confession
1701 1295 1766 1330 fait
1788 1306 1835 1330 on
1856 1306 1879 1330 a
1899 1306 1976 1340 ung

364 1354 498 1394 prestre
525 1350 586 1393 qui
615 1353 666 1384 est
692 1349 870 1393 peccheur
893 1352 927 1384 et
955 1349 1014 1393 qui
1043 1349 1279 1384 notoirement
1306 1349 1397 1384 tient
1423 1361 1493 1384 une
1516 1350 1721 1394 mesquine?
1743 1350 1786 1386 Je
1811 1362 1899 1386 vous
1920 1350 1975 1386 dis

363 1417 432 1449 que
458 1405 541 1440 telle
568 1404 766 1438 confession
797 1407 849 1438 est
878 1404 922 1438 de
944 1404 1043 1438 nulle
1070 1404 1206 1438 valeur.
1228 1419 1242 1432 ν’
1272 1403 1344 1438 Ista
1370 1404 1517 1439 assertio
1545 1407 1597 1440 est
1623 1416 1773 1440 erronea
1793 1407 1830 1440 et
1851 1407 1976 1441 contra

363 1460 555 1495 articulum
587 1459 669 1493 fidei
695 1462 898 1493 sanctorum
923 1458 1223 1499 communionem,
1254 1457 1291 1492 id
1319 1460 1371 1493 est
1401 1462 1704 1494 sacramentorum
1735 1459 1837 1495 iuxta
1865 1471 1975 1495 unam

363 1512 630 1556 expositionem,
649 1515 683 1546 et
699 1523 763 1555 per
777 1523 994 1555 consequens
1010 1511 1266 1546 hereticalis....
1285 1512 1330 1553 (2)
1348 1512 1399 1546 Ex
1415 1511 1544 1555 quibus
1558 1515 1706 1555 apparet
1717 1513 1812 1556 quod
1827 1512 1974 1548 assertio

363 1567 427 1601 illa
457 1567 569 1601 tercia
599 1570 651 1602 est
679 1577 829 1601 erronea
857 1569 893 1601 et
922 1565 1125 1601 hereticalis
1155 1577 1197 1600 ac
1224 1566 1267 1600 de
1295 1565 1457 1600 clauibus
1488 1566 1636 1601 ecclesie
1667 1578 1688 1601 a
1716 1567 1857 1603 Christo
1882 1560 1974 1603 datis

363 1621 606 1657 sacerdotibus
622 1621 714 1656 male
730 1621 880 1664 sapiens.

408 1676 488 1711 Alie
503 1676 583 1716 due,
602 1678 729 1719 quarta
744 1675 878 1709 scilicet
895 1677 929 1709 et
944 1674 1080 1717 quinta,
1098 1676 1361 1709 sacramentum
1378 1673 1573 1717 penitentie
1588 1677 1819 1710 concernunt.
1837 1676 1974 1717 Quarta

364 1733 458 1767 enim
475 1730 621 1766 assertio
645 1730 683 1765 in
700 1734 799 1774 parte
815 1741 899 1765 vera
914 1742 988 1765 esse
1004 1733 1117 1773 potest
1140 1733 1175 1764 et
1197 1729 1235 1763 in
1251 1732 1352 1773 parte
1375 1730 1465 1763 falsa
1480 1733 1516 1764 et
1532 1730 1635 1764 valde
1658 1729 1860 1765 temeraria.
1878 1730 1975 1766 Dicit

363 1798 488 1830 nempe
511 1786 571 1820 ille
595 1786 726 1820 frater:
747 1799 762 1812 κ
790 1785 835 1819 Se
858 1785 890 1819 le
914 1787 1049 1828 prestre
1073 1785 1221 1829 chergat
1247 1795 1268 1818 a
1295 1784 1449 1818 aulcune
1477 1795 1635 1827 persone,
1662 1795 1754 1828 pour
1776 1796 1848 1820 non
1869 1785 1974 1820 auoir

362 1842 457 1882 iune,
477 1852 520 1876 en
536 1840 723 1884 penitance
746 1851 816 1875 une
838 1850 949 1874 messe
965 1851 1010 1874 ou
1027 1839 1131 1880 deux,
1150 1850 1218 1881 que
1245 1838 1281 1872 la
1305 1849 1417 1873 messe
1440 1840 1517 1872 nest
1541 1837 1641 1882 point
1663 1839 1867 1875 souffisante
1882 1850 1974 1884 pour

501 1897 512 1930 i
548 1922 560 1931 ,‚
582 1913 653 1931 m...
687 1899 705 1930 2

361 1899 393 1933 1ss
404 1897 718 1994 (giiciiitgtassertibi
739 1965 754 1978 ιι
774 1950 827 1986 Sil
842 1950 1012 1985 aduenoit
1027 1961 1095 1993 que
1110 1950 1243 1984 aulcun
1258 1951 1394 1992 prestre
1410 1948 1578 1993 chergast
1592 1959 1637 1984 en
1653 1948 1841 1993 penitance
1855 1964 1871 1980 „
1887 1951 1969 1992 etc„

360 2008 427 2044 ista
443 2007 590 2042 assertio
605 2009 657 2041 est
672 2005 839 2040 seditiosa
853 2005 990 2049 prelata
1006 2005 1050 2039 ad
1066 2003 1230 2038 laicos...
1251 2005 1295 2046 (2)

707 2081 897 2123 Carlerius,
915 2081 993 2116 deel
1009 2080 1053 2122 ΙΙ,
1072 2078 1331 2123 verhandeling
1350 2081 1402 2114 12.

1111 2225 1230 2271 35¹7.

426 2358 539 2404 Vo'o'r
571 2353 822 2401 November
856 2353 979 2398 1472
1007 2352 1189 2411 (Maart
1219 2352 1313 2409 22),
1352 2350 1510 2408 Rq'jsel.
1543 2351 1664 2394 Brief
1687 2365 1769 2396 van
1804 2351 1886 2395 Jan
1918 2351 1971 2394 de

360 2431 536 2478 Econte,
564 2422 1185 2469 kanunnik-schatbewaarder
1217 2421 1292 2463 der
1315 2418 1355 2463 St
1388 2419 1667 2462 Pieterskerk
1701 2433 1784 2462 van
1818 2420 1967 2477 Rijsel,

356 2512 435 2541 aan
461 2497 542 2539 den
574 2492 930 2550 Kamerijkschen
953 2490 1089 2533 deken
1119 2489 1297 2540 Carlier,
1324 2502 1391 2531 om
1412 2489 1510 2530 hem
1535 2491 1579 2531 te
1600 2501 1764 2544 vragen
1790 2490 1879 2531 wat
1908 2487 1968 2545 hij

356 2567 464 2609 doen
497 2568 609 2607 moet
641 2566 715 2605 ten
747 2561 943 2617 opzichte
978 2573 1062 2602 van
1095 2571 1228 2601 eenen
1265 2557 1626 2608 minderbroeder·‚
1663 2556 1811 2600 doctor
1841 2556 1885 2599 in
1919 2556 1971 2599 de

357 2630 727 2690 godgeleerdheid‚
764 2630 830 2672 die
860 2642 963 2671 over
995 2629 1023 2670 ’t
1056 2627 1177 2670 einde
1210 2626 1287 2668 der
1318 2626 1481 2668 wereld
1512 2626 1556 2667 in
1592 2625 1680 2682 zijn
1706 2625 1897 2668 klooster
1926 2626 1971 2668 te

355 2702 489 2758 Rijsel
527 2698 752 2757 gepredikt
768 2697 885 2740 heeft
904 2711 956 2739 en
978 2696 1053 2738 het
1068 2695 1203 2752 juiste
1219 2695 1332 2752 jaar,
1355 2695 1407 2738 de
1425 2694 1594 2747 maand,
1616 2694 1699 2737 den
1721 2693 1805 2750 dag
1823 2707 1876 2736 en
1895 2693 1971 2738 het

402 2886 446 2926 (1)
470 2884 557 2919 Hier
572 2883 701 2927 volgen
716 2880 868 2926 gewijde
883 2879 1026 2920 citaten,
1050 2889 1123 2913 enz.

405 2940 449 2984 (2)
474 2938 561 2974 Hier
576 2938 705 2982 volgen
720 2935 956 2980 godgeleerde
972 2933 1240 2978 uitweidingen,
