2097 3466
295 249 361 288 204
970 246 1101 284 ANNO
1128 249 1226 296 1353

1045 370 1167 414 205.

358 486 494 537 1353,
522 486 656 542 April
676 486 751 536 23,
780 486 1016 545 (Ucrecht).
1045 487 1283 531 Uittreksel
1315 486 1380 530 uit
1410 486 1461 530 de
1488 487 1692 544 synodale
1713 489 1906 532 statuten

295 568 379 597 van
401 555 482 597 Jan
506 568 589 597 van
614 554 764 605 Arkel,
790 554 987 612 bisschop
1020 570 1102 599 van
1130 555 1327 607 Utrecht,
1355 569 1458 598 over
1480 556 1553 598 het
1575 554 1908 600 onderdrukken

296 623 372 665 der
394 622 583 680 ketterij.
611 647 668 653 —
690 624 748 666 De
771 623 967 680 bisschop
991 623 1158 668 beveelt
1179 639 1231 680 op
1267 623 1381 668 straf
1398 638 1481 666 van
1517 625 1709 680 eeuwige
1731 625 1907 676 verdoe-

295 692 430 734 menis
453 705 534 734 aan
557 691 608 734 de
629 691 791 735 dekens
814 706 864 734 en
889 691 1073 736 hoofden
1097 694 1234 750 zijner
1255 692 1597 749 geestelijkheid,
1624 692 1698 735 dat
1719 693 1771 750 zij
1796 693 1840 736 in
1856 693 1909 737 de

296 759 625 803 eerstkomende
647 761 809 816 synode
831 761 881 803 de
907 762 1182 804 overtreders
1204 761 1279 804 der
1300 759 1539 817 kerkelijke
1561 763 1740 812 wetten,
1767 774 1908 805 waar-

295 828 429 870 onder
451 828 501 870 de
520 828 701 877 ketters,
722 828 779 886 bij
808 829 889 872 den
908 829 1103 886 bisschop
1129 830 1237 874 ofin
1261 829 1371 886 zijne
1394 828 1674 884 afwezigheid
1691 828 1746 886 bij
1765 830 1908 887 zijnen

294 896 611 939 Utrechtschen
651 896 830 940 officiaal
868 898 1126 955 schriftelijk
1164 912 1217 941 en
1251 897 1493 952 omstandig
1526 900 1694 940 moeten
1731 897 1909 953 aankla-

294 978 395 1020 gen,
421 978 472 1020 op
495 965 609 1008 straf
624 979 708 1009 van
731 967 924 1023 eeuwige
946 967 1242 1022 vervloeking.

339 1078 604 1122 praecipientes
630 1079 775 1123 insuper
801 1081 1056 1124 provisoribus,
1075 1080 1218 1115 decanis
1243 1082 1278 1115 et
1300 1080 1498 1115 rectoribus
1520 1077 1751 1115 ecclesiarum
1767 1081 1909 1115 nostrae

294 1132 466 1167 dioecesis
493 1134 718 1177 supradictis,
744 1135 809 1169 sub
839 1135 1065 1170 intimatione
1092 1135 1352 1170 maledictionis
1378 1138 1555 1176 aeternae,
1581 1138 1621 1170 ut
1642 1135 1681 1170 in
1703 1135 1908 1180 hujusmodi

294 1192 414 1223 nostra
437 1190 571 1232 synodo
595 1190 756 1233 proxime
780 1193 941 1231 ventura,
960 1189 1157 1224 haereticos
1185 1217 1298 1224 .....
1329 1190 1441 1232 nobis,
1468 1190 1497 1224 si
1526 1193 1726 1234 praesentes
1748 1189 1787 1225 in
1812 1190 1909 1226 diota

292 1243 426 1285 synodo
440 1244 624 1283 fuerimus,
643 1243 804 1287 alioquin
819 1243 992 1278 officiario
1010 1247 1130 1278 nostro
1149 1244 1369 1288 Trajectensi
1385 1244 1580 1289 inscriptis
1595 1244 1863 1289 particulariter
1872 1248 1909 1282 et

293 1296 457 1340 specifice
473 1298 690 1333 denunciare
708 1310 778 1333 non
794 1298 987 1333 dimittant.

337 1351 467 1386 Datum
484 1363 578 1386 anno
594 1352 737 1386 Domini
754 1352 981 1392 MCCCLIII,
999 1363 1057 1386 xx.
1076 1351 1188 1387 tercio
1203 1352 1261 1387 die
1273 1353 1418 1396 Aprilis.

635 1440 703 1463 van
723 1429 881 1464 Heussen
905 1440 949 1463 en
972 1439 1042 1463 van
1067 1429 1164 1472 RiJ'n,
1196 1430 1354 1464 Batai-ia
1377 1430 1501 1471 Sacra,
1525 1431 1603 1466 deel
1626 1431 1654 1473 Ι,
1683 1432 1746 1466 blz.
1773 1434 1847 1467 194.
1864 1450 1908 1459 -

678 1484 739 1519 Zie
755 1484 855 1525 Moll,
877 1483 1242 1528 Kerhqesclzz‘edenis,
1260 1485 1337 1520 deel
1353 1485 1398 1526 II,
1417 1487 1453 1520 3e
1469 1486 1563 1528 stuk,
1582 1487 1647 1521 blz.
1670 1489 1743 1523 110.

1037 1610 1162 1656 206.

355 1736 491 1786 1353,
518 1735 615 1779 Julz‘
634 1737 706 1786 15,
727 1728 1326 1794 'Villeneuve—lez-sz‘ynon.
1353 1738 1433 1781 Bul
1454 1751 1539 1781 van
1561 1750 1667 1793 paus
1697 1737 1905 1785 Innocen-

292 1806 379 1849 tius
403 1806 461 1848 VI
483 1804 652 1860 gerieht
673 1807 740 1848 tot
761 1805 812 1847 de
834 1804 1117 1862 bisschoppen
1150 1820 1203 1849 en
1247 1806 1649 1862 aartsbisschoppen
1670 1805 1817 1849 alsook
1839 1807 1906 1851 tot

291 1873 331 1917 al
356 1873 406 1916 de
430 1876 603 1916 vorsten
628 1887 680 1915 en
705 1873 956 1929 regeerders
978 1874 1021 1917 in
1045 1874 1095 1916 de
1124 1875 1326 1918 Duitsche
1359 1875 1529 1925 landen,
1556 1874 1807 1930 aangaande
1830 1874 1906 1919 het

293 1942 528 1997 vervolgen
551 1942 626 1984 der
647 1941 895 1985 kettersche
912 1943 1165 1999 Beggarden
1184 1943 1289 1986 door
1305 1943 1386 1986 den
1413 1943 1668 1998 inquisiteur
1691 1942 1906 1986 Schande-

292 2011 400 2060 lant,
443 2010 713 2066 predikheer.
755 2036 811 2043 —
843 2012 902 2054 De
934 2025 1039 2067 paus
1071 2015 1170 2067 zegt
1201 2011 1390 2068 gehoord
1428 2015 1472 2054 te
1511 2010 1695 2064 hebben,
1721 2010 1795 2055 dat
1837 2011 1905 2055 die

295 2079 468 2135 ketterij
493 2079 535 2121 in
571 2079 718 2121 hunne
755 2082 976 2135 gewesten
1014 2080 1154 2123 woedt
1190 2094 1243 2123 en
1265 2079 1436 2123 beveelt
1460 2081 1550 2123 hun
1574 2080 1901 2138 uitdrukkelijk,

293 2147 367 2190 dat
389 2148 441 2205 zij
474 2147 615 2204 zijnen
637 2148 954 2203 apostolischen
986 2149 1240 2204 inquisiteur
1274 2150 1356 2192 Jan
1394 2148 1699 2201 Schandelant,
1736 2148 1906 2204 predik-

292 2215 412 2267 heer,
438 2216 501 2259 uit
533 2215 575 2258 al
614 2215 760 2258 hunne
796 2216 941 2260 macht
975 2217 1138 2261 zouden
1171 2216 1357 2275 bijStaan
1390 2231 1444 2260 en
1481 2218 1627 2260 hunne
1649 2217 1830 2260 kerkers
1860 2219 1906 2259 te

295 2284 430 2340 zijner
467 2283 751 2340 beschikking
793 2285 964 2336 stellen,
1005 2286 1147 2329 totdat
1182 2286 1233 2328 de
1273 2286 1497 2341 Inquisitie
1533 2286 1576 2328 in
1613 2285 1664 2329 de
1703 2285 1906 2337 Duitsche

295 2352 452 2395 landen
475 2353 518 2395 in
536 2353 611 2396 het
633 2351 745 2396 bezit
766 2367 849 2396 van
873 2354 1022 2410 eigene
1044 2354 1226 2399 kerkers
1248 2355 1459 2411 gekomen
1477 2355 1545 2412 zij.

340 2472 569 2508 Innocentius
592 2475 789 2518 episcopus,
808 2486 929 2509 servus
952 2486 1135 2510 servorum
1158 2475 1234 2516 Dei,
1252 2475 1514 2510 venerabilibus
1537 2474 1708 2510 fratribus
1730 2474 1906 2510 universis

298 2527 575 2571 archiepiscopis
590 2532 625 2563 et
647 2528 820 2572 episcopis
844 2541 886 2563 ac
908 2529 1046 2565 dilectis
1073 2530 1156 2564 filiis
1179 2529 1412 2573 principibus,
1437 2529 1599 2571 ducibus,
1624 2530 1903 2573 marchionibus,

298 2582 498 2623 comitibus,
518 2583 703 2618 civitatum
728 2596 770 2618 ac
792 2585 952 2619 locorum
975 2584 1128 2619 dominis
1150 2588 1186 2619 et
1208 2584 1504 2620 communitatum
1519 2584 1717 2620 rectoribus
1739 2596 1803 2629 per
1824 2586 1904 2621 Ale-

298 2637 479 2670 manniam
498 2638 709 2680 constitutis,
727 2639 877 2674 salutem
893 2643 929 2674 et
943 2639 1173 2683 apostolicam
1190 2639 1483 2675 benedictionem.

338 2690 504 2733 Injuncto
528 2691 629 2726 nobis
653 2692 750 2727 circa
772 2704 918 2738 gregem
938 2693 1164 2728 Dominicum
1188 2705 1231 2728 ex
1258 2693 1375 2728 officio
1391 2693 1559 2738 pastorali
1583 2694 1732 2729 solerter
1753 2693 1905 2739 vigilare

298 2755 361 2778 nos
385 2745 560 2785 convenit,
588 2758 631 2780 ne
658 2747 784 2791 lupina
813 2748 929 2783 rabies
959 2748 1159 2783 haereticae
1189 2748 1375 2791 pravitatis
1401 2749 1466 2782 sub
1493 2748 1599 2783 ovino
1625 2749 1756 2784 vellere
1782 2752 1905 2793 sponte

295 2798 440 2833 latitans
464 2803 593 2835 mactet
620 2802 814 2837 crudeliter
839 2805 874 2837 et
900 2802 1079 2846 disperdat
1106 2804 1200 2846 quod
1224 2803 1306 2838 fidei
1329 2802 1488 2852 vivificat
1513 2805 1798 2846 sacramentum3
1822 2814 1905 2838 cum

295 2854 428 2897 itaque,
446 2855 538 2889 sicut
560 2856 773 2900 accepimus,
791 2857 996 2902 hujusmodi
1020 2857 1187 2901 pestifera
1208 2858 1326 2892 rabies
1341 2857 1544 2903 specialiter
1564 2856 1721 2899 illorum,
1739 2857 1801 2901 qui
1817 2858 1903 2893 Bee-

292 2908 397 2962 hardi
428 2914 612 2951 vocantur,
638 2910 676 2945 in
703 2911 936 2946 Alemanniae
962 2912 1136 2955 partibus,
1162 2915 1377 2956 procurante
1403 2910 1553 2946 humani
1575 2911 1718 2964 generis
1743 2911 1902 2959 inimico,
