2097 3466
314 260 375 294 250
994 259 1126 294 ANNO
1155 261 1252 295 1395

314 351 358 385 de
386 351 524 385 indulto
552 350 758 386 huiusmodi
780 352 1022 394 montionem,
1044 362 1108 395 per
1123 351 1192 386 hoc
1209 354 1330 387 tamen
1347 363 1419 387 non
1443 351 1666 387 intendimus
1688 351 1778 387 alias
1800 353 1935 388 statum

314 406 492 439 dictarum
512 416 745 448 personarum
763 407 991 450 aliquatenus
1007 407 1223 450 approbare.

358 461 490 495 Datum
523 460 659 496 Romae
691 462 785 506 apud
816 465 981 497 sanctum
1010 462 1172 504 Petrum,
1201 462 1353 506 septimo
1384 462 1465 497 idus
1494 462 1676 506 Januarii,
1705 460 1935 508 pontificatus

316 516 428 551 nostri
445 527 539 550 anno
553 514 697 558 quinto.

659 593 850 635 Mosheim,
869 594 939 628 blz.
961 595 1117 629 653-655.
1140 593 1231 629 Deze
1257 594 1319 628 bul
1348 594 1378 629 is
1405 595 1636 639 gedeelteliJk
1664 595 1720 630 uit
1745 595 1809 630 het
1833 605 1934 630 voor·

703 649 842 692 gaande
869 648 1121 683 smeekschrift
1147 649 1466 693 overgeschreven.
1495 668 1540 675 —-
1563 651 1699 685 Aldaar
1725 649 1829 685 vindt
1852 660 1937 684 men

703 704 773 738 ook
801 704 844 738 de
872 708 950 738 acte
978 715 1048 738 van
1074 703 1212 746 Albert,
1237 705 1502 750 aartsbisschop
1524 717 1595 741 van
1619 706 1860 750 Magdeburg,
1878 703 1938 738 die

707 770 771 792 een
787 758 952 792 asschrist
968 758 1070 792 dezer
1091 758 1154 792 bul
1179 758 1284 793 bevat
1305 770 1350 794 en
1366 770 1406 794 er
1432 762 1475 795 de
1492 760 1658 795 echtheid
1674 771 1745 795 van
1759 759 1937 803 bevestigt

701 813 758 856 (20
775 812 930 848 October
947 812 1062 855 1396).
1081 830 1125 837 —
1138 812 1200 848 Zie
1215 812 1353 858 hooger
1368 826 1454 851 onze
1468 821 1521 851 6ΓΒ
1538 817 1612 857 171,
1631 815 1694 850 172
1710 826 1755 851 en
1771 817 1850 851 175.

1063 961 1183 1005 240.

375 1084 512 1138 1395,
540 1085 786 1130 December
815 1089 857 1139 1,
883 1088 1038 1132 Rome.
1065 1088 1304 1132 Uittreksel
1338 1089 1403 1131 uit
1434 1100 1538 1131 eene
1559 1087 1633 1130 bul
1657 1100 1740 1130 van
1763 1086 1934 1130 Bonifa-

312 1154 401 1197 cius
424 1155 488 1197 IX
513 1155 682 1210 gericht
704 1158 769 1199 tot
792 1155 842 1199 de
865 1157 1144 1212 inquisiteurs
1177 1158 1220 1201 in
1243 1157 1295 1200 de
1317 1157 1521 1200 Duitsche
1551 1155 1726 1211 landen,
1749 1155 1930 1213 waarbij

310 1222 369 1279 hij
396 1222 446 1265 de
469 1223 541 1266 bul
570 1237 653 1266 van
676 1224 912 1280 Gregorius
935 1227 1000 1269 XI
1022 1227 1099 1283 (23
1121 1228 1147 1269 J
1152 1227 1209 1268 uli
1235 1226 1366 1283 1372)
1388 1224 1664 1282 bekrachtigt
1682 1225 1934 1282 aangaande

309 1291 360 1333 de
382 1293 646 1347 aanstelling
669 1307 721 1335 611
746 1293 797 1336 (16
820 1295 1021 1337 1666111611
1045 1309 1129 1338 van
1152 1295 1236 1352 vijf
1252 1295 1528 1350 inquisiteurs
1552 1295 1596 1337 in
1619 1294 1671 1337 de
1693 1294 1934 1352 kerkelijke

310 1359 515 1415 gebieden
552 1375 634 1403 van
672 1362 829 1412 Mainz,
862 1364 1046 1415 Keulen,
1084 1364 1280 1416 Utrecht,
1322 1362 1542 1419 Salzburg.
1578 1362 1846 1419 Magdeburg
1877 1376 1932 1405 en

311 1428 510 1472 Bremen.
539 1453 594 1460 —
618 1429 748 1472 Zulks
772 1431 994 1486 geschiedt
1017 1445 1068 1487 op
1093 1445 1313 1488 aanvraag
1335 1432 1410 1474 der
1433 1431 1713 1487 inquisiteurs
1735 1431 1856 1474 zelve
1878 1443 1932 1472 en

311 1497 506 1541 verleent
529 1497 619 1541 hun
643 1512 779 1554 geene
803 1500 962 1544 andere
986 1501 1069 1544 dan
1091 1502 1241 1544 hunne
1265 1514 1474 1557 vroegere
1497 1501 1714 1544 machten.

353 1621 545 1665 Se‘qnificat
562 1627 705 1656 tantum
722 1624 939 1667 Bonifacius
955 1636 963 1658 :
984 1639 999 1652 ιι
1018 1624 1206 1660 humiliter
1227 1625 1443 1669 supplicasse
1467 1625 1724 1667 dominicanos,
1742 1625 1784 1660 ut
1796 1623 1934 1660 litteras

312 1677 478 1721 Gregorii
495 1678 559 1719 XI,
578 1690 669 1722 quae
693 1678 870 1723 incipiant
893 1682 1068 1715 vetustate
1084 1681 1258 1722 consumi,
1277 1682 1321 1716 de
1338 1681 1521 1725 begnitate
1543 1680 1740 1725 apostolica
1761 1681 1935 1715 innovare

310 1732 545 1776 dignaretur3
572 1746 608 1768 se
631 1734 712 1768 illas
736 1735 874 1770 litteras
898 1735 936 1769 in
963 1736 1182 1771 cancellaria
1210 1737 1406 1780 apostolica
1433 1736 1564 1781 inspici
1591 1736 1717 1772 fecisse
1742 1735 1936 1781 diligenter

309 1790 344 1822 61
370 1788 584 1823 auctoritate
612 1789 808 1833 apostolica
834 1792 958 1825 tenore
982 1791 1224 1834 praesentium
1255 1790 1428 1826 innovare
1453 1803 1588 1835 suoque
1612 1789 1813 1835 patrocinio
1839 1801 1933 1824 com-

310 1843 506 1877 munire...
541 1843 612 1877 Per
642 1843 710 1878 hoc
741 1848 862 1879 autem
894 1845 1036 1879 nullum
1070 1845 1126 1879 ius
1157 1845 1258 1880 vobis
1294 1846 1338 1881 de
1368 1857 1460 1881 novo
1491 1846 1631 1890 acquiri
1664 1845 1841 1887 volumus,
1874 1843 1936 1880 sed

308 1898 508 1941 antiquum,
542 1899 572 1933 si
603 1900 699 1943 quod
728 1900 879 1943 habetis,
908 1903 1050 1937 tantum
1082 1900 1346 1938 conservari...
1378 1902 1543 1947 [Daarop
1570 1901 1668 1947 volyt
1694 1901 1739 1936 de
1769 1900 1832 1936 buz
1861 1911 1934 1936 van

308 1966 402 1998 palas
421 1954 624 1999 Greyorius
640 1955 724 2000 XL]

355 2025 373 2038 n
394 2009 526 2045 Datum
543 2009 681 2046 Romae
704 2011 801 2055 apud
817 2023 844 2046 S.
866 2011 1029 2053 Petrum,
1047 2011 1121 2047 kal.
1148 2011 1367 2055 Decembris,
1385 2013 1614 2057 pontificatus
1636 2013 1713 2050 eius
1735 2013 1899 2058 septimo.
1917 2027 1934 2044 n

655 2087 846 2130 Mosheim,
865 2088 931 2124 blz.
949 2090 1013 2124 383
1030 2099 1075 2125 611
1091 2091 1167 2124 384.
1185 2107 1228 2115 —
1243 2088 1304 2125 Zie
1319 2089 1456 2134 hooger
1471 2100 1535 2125 ons
1551 2096 1589 2125 nr
1604 2091 1680 2126 215.

1069 2242 1185 2286 241.

377 2367 515 2422 1396,
560 2370 763 2415 Jcmuarz'
789 2369 867 2424 31,
905 2370 1091 2426 (Rome).
1129 2370 1209 2412 Bul
1246 2381 1331 2411 van
1355 2368 1599 2413 Bonifacius
1635 2369 1716 2422 IX,
1749 2368 1929 2426 waarbij

311 2435 370 2495 hij
397 2438 448 2480 de
469 2439 740 2495 Beggarden,
768 2439 998 2482 Lollarden
1025 2453 1078 2481 en
1104 2439 1280 2482 Zusters
1304 2438 1504 2494 opnieuw
1526 2452 1609 2482 666
1631 2438 1683 2482 (16
1705 2438 1930 2494 Inquisitie

309 2507 518 2549 overlaat.
545 2531 600 2538 ——
625 2507 684 2549 De
707 2521 814 2563 paus
841 2511 940 2563 zegt
963 2521 1052 2550 van
1075 2507 1126 2549 de
1147 2507 1425 2563 inquisiteurs
1446 2507 1523 2550 der
1543 2506 1750 2550 Duitsche
1771 2506 1930 2550 landen

309 2589 543 2618 vernomen
563 2581 606 2618 te
629 2575 813 2628 hebben,
840 2577 913 2620 dat
930 2577 973 2618 in
997 2577 1064 2619 die
1099 2581 1322 2632 gewesten
1355 2577 1450 2619 veel
1472 2576 1721 2620 kettersche
1743 2576 1929 2631 Beggar-

311 2643 407 2696 den,
436 2645 662 2688 Lollarden
686 2659 739 2688 en
772 2647 948 2689 Zusters
970 2648 1014 2689 16
1035 2645 1194 2688 vinden
1212 2646 1311 2703 zijn‚
1335 2646 1445 2689 wier
1475 2645 1715 2701 inrichting
1737 2647 1868 2700 tegen
1889 2643 1930 2687 al

313 2712 364 2755 de
386 2715 551 2756 wetten
575 2713 651 2756 der
668 2714 789 2756 Kerk
811 2714 1015 2770 geregeld
1037 2714 1088 2757 is.
1115 2715 1185 2771 Hij
1205 2715 1447 2766 herinnert‚
1476 2714 1549 2757 (161
1571 2713 1713 2757 sedert
1736 2711 1931 2756 honderd

307 2782 407 2837 jaer
439 2782 483 2824 in
508 2782 610 2825 deze
636 2782 1039 2839 broederschappen
1061 2783 1112 2825 de
1135 2783 1310 2841 ketterij
1337 2783 1496 2826 zonder
1517 2782 1743 2838 ophouden
1759 2794 1930 2838 gewoe-

312 2849 419 2892 kerd
437 2864 490 2892 en
513 2851 734 2906 gesmeuld
751 2851 883 2903 heeft,
906 2851 1059 2895 zoodat
1076 2850 1276 2894 Urbanus
1294 2852 1349 2902 V,
1368 2851 1602 2908 Gregorius
1618 2851 1683 2894 XI
1700 2864 1754 2893 en
1770 2849 1931 2893 andere

314 2931 476 2974 pausen
509 2919 697 2964 alsmede
719 2919 866 2963 keizer
897 2920 1030 2964 Karel
1051 2921 1112 2965 IV
1133 2922 1262 2976 tegen
1295 2921 1380 2964 hen
1414 2919 1465 2964 de
1500 2919 1721 2976 Inquisitie
1759 2917 1928 2975 gez-ioht
