2097 3466
307 257 345 290 12
993 255 1126 290 ANNO
1154 257 1255 291 1050

300 351 416 394 Jubet,
431 353 471 385 ut
488 350 539 385 ibi
556 360 663 394 super
678 349 735 385 his
756 350 898 394 plenius
913 351 1167 387 discuteretur.
1189 352 1296 387 Certo
1318 351 1440 395 itaque
1461 350 1531 394 die,
1549 349 1675 386 accitis
1691 349 1881 385 abbatibus
1897 353 1932 385 et

304 405 445 441 clericis
471 405 704 447 sapientibus,
731 405 929 449 productus
953 406 992 440 in
1021 405 1140 441 medio
1164 406 1208 440 de
1235 407 1306 441 fide
1327 406 1507 441 catholica
1530 405 1746 449 exquiritur.
1778 406 1846 440 Sed
1869 406 1932 441 ille

303 471 409 495 verae
432 460 656 495 credulitatis
678 461 902 495 sanctionem
918 472 981 505 per
1000 460 1122 495 omnia
1139 460 1344 504 profitetur.
1362 461 1553 503 Quumque
1570 460 1614 494 ad
1629 460 1699 494 hoc
1712 461 1932 495 confirman-

303 515 389 549 dum
406 514 587 550 Dominici
611 515 826 550 sacramenti
844 516 1024 559 particeps
1041 515 1121 550 fieri
1138 515 1183 549 ab
1200 515 1367 560 episcopo
1384 517 1604 557 moneretur,
1621 515 1758 559 refugit
1773 515 1896 550 dicens
1912 526 1933 549 a

302 570 402 604 nullo
426 571 598 605 abbatum
621 581 687 604 nec
710 570 939 605 sacerdotum
963 581 1029 604 nec
1053 569 1164 604 etiam
1187 570 1231 604 ab
1254 569 1333 613 ipso
1349 570 1515 613 episcopo
1541 568 1609 604 hoc
1625 580 1662 603 se
1686 573 1932 614 recepturum,

301 625 396 667 quod
420 629 484 659 aut
505 625 690 669 symoniae
711 628 776 659 aut
800 625 954 668 alicujiis
977 624 1154 660 avaritiae
1185 635 1279 659 noxa
1304 624 1466 659 adstricti
1490 628 1717 660 tenerentur.
1742 624 1789 659 Iis
1813 625 1935 659 verbis

302 688 426 713 omnes
438 679 476 713 in
499 679 554 713 ira
571 681 741 715 commoti
754 692 819 725 pro
836 680 1090 715 haeresiarcha
1108 691 1189 715 eum
1206 680 1370 715 indicant
1386 680 1512 714 haberi
1530 683 1564 714 et
1579 679 1632 714 ita
1653 679 1849 714 discessum
1865 682 1930 714 est.

303 733 458 774 Quidam
490 746 574 770 vero
602 736 646 770 de
671 735 848 770 ministris
875 735 1032 778 episcopi
1057 738 1093 770 et
1116 734 1180 769 alii
1206 735 1313 770 multi
1341 735 1556 770 deducentes
1580 746 1662 770 eum
1687 734 1725 769 in
1751 735 1930 778 quoddam

301 790 490 832 tugurium
514 790 693 827 inducunt
717 796 751 827 et
768 804 840 827 non
864 792 1105 827 reluctantem
1121 792 1181 826 sed
1207 791 1429 835 intrepidum
1455 795 1501 833 et,
1521 795 1561 826 ut
1577 791 1691 832 aiunt,
1709 791 1749 825 in
1765 791 1931 827 oratione

302 848 523 886 prostratum
540 847 683 881 admoto
700 847 784 891 igne
807 859 890 882 cum
902 847 1051 891 tugurio
1075 847 1361 881 combusserunt.
1381 846 1448 886 Qui
1468 847 1583 881 multa
1598 847 1733 881 fecerat
1748 850 1784 881 et
1798 847 1932 882 docue-

302 902 369 939 rat,
389 898 450 934 hic
474 900 556 935 finis
579 905 666 945 eJus.
686 900 842 936 Plurimi
864 905 998 943 tamen,
1016 901 1079 944 qui
1097 901 1129 935 ei
1146 900 1397 943 adhaeserant,
1417 902 1460 936 de
1477 902 1615 936 ossibus
1631 905 1665 936 et
1681 902 1830 946 pulvere
1854 905 1931 945 ejus

301 953 439 997 aliquid
462 956 531 991 sibi
554 957 755 1001 rapiebant.
775 958 827 993 De
850 962 954 1001 cujus
975 960 1073 991 secta
1095 967 1160 1000 per
1183 956 1360 999 quaedam
1384 957 1518 1000 oppida
1533 956 1641 991 multi
1655 960 1805 993 manent
1820 967 1931 1000 usque

302 1008 431 1045 adhuc.
451 1010 498 1046 Et
514 1015 590 1055 ejus
606 1013 752 1047 nomine
768 1016 960 1047 censentur
972 1011 1122 1047 textrini
1138 1011 1258 1054 operis
1271 1011 1416 1047 lucrum
1432 1015 1649 1047 exercentes.

648 1101 828 1142 Balderic,
859 1100 1068 1145 Chronique
1092 1100 1248 1135 d'Arras
1276 1106 1308 1134 et
1332 1100 1376 1134 de
1403 1101 1589 1144 Cambrai,
1615 1099 1682 1134 blz.
1708 1100 1865 1134 356-357.
1888 1116 1931 1123 —

692 1156 789 1191 Paus
807 1156 1003 1200 Gregorius
1020 1155 1086 1190 VII
1104 1155 1186 1190 trok
1204 1158 1309 1199 partij
1329 1166 1416 1189 voor
1432 1157 1501 1190 den
1517 1156 1744 1190 verbranden
1761 1154 1931 1189 Ramihr—

689 1212 768 1252 dus,
797 1211 881 1246 dien
908 1211 958 1254 hij
985 1211 1060 1246 niet
1090 1222 1178 1245 voor
1202 1221 1315 1244 eenen
1343 1210 1462 1245 ketter
1487 1209 1599 1252 hield,
1630 1222 1676 1245 en
1701 1209 1835 1245 richtte
1863 1210 1933 1246 den

693 1268 735 1301 25
755 1265 878 1301 Maart
904 1268 986 1300 1077
1011 1266 1065 1300 uit
1089 1265 1291 1300 Bibianello
1315 1276 1402 1300 eene
1425 1266 1489 1299 bul
1512 1268 1565 1300 tot
1588 1266 1659 1300 den
1680 1265 1847 1309 bisschop
1863 1276 1935 1300 van

690 1320 807 1365 Parijs
820 1333 878 1356 om
891 1321 974 1356 hem
987 1325 1022 1356 te
1039 1321 1189 1356 bevelen
1202 1321 1246 1355 de
1263 1321 1514 1364 Kamerijkers
1525 1320 1563 1355 in
1579 1321 1649 1356 den
1661 1321 1733 1356 ban
1748 1321 1812 1355 der
1829 1320 1932 1356 Kerk

690 1380 726 1411 te
756 1376 870 1416 slaan,
901 1376 989 1410 daar
1019 1378 1062 1419 zij
1096 1387 1207 1410 eenen
1240 1387 1325 1410 man
1354 1376 1535 1410 verbrand
1565 1375 1720 1418 hadden,
1749 1376 1808 1410 die
1838 1375 1932 1411 niets

691 1431 820 1464 anders
848 1430 1007 1465 misdeed
1031 1431 1102 1464 dan
1128 1430 1332 1472 verklaren,
1359 1430 1420 1464 dat
1446 1431 1488 1464 de
1512 1430 1692 1474 priesters,
1721 1430 1870 1465 levende
1892 1430 1932 1464 in

691 1485 844 1521 ontucht
866 1497 910 1520 en
933 1489 967 1520 in
990 1486 1154 1528 simonie,
1173 1486 1216 1520 de
1240 1489 1492 1522 sacramenten
1515 1486 1590 1521 niet
1606 1497 1738 1529 mogen
1755 1485 1931 1521 bedienen

689 1540 807 1584 (Jaffe,
825 1541 906 1576 deel
922 1541 949 1582 1,
968 1541 1034 1576 blz.
1053 1543 1129 1583 622,
1149 1545 1188 1575 nr
1204 1540 1317 1583 5030).

1089 1684 1140 1727 8.

361 1812 499 1861 1080,
537 1812 697 1855 Maart
737 1813 808 1862 16,
847 1813 1002 1855 Rome.
1041 1813 1119 1855 Bul
1153 1826 1237 1856 van
1269 1812 1504 1869 Gregorius
1529 1815 1625 1866 VII,
1660 1814 1830 1871 gericht
1863 1817 1928 1858 tot

299 1878 534 1931 Hubertus,
561 1879 842 1923 ketterschen
865 1880 1065 1936 bisschop
1098 1894 1182 1922 van
1206 1882 1435 1934 Terwaan,
1463 1897 1530 1925 om
1558 1885 1656 1926 hem
1689 1886 1755 1926 tot
1775 1883 1929 1926 inkeer

298 1955 341 1993 te
359 1950 552 2006 brengen
577 1964 627 1992 en
647 1952 747 1993 hem
764 1953 918 1993 tevens
937 1955 1025 1994 met
1043 1954 1221 2007 strenge
1245 1951 1425 1995 straffen
1448 1956 1490 1996 te
1513 1953 1762 2009 bedreigen.
1791 1978 1842 1983 —
1867 1953 1928 1994 De

298 2034 404 2075 paus
436 2020 618 2075 weigert
649 2020 748 2062 hem
779 2020 861 2062 den
895 2020 1240 2077 gebruikelijken
1273 2023 1591 2076 apostolischen
1615 2025 1755 2077 gmet,
1784 2020 1928 2063 omdat

299 2089 357 2145 hij
383 2088 426 2131 in
449 2089 535 2146 zijn
559 2089 728 2131 archief
745 2090 821 2132 het
843 2089 995 2147 bewijs
1014 2089 1241 2145 gevonden
1264 2090 1398 2140 heeft,
1425 2092 1498 2133 dat
1527 2091 1578 2133 de
1601 2090 1798 2145 bisschop
1823 2089 1928 2131 door

299 2157 382 2200 den
405 2159 671 2215 pauselijken
696 2160 842 2215 legant
864 2161 1004 2216 Hugo,
1027 2159 1226 2216 bisschop
1249 2175 1333 2203 van
1356 2161 1445 2211 Die,
1473 2165 1515 2203 te
1539 2159 1774 2202 Montreuil
1797 2171 1927 2213 open-

299 2226 375 2282 lijk
394 2240 499 2269 νοοῖ·
521 2241 656 2270 eenen
674 2228 819 2271 ketter
841 2229 960 2271 werd
979 2228 1226 2271 verklaard.
1254 2229 1406 2272 Sedert
1428 2229 1525 2271 dien
1542 2228 1704 2271 hoorde
1722 2228 1772 2270 de
1791 2228 1921 2281 Paus,

299 2293 372 2338 dat
388 2295 438 2338 de
462 2295 666 2352 bisschop
689 2298 803 2354 zijne
827 2296 1120 2353 waardigheid
1144 2296 1248 2339 door
1271 2298 1451 2340 simonie
1472 2297 1714 2352 verkregen
1733 2296 1853 2339 heeft
1872 2310 1926 2339 en

298 2365 453 2407 verder
471 2365 521 2408 de
538 2365 719 2408 bevelen
741 2379 827 2408 van
852 2366 933 2409 den
957 2368 1010 2409 H.
1034 2366 1149 2409 Stoel
1174 2367 1217 2409 in
1241 2367 1323 2409 den
1346 2366 1464 2408 wind
1483 2367 1606 2409 slaat.
1634 2366 1859 2408 Alhoewel
1881 2365 1926 2407 in

298 2433 380 2475 den
402 2433 673 2490 kerkelijken
691 2433 775 2476 ban
798 2435 1021 2490 geslagen,
1049 2438 1189 2478 stoort
1212 2435 1262 2477 de
1287 2435 1484 2489 bisschop
1509 2449 1556 2477 er
1584 2434 1677 2476 zich
1701 2435 1790 2477 niet
1821 2448 1920 2476 aan.

296 2503 405 2545 Deze
427 2503 492 2545 zal
514 2502 608 2545 zich
632 2501 737 2545 νόοι-
755 2503 836 2546 den
860 2504 1005 2560 legaat
1028 2507 1200 2547 moeten
1225 2504 1667 2560 verrechtvaardigen
1691 2518 1744 2546 en
1768 2503 1926 2546 verder

297 2585 379 2614 aan
412 2570 442 2613 ’s
474 2586 637 2628 pausen
669 2571 850 2615 bevelen
882 2574 1218 2629 gehoorzamen.
1255 2574 1513 2617 Intusschen
1547 2574 1633 2631 zijn
1669 2574 1720 2616 de
1754 2573 1924 2616 kanun-

298 2640 429 2683 niken
451 2655 536 2683 van
562 2641 856 2684 Sint-Omaars
881 2644 1059 2686 evenals
1093 2643 1294 2685 iedereen
1318 2656 1402 2685 van
1430 2643 1514 2685 alle
1536 2640 1924 2697 gehoorzaamheid

290 2710 448 2766 jegens
470 2711 552 2753 den
571 2710 838 2753 simoniaken
857 2725 910 2753 en
929 2711 1322 2768 wederspannigen
1344 2710 1542 2765 bisschop
1562 2710 1798 2753 ontheven.

341 2835 538 2879 Gregorius
554 2834 751 2880 episcopus,
768 2847 893 2872 servus
907 2846 1095 2872 servorum
1112 2835 1191 2878 Dei,
1213 2835 1375 2871 Huberto
1393 2834 1643 2871 Tarvannensi
1656 2835 1837 2880 episcopo.

342 2891 444 2931 Quod
467 2891 619 2926 salutem
643 2895 678 2927 et
701 2891 938 2935 apostolicam
962 2892 1251 2927 benedictionem
1272 2891 1340 2927 tibi
1363 2903 1437 2927 non
1459 2891 1685 2933 mandamus,
1705 2902 1746 2925 ea
1766 2889 1924 2927 maxime

296 2958 404 2983 causa
418 2952 481 2991 est,
491 2949 586 2993 quod
603 2949 641 2983 in
654 2951 811 2994 registro
824 2952 946 2985 nostro
965 2948 1101 2994 legitur
1119 2953 1154 2985 te
1167 2949 1211 2984 ab
1227 2949 1393 2993 Hugone‚
1405 2948 1513 2992 hujus
1526 2950 1668 2983 sanctae
1681 2947 1775 2982 sedis
1789 2946 1921 2990 legato,
