2097 3466
811 245 943 280 ANNO
971 246 1071 279 1403
1689 241 1752 272 399

126 342 314 378 humiliter
330 353 479 386 querere
495 340 686 377 eucaristie
701 343 986 382 sacramentum3
1005 350 1069 373 nec
1094 339 1241 372 curatus
1267 335 1371 371 debet
1397 335 1464 370 sibi
1492 346 1670 376 recusare,
1688 335 1749 369 sed

126 397 280 433 tradere.

172 452 260 487 Item
280 452 394 486 fateor
417 451 548 486 dixisse
565 451 659 494 quod
676 451 828 486 facultas
845 451 997 485 fratrum
1014 445 1296 483 mendicantium
1313 446 1563 481 auctoritatem
1581 444 1750 480 audiendi

128 506 366 542 confessiones
383 506 592 541 habentium
609 518 630 540 a
647 517 738 550 papa
762 504 968 539 immediate
991 506 1043 538 est
1067 501 1183 537 maior
1205 505 1239 536 et
1263 500 1478 544 generalior,
1496 501 1557 535 sed
1582 512 1652 534 non
1675 499 1749 534 dixi

128 561 269 602 melior,
287 561 373 604 quia
389 561 505 595 curati
532 563 668 595 tantam
697 563 905 604 potestatem
932 558 1066 592 habent
1089 566 1196 600 super
1212 567 1294 589 suos
1321 555 1580 598 parochianos-3
1599 558 1752 599 potestas

128 628 214 653 vero
230 617 383 651 fratrum
400 615 683 649 mendicantium
701 626 737 649 se
753 614 912 649 extendit
928 611 1146 657 generaliter
1161 614 1197 645 et
1213 610 1250 644 in
1267 609 1389 644 multis
1408 610 1551 653 parochi
1551 612 1585 652 js
1599 614 1633 645 et
1650 620 1750 653 paro-

129 671 269 708 chianis
285 669 487 705 volentibus
499 670 543 704 ad
557 670 650 714 ipsos
663 670 786 704 venire
798 682 806 710 ;
823 681 864 703 ac
877 667 1064 703 humiliter
1075 665 1216 701 declino
1230 665 1332 700 istam
1346 664 1570 708 simpliciter,
1586 665 1753 700 videlicet

130 727 226 772 quod
252 729 406 770 potestas
433 726 549 761 curati
573 729 713 761 tantum
741 725 787 760 sit
814 726 859 760 ab
887 723 1064 768 episcopo.
1084 723 1159 758 Nec
1187 721 1251 756 iste
1277 721 1452 756 articulus
1479 721 1548 755 fuit
1571 720 1682 755 michi
1709 721 1755 755 ad

130 781 374 819 reuocandum
390 781 554 816 traditus

174 838 263 873 Item
287 836 427 880 aliquas
454 835 610 871 rationes
637 835 794 880 allegaui
824 846 932 879 super
954 834 1048 869 hanc
1076 832 1264 868 materiam
1288 831 1357 866 sic:
1387 830 1552 865 Liberior
1575 834 1627 866 est
1650 831 1757 865 homo

131 894 307 937 quantum
323 891 368 925 ad
384 890 541 925 animam
566 902 674 934 quam
699 893 874 934 quantnm
900 889 945 923 ad
973 899 1121 932 corpus;
1146 887 1206 922 sed
1236 886 1342 921 homo
1371 885 1482 920 libere
1509 885 1585 920 sine
1613 885 1760 920 licentia

132 946 249 982 curati
267 948 380 990 potest
395 945 615 988 sepulturam
633 957 698 989 pro
714 957 778 979 suo
795 955 944 988 corpore
961 943 1094 988 eligere
1111 941 1172 976 ubi
1190 942 1267 976 vult
1283 944 1318 976 et
1343 940 1490 975 meliore
1514 940 1592 974 loco
1608 953 1615 982 ς
1635 952 1759 984 ergoa

133 1014 154 1038 a
170 1001 312 1037 fortiori
342 1004 458 1045 potest
487 1001 724 1036 confessorem
752 1000 887 1044 eligere
911 1010 1016 1042 quem
1047 997 1201 1032 voluerit
1226 997 1416 1031 habentem
1441 995 1704 1036 auctoritatem,
1723 999 1763 1030 ut

133 1067 272 1100 semper
288 1055 578 1100 presupponitur,
597 1055 791 1090 maiorem:
812 1054 963 1099 probaui
980 1065 1045 1097 per
1060 1052 1157 1087 dicta
1173 1052 1269 1086 Luce
1285 1054 1344 1086 12:
1366 1065 1382 1078 u
1401 1052 1528 1085 Nonne
1544 1050 1665 1084 anima
1682 1050 1761 1094 plus

133 1114 185 1147 est
208 1122 316 1155 quam
341 1110 494 1154 corpus?
514 1127 528 1139 n
554 1111 659 1145 Patet
682 1121 746 1154 per
769 1109 872 1144 illum
902 1109 1038 1143 dictum
1068 1106 1197 1143 Leonis
1220 1118 1310 1151 pape
1338 1107 1438 1148 tercij
1465 1105 1503 1140 li.
1530 1108 1549 1140 3
1567 1118 1597 1140 c.
1619 1116 1626 1138 :
1655 1121 1670 1133 u
1690 1107 1762 1141 Nos

134 1165 301 1201 instituta
324 1164 504 1200 maiorum
528 1164 793 1200 considerantes
817 1163 1007 1199 statuimus
1031 1173 1325 1206 unumquemque
1352 1161 1390 1195 in
1414 1160 1593 1195 maiorum
1616 1172 1763 1195 suorum

135 1220 336 1265 sepulchris
352 1220 481 1261 iacere,
500 1222 567 1254 etc.
584 1235 600 1248 n

181 1275 346 1310 Secunda
369 1274 462 1309 ratio
478 1273 548 1308 fuit
562 1273 657 1314 talis,
675 1272 842 1308 videlicet
859 1272 954 1316 quod
967 1272 1186 1307 consuetudo
1204 1271 1367 1306 Romane
1384 1271 1484 1305 curie
1501 1273 1553 1306 est
1568 1273 1607 1306 ut
1624 1270 1670 1304 ad
1685 1281 1765 1305 earn

137 1331 345 1366 accedentes
358 1329 550 1373 impetrent
571 1329 721 1368 litteras,
737 1339 806 1371 que
819 1327 991 1362 dicuntur
1007 1326 1255 1370 quinquennia
1271 1330 1334 1361 aut
1347 1329 1509 1370 pepetue,
1526 1325 1766 1360 mediantibus

138 1385 269 1430 quibus
295 1387 442 1429 possunt
471 1383 606 1428 eligere
630 1384 847 1418 confessores
871 1383 1028 1426 ydoneos
1054 1382 1100 1416 ad
1131 1382 1395 1425 beneplacitum
1423 1393 1559 1423 eorum,
1585 1385 1620 1417 et
1647 1385 1767 1416 tamen

139 1440 256 1475 curati
273 1439 342 1484 ipsi
367 1451 438 1474 non
455 1438 718 1473 contradicunt.
738 1437 857 1482 Igitur
873 1437 992 1471 minus
1014 1437 1261 1471 contradicere
1277 1439 1425 1480 possunt
1440 1436 1631 1481 privilegio
1648 1436 1767 1471 fratri-

139 1495 206 1529 bus
221 1492 510 1529 mendicantibus
525 1504 546 1526 a
574 1492 738 1536 pluribus
766 1491 915 1526 summis
940 1491 1171 1535 pontificibus
1199 1491 1352 1526 indulto.
1372 1492 1446 1526 Nec
1463 1491 1576 1526 eciam
1594 1491 1663 1526 fuit
1679 1491 1770 1524 mihi

140 1548 294 1583 traditus
311 1548 377 1584 iste
393 1547 568 1582 articulus
584 1547 629 1581 ad
645 1547 903 1589 reuocandum,
923 1558 989 1581 nec
1005 1547 1120 1581 eciam
1137 1546 1175 1581 in
1199 1547 1355 1582 secundo
1372 1557 1534 1582 sermone
1551 1546 1770 1582 mentionem

139 1602 221 1638 feci.

186 1658 276 1694 Item
293 1659 408 1693 fateor
424 1657 555 1692 dixisse
571 1657 610 1692 in
627 1656 744 1701 primo
761 1668 924 1692 sermone
941 1658 1036 1702 quod
1052 1657 1252 1692 sacerdotes
1268 1668 1394 1691 curam
1418 1656 1621 1691 animarum
1638 1657 1770 1691 haben-

140 1716 194 1749 tes
210 1713 409 1749 nescientes
426 1713 558 1758 legere,
577 1715 798 1754 construere,
819 1724 882 1747 suo
908 1713 1040 1757 populo
1057 1712 1242 1757 predicare
1265 1723 1307 1746 ac
1325 1722 1479 1746 canones
1495 1715 1576 1753 etc„
1596 1723 1666 1746 non
1690 1715 1772 1746 sunt

141 1769 244 1815 digni
257 1769 379 1804 vocari
396 1769 616 1811 sacerdotes;
635 1779 742 1812 quem
759 1767 955 1803 articulum
972 1771 1112 1804 tantum
1129 1767 1247 1803 verbis
1263 1767 1386 1802 latinis
1400 1767 1548 1811 protuli,
1567 1779 1639 1802 non
1655 1768 1770 1811 expri-

142 1825 272 1860 mendo
288 1824 420 1869 gallice
435 1824 487 1859 sic
499 1824 587 1860 etin
604 1824 695 1859 feria
711 1827 810 1859 sexta
826 1824 1012 1868 passionis,
1027 1824 1120 1860 sieut
1132 1824 1200 1859 fuit
1213 1823 1303 1859 mihi
1317 1823 1354 1858 in
1367 1822 1493 1867 papiro
1510 1834 1591 1858 mea
1605 1823 1770 1858 traditus.

143 1879 330 1915 Revocaui
347 1880 465 1914 verbis
481 1879 603 1915 latinis
619 1879 713 1914 sicut
736 1879 837 1923 prius
859 1880 1094 1923 protuleram,
1112 1879 1278 1924 quamuis
1293 1878 1332 1913 in
1349 1878 1475 1923 papiro
1494 1878 1604 1913 fuerit
1619 1877 1773 1922 scriptus

142 1934 262 1970 verbis
279 1934 442 1979 gallicis3
461 1943 495 1970 et
511 1935 668 1980 allegaui
686 1935 943 1979 Augustinum.

192 1990 283 2026 Item
301 1990 344 2025 de
361 1990 433 2025 alio
450 1991 565 2025 fateor
581 1991 754 2035 allegasse
770 1994 933 2025 sanctum
952 1991 1129 2026 Thomam
1145 1991 1183 2025 in
1200 1992 1241 2026 D.
1258 1994 1311 2026 17.
1331 1995 1362 2031 4,
1382 1991 1443 2025 ubi
1467 1990 1562 2025 inter
1578 1993 1697 2025 cetera
1714 2000 1774 2033 po-

147 2044 248 2080 nitur
262 2045 357 2089 quod
373 2045 403 2080 si
421 2045 645 2090 priuilegiati
662 2046 918 2080 nonnullorum
944 2045 1182 2081 confessiones
1197 2046 1358 2087 audiant,
1378 2057 1450 2080 non
1465 2046 1512 2081 sit
1531 2045 1773 2089 preiudicium

147 2100 381 2135 inferioribus
407 2100 553 2144 prelatis
577 2101 645 2135 nisi
669 2100 742 2135 illis
767 2100 829 2144 qui
854 2104 1009 2144 querunt
1027 2112 1095 2144 que
1111 2113 1176 2136 sua
1192 2104 1286 2136 sunt.
1307 2101 1384 2142 Que
1402 2101 1516 2135 eciam
1532 2101 1577 2135 ad
1593 2100 1775 2144 optionem

147 2167 272 2191 eorum
290 2155 582 2190 conditionaliter
598 2155 769 2190 reuocaui
787 2155 849 2190 illa
873 2155 997 2190 eadem
1014 2155 1092 2199 die3
1111 2159 1189 2200 post
1205 2168 1313 2200 quam
1337 2156 1630 2191 renoncationem
1655 2155 1776 2190 addidi

148 2221 274 2245 verum
298 2222 372 2245 esse
390 2211 484 2253 quod
502 2211 622 2245 nullus
646 2210 692 2245 sit
714 2210 902 2245 hominum
926 2210 1142 2246 intentiones
1166 2211 1468 2246 certitudinaliter
1491 2211 1559 2246 nisi
1584 2211 1690 2252 Deus,
1717 2212 1778 2246 sed

149 2267 239 2301 bene
255 2265 550 2301 coniecturatiue.

192 2321 282 2356 Item
307 2323 497 2355 contentus
527 2332 606 2354 sum
636 2319 769 2355 dixisse
787 2321 882 2363 quod
911 2320 984 2361 ille,
1017 2320 1079 2364 qui
1108 2320 1248 2356 decedit
1265 2321 1365 2355 nulla
1381 2322 1566 2365 sepultura
1582 2321 1695 2356 electa
1712 2331 1778 2354 nec

151 2376 295 2411 condito
311 2378 534 2416 testamento,
561 2386 633 2410 non
660 2375 764 2410 debet
786 2374 854 2409 sibi
871 2375 1055 2418 sepultura
1070 2375 1311 2410 ecclesiastica
1327 2375 1497 2420 denegari
1515 2378 1549 2410 et
1563 2378 1676 2418 potest
1692 2373 1777 2418 poni

152 2431 189 2466 in
215 2431 406 2475 sepulchro
436 2434 626 2474 parentum
650 2431 695 2464 ad
719 2431 922 2473 exemplum
954 2430 1268 2474 patriarcharum3
1294 2431 1354 2465 sed
1378 2431 1415 2465 in
1439 2431 1508 2465 hoc
1531 2430 1685 2465 articulo
1709 2440 1781 2464 non

152 2487 205 2522 fui
221 2487 264 2521 de
281 2486 489 2521 inconfessis
513 2486 654 2520 locutus
678 2488 713 2520 et
736 2486 781 2519 ob
804 2485 873 2520 hoc
896 2488 937 2520 ut
962 2485 1064 2520 aiunt
1082 2497 1089 2519 :
1111 2500 1127 2513 u
1146 2486 1274 2520 Ortum
1290 2489 1341 2521 est
1357 2486 1565 2520 scandalum
1582 2485 1780 2519 maximum

152 2542 229 2576 siue
246 2553 413 2576 murmur
437 2541 475 2575 in
500 2541 633 2585 populo
651 2541 918 2576 Valencenense
935 2543 1002 2575 etc.
1024 2557 1052 2582 ν’,
1071 2541 1116 2576 ad
1140 2541 1235 2576 istud
1258 2542 1454 2585 respondeo
1476 2541 1583 2585 quod,
1602 2541 1631 2574 si
1655 2551 1781 2576 verum

153 2596 210 2638 sit,
229 2596 358 2641 ignoro
374 2599 493 2630 tamen
510 2596 604 2639 quod
621 2607 663 2629 ex
680 2598 780 2639 parte
798 2606 877 2629 mea
890 2594 1040 2630 venerit.

197 2651 295 2686 Idem
311 2651 355 2685 de
370 2651 494 2684 sedula
514 2649 624 2684 michi
653 2661 718 2693 per
741 2649 837 2693 ipsos
860 2649 995 2685 tradita
1018 2649 1063 2684 ad
1087 2653 1243 2693 quatuor
1268 2651 1490 2685 reuocandos
1521 2649 1693 2685 articulos
1720 2648 1783 2693 qui

154 2707 287 2742 ibidem
305 2710 419 2746 erant,
438 2705 595 2750 primum
620 2705 666 2739 ad
690 2705 836 2749 plenum
861 2716 933 2740 non
949 2705 1132 2746 reuocaui,
1151 2705 1211 2740 sed
1228 2705 1375 2740 meliore
1392 2705 1497 2740 modo
1514 2716 1584 2748 quo
1608 2705 1708 2749 potui
1725 2705 1782 2739 dc·

155 2762 293 2797 claraui
311 2761 514 2803 summique
530 2759 710 2804 pontificis
732 2762 942 2804 potestatem
959 2771 1000 2794 ac
1017 2760 1299 2804 dyocesanorum
1317 2759 1477 2804 graciam
1496 2759 1784 2794 mendicantibus

155 2817 336 2863 religiosis
363 2817 526 2862 graciose
557 2827 761 2850 concessam
790 2815 979 2859 propalaui
1008 2827 1079 2850 non
1108 2815 1348 2859 preiudicium
1373 2815 1536 2850 faciendo
1553 2815 1785 2850 inferioribus

156 2872 313 2917 prelatis,
333 2872 394 2907 sed
417 2872 604 2907 doctorum
631 2870 789 2906 rationes
811 2881 854 2904 ac
881 2881 1104 2905 summorum
1132 2869 1342 2913 pontificum
1373 2870 1618 2905 concessiones
1644 2881 1784 2905 necnon

157 2927 435 2975 priuilegiorum
463 2929 668 2962 nostrorum
695 2925 942 2961 concessiones
969 2925 1176 2970 predicaui;
1206 2926 1296 2962 duos
1325 2936 1411 2961 vero
1438 2925 1585 2968 medios,
1610 2928 1652 2962 ut
1673 2924 1785 2961 michi
