2097 3466
319 240 380 272 :Mi-t
1007 235 1140 270 ANNO
1167 237 1272 270 1460

318 330 567 365 mandavimus
590 341 631 364 ac
655 332 862 364 nostrorum
889 329 1090 364 officiorum
1118 328 1335 373 appensione
1365 327 1571 371 sigillorum
1602 325 1754 360 fecimus
1784 335 1948 360 commu-

319 385 401 419 niri.
438 385 568 417 Datum
601 389 636 417 et
665 388 786 417 actum
819 383 989 424 Tornaci,
1024 383 1062 417 in
1093 383 1189 417 dicta
1227 383 1312 416 aula
1351 380 1546 424 episcopali
1580 379 1814 419 Tornacensi,
1853 389 1950 413 anno

319 440 462 473 Domini
492 438 684 472 millesimo
708 439 1065 481 quadringentesimo
1097 438 1333 482 sexagesimo,
1364 436 1565 471 indictione
1597 440 1734 474 octava,
1774 433 1833 468 die
1863 444 1949 468 vero

317 494 416 528 doxis
443 493 584 527 decima
615 504 709 526 nona
738 493 870 527 mensis
893 493 1007 534 Junii,
1036 493 1269 536 pontificatus
1292 489 1511 526 sanctissimi
1541 489 1578 523 in
1606 488 1750 523 Christo
1778 487 1892 531 patris
1914 491 1950 522 et

318 548 454 582 domini
473 548 585 581 nostri
599 547 736 581 domini
751 547 819 587 Pii,
837 548 958 581 divina
978 547 1209 590 providencia
1226 558 1316 591 pape
1332 544 1493 585 secundi,
1510 554 1605 578 anno
1620 542 1788 584 secundo,
1806 552 1948 584 presen-

318 603 413 637 tibus
431 602 474 636 ad
491 602 560 636 hoc
577 601 812 637 honoralibus
829 606 863 636 et
885 602 1051 636 diseretis
1068 602 1157 636 viris
1175 600 1360 645 magistris
1383 599 1493 634 Petro
1511 597 1652 632 Mentin
1677 601 1712 632 et
1735 596 1882 641 Rogero
1904 597 1950 632 de

320 657 428 699 Pape,
442 656 665 700 jurisperitis
682 656 876 697 advocatis,
896 656 1032 690 ,Iacobo
1047 655 1198 696 cesaris,
1217 654 1352 690 Alardo
1369 655 1413 688 de
1431 653 1534 687 Atrio
1550 657 1585 687 et
1602 651 1752 686 Daniele
1766 650 1949 695 Brassart,

319 711 469 745 notariis
485 711 580 745 dicte
604 711 705 744 curie
729 710 980 752 TornacensiS,
1007 711 1244 754 pluribusque
1268 709 1350 744 aliis
1373 708 1523 744 testibus
1546 707 1590 741 ad
1616 705 1789 750 premissa
1811 705 1950 740 vocatis

317 766 522 810 specialiter
539 770 574 800 et
590 766 740 810 rogatis.

361 820 420 854 Sic
435 821 637 864 signatum:
660 820 704 854 Et
719 832 786 864 ego
803 820 1030 855 Walrandus
1045 820 1088 853 de
1105 819 1340 859 Bauffremez,
1357 818 1511 852 clericus
1524 815 1764 852 Tornacensis
1781 816 1946 858 diocesis,

317 875 483 919 publicus
499 874 696 917 apostolica
713 875 928 910 auctoritate
946 886 987 909 ac
1006 874 1222 909 venerabilis
1239 875 1339 908 curie
1355 873 1568 917 episcopalis
1584 871 1827 907 Tornacensis
1842 874 1947 906 nota-

317 931 393 964 rius
409 934 443 964 et
459 930 746 973 scribajuratus,
764 930 850 972 quia
868 930 1050 974 premissis
1068 930 1237 964 omnibus
1253 932 1288 963 et
1306 928 1473 972 singulis,
1492 927 1579 961 dum
1591 927 1642 961 sic
1660 930 1700 961 ut
1722 926 1950 970 premittitur

318 998 382 1029 per
398 986 561 1021 dominos
587 997 685 1020 meos
708 984 863 1019 vicarios
879 988 1096 1019 memoratos
1118 987 1153 1018 et
1176 994 1298 1018 coram
1320 983 1370 1017 eis
1394 983 1602 1016 dicerentur
1621 983 1891 1025 agerenturque
1913 983 1949 1014 et

318 1043 456 1082 fierent,
476 1053 633 1075 unacum
659 1039 921 1083 prenominatis
945 1039 1097 1074 testibus
1115 1049 1260 1081 presens
1283 1038 1335 1072 fui
1353 1049 1465 1081 eaquc
1481 1038 1533 1071 sic
1552 1036 1630 1071 fieri
1655 1035 1729 1069 vidi
1754 1038 1789 1070 et
1811 1034 1948 1076 audivi,

316 1097 453 1131 idcirco
469 1096 540 1130 hiis
558 1095 784 1138 presentibus
802 1094 932 1128 litteris
948 1094 1023 1128 sive
1038 1093 1125 1127 huic
1142 1092 1299 1137 presenti
1316 1093 1462 1137 publico
1480 1093 1722 1126 instrumento
1739 1090 1949 1126 huiusmodi

318 1163 443 1186 eorum
467 1151 688 1186 sentenciam
715 1152 754 1185 in
780 1162 816 1185 se
841 1149 1109 1184 continentibus
1132 1150 1207 1184 sive
1228 1148 1428 1183 continenti
1458 1147 1588 1182 exinde
1619 1146 1804 1188 consectis,
1835 1157 1948 1181 manu

317 1207 529 1242 alterutrius
546 1207 700 1241 fideliter
724 1206 880 1249 scriptis,
896 1206 939 1240 de
955 1206 1137 1240 dictorum
1161 1205 1393 1240 dominorum
1415 1215 1579 1238 meorum
1604 1202 1826 1237 vicariorum
1848 1213 1951 1238 man-

317 1261 411 1301 dato,
438 1261 584 1302 signum
614 1273 735 1296 meum
760 1264 971 1295 consuetum
990 1260 1139 1304 apposui
1165 1271 1322 1294 unacum
1339 1270 1486 1294 suorum
1510 1259 1713 1293 officiorum
1729 1257 1949 1301 appensione

316 1316 536 1360 sigillorum,
568 1316 629 1350 hic
653 1328 710 1350 me
733 1326 843 1349 manu
867 1327 946 1349 mea
971 1314 1119 1358 propria
1142 1315 1371 1349 subscribens
1394 1313 1652 1358 premissorum
1682 1311 1880 1356 requisitus
1915 1315 1951 1347 et

331 1383 337 1390 “
365 1384 386 1399 0·
429 1383 481 1404 [IS—

320 1375 425 1415 looat
668 1413 917 1449 Stadsarchief
929 1425 998 1448 van
1014 1414 1177 1458 Brugge,
1204 1413 1449 1448 Cartularium
1467 1412 1644 1457 geheeten
1665 1411 1942 1453 Roodenboeck,

724 1470 784 1504 fol.
804 1471 864 1504 171
881 1470 1066 1503 verso-172
1084 1479 1195 1502 verso.

1071 1568 1198 1613 309.

381 1677 519 1726 1460,
546 1677 659 1718 Jum'
679 1675 755 1725 23,
783 1677 987 1719 Brussel.
1014 1676 1385 1732 Eereherstelling
1406 1691 1490 1719 van
1514 1675 1646 1720 Jacob
1669 1676 1721 1720 de
1742 1676 1951 1720 Gommiel

320 1745 425 1787 door
446 1745 613 1800 Philips
636 1745 717 1786 den
741 1745 900 1796 Goede,
929 1743 1085 1800 hertog
1107 1759 1191 1787 van
1215 1746 1504 1802 Bourgondie‚
1531 1745 1662 1801 graaf
1679 1759 1762 1788 van
1787 1746 1951 1789 Vlaan-

320 1814 468 1865 deren,
496 1828 591 1856 enz.
628 1813 955 1869 uitgesproken.
981 1837 1039 1845 —
1062 1814 1331 1872 ValscheliJ'k
1366 1829 1448 1857 van
1471 1815 1647 1872 ketterij
1682 1814 1891 1858 verdacht
1913 1813 1950 1856 is

320 1882 451 1926 Jacob
476 1880 580 1924 νόόι·
602 1882 683 1924 den
708 1882 867 1937 hertog
887 1883 1156 1925 verschenen
1180 1897 1247 1925 om
1271 1884 1382 1940 zijne
1416 1882 1625 1926 onschuld
1648 1887 1692 1926 te
1713 1882 1946 1941 bewijzen.

319 1953 377 1994 De
400 1952 559 2006 hertog
583 1950 702 1994 heeft
723 1950 821 1993 hem
845 1965 953 1993 naar
975 1951 1056 1993 den
1075 1951 1271 2006 bisschop
1290 1952 1337 1994 of
1355 1965 1462 1994 naar
1479 1952 1561 1994 den
1579 1951 1841 2008 inquisiteur
1863 1965 1949 1995 van

319 2020 508 2062 Doornik
547 2019 807 2062 verzonden.
843 2020 1002 2062 Gezien
1040 2020 1153 2076 zijne
1188 2021 1433 2077 vrijspraak
1455 2019 1563 2063 voor
1599 2021 1652 2063 de
1693 2020 1950 2078 geestelijke

319 2088 562 2132 rechtbank
584 2089 746 2137 aldaar,
774 2088 960 2130 herstelt
982 2089 1078 2130 hem
1098 2089 1149 2131 de
1171 2089 1330 2144 hertog
1352 2089 1569 2145 openbaar
1594 2089 1638 2131 in
1660 2090 1772 2146 zijne
1799 2102 1873 2132 eer
1895 2102 1945 2131 en

319 2158 462 2214 gelast
499 2157 538 2200 al
577 2158 689 2214 zijne
726 2156 1003 2199 ambtenaars
1037 2170 1103 2199 om
1141 2157 1240 2200 hem
1279 2158 1431 2200 daarin
1468 2161 1512 2201 te
1549 2157 1852 2202 beschermen.

365 2248 550 2292 Phelippe,
566 2260 631 2292 par
643 2249 678 2282 la
691 2260 799 2292 grace
820 2250 863 2283 dc
880 2249 971 2284 Dieu
988 2249 1057 2283 duc
1073 2249 1117 2283 de
1135 2250 1405 2294 Bourgoingne,
1424 2251 1467 2284 de
1484 2249 1644 2291 Lothier,
1663 2250 1707 2284 de
1724 2250 1887 2285 Brabant
1914 2252 1951 2285 et

321 2303 363 2337 de
382 2304 598 2347 Lembourg‚
618 2307 721 2337 conte
737 2304 780 2338 de
805 2304 988 2344 Flandres,
1007 2304 1173 2346 d'Artois,
1192 2305 1235 2339 de
1251 2305 1521 2349 Bourgofflgne,
1540 2305 1678 2349 palatin
1694 2305 1737 2339 de
1755 2304 1948 2349 Haynnau,

320 2359 364 2393 de
382 2358 568 2399 Hollande,
595 2359 638 2392 de
663 2359 830 2393 Zellande
854 2362 887 2392 et
915 2359 958 2393 de
976 2359 1126 2399 Namur,
1144 2359 1305 2402 marquis
1330 2360 1378 2394 du
1406 2360 1501 2394 saint
1527 2359 1685 2403 Empire,
1710 2358 1880 2403 seigneur
1904 2359 1949 2394 de

322 2412 433 2453 Frise,
449 2413 492 2448 de
509 2412 627 2447 Salins
643 2417 677 2447 et.
694 2413 737 2447 de
750 2413 913 2447 Malines.
929 2414 960 2448 A
976 2419 1056 2448 tous
1069 2414 1172 2447 ceulx
1186 2414 1247 2457 qui
1265 2425 1321 2448 ces
1337 2416 1517 2457 presentes
1530 2414 1652 2449 lettres
1667 2416 1825 2455 verront,
1840 2413 1946 2448 salut.

367 2467 494 2501 Savoir
520 2467 653 2501 saisons
681 2479 771 2501 nous
798 2468 900 2502 avoir
926 2479 1031 2502 recen
1060 2468 1195 2502 lumble
1221 2468 1461 2512 supplication
1487 2470 1531 2503 de
1558 2469 1691 2512 Jaques
1717 2469 1761 2503 de
1785 2468 1946 2512 Gomyel,

322 2521 510 2555 marc-hant
532 2522 576 2555 de
600 2522 635 2555 la
651 2521 776 2556 nation
801 2521 1015 2565 d’Espaigne
1030 2521 1188 2556 resident
1210 2533 1255 2556 en
1279 2525 1397 2557 nostre
1414 2522 1499 2557 ville
1522 2523 1566 2557 de
1589 2523 1740 2567 Bruges,
1757 2524 1951 2558 contenent

324 2586 392 2618 que
409 2586 546 2609 comme
570 2575 655 2610 ledit
679 2576 863 2619 suppliant
885 2587 923 2610 se
945 2576 1037 2610 feust
1061 2576 1142 2619 puis
1165 2578 1342 2620 nagaires,
1361 2580 1440 2612 tant
1466 2588 1558 2620 pour
1584 2577 1618 2612 le
1643 2577 1710 2612 fait
1731 2577 1776 2612 de
1798 2577 1834 2611 la
1857 2577 1952 2612 dicte

325 2629 453 2663 nacion
483 2641 619 2664 comme
644 2631 739 2664 aussi
763 2631 806 2664 de
835 2630 969 2665 sadicte
993 2631 1256 2673 marchandise,
1275 2635 1477 2676 transporte
1503 2643 1550 2666 ou
1577 2643 1664 2676 pays
1691 2631 1949 2676 d’Alemaigne,

324 2688 358 2718 et
385 2684 435 2718 lui
461 2688 575 2719 estant
590 2685 684 2725 illec,
710 2696 848 2720 aucuns
871 2686 914 2719 de
941 2696 995 2719 ses
1018 2685 1185 2729 hayneux
1202 2689 1236 2721 et
1252 2687 1487 2728 malveillans,
1500 2698 1544 2722 ne
1556 2689 1630 2721 scet
1645 2689 1667 2719 a
1690 2686 1808 2729 quelle
1831 2697 1950 2727 cause,

324 2739 545 2774 conchurent
563 2740 679 2783 hayne
695 2743 729 2775 et
744 2740 993 2775 malveillance
1005 2750 1025 2773 a
1039 2741 1223 2776 lencontre
1235 2742 1278 2776 de
1291 2742 1355 2783 lui,
1370 2742 1552 2776 tellement
1568 2752 1637 2785 que
1649 2751 1742 2784 pour
1756 2741 1790 2775 le
1803 2740 1952 2775 deffaire

324 2794 367 2827 de
395 2794 528 2828 sadictc
552 2795 802 2829 marchandise
830 2796 936 2830 firent
959 2796 1082 2831 courir
1104 2797 1139 2830 la
1164 2795 1247 2830 voix
1275 2797 1429 2840 pardeca
1444 2808 1513 2840 que
1536 2795 1624 2831 ledit
1646 2794 1830 2839 suppliant
1854 2793 1954 2830 avoit

323 2851 408 2881 tenu
436 2850 470 2882 ct
497 2849 599 2883 estoit
623 2850 667 2884 de
693 2851 729 2884 la
755 2854 848 2885 secte
876 2854 911 2885 et
938 2851 1165 2895 compaignie
1189 2851 1359 2885 d'aucuns
1383 2854 1502 2885 autres
1525 2850 1717 2885 marchans
1732 2850 1946 2895 d'Espaigne

323 2901 481 2936 ints-idom
497 2914 538 2937 cn
559 2907 676 2939 nostre
693 2904 787 2939 dicte
804 2905 889 2940 ville
904 2906 948 2940 de
966 2907 1106 2950 Bruges
1129 2906 1201 2940 lors
1217 2917 1364 2940 accusez
1387 2907 1430 2940 dc
1451 2905 1610 2948 heresye.
1630 2906 1675 2942 Et
1699 2917 1740 2941 ce
1754 2916 1848 2940 venu
1872 2907 1894 2939 a
1916 2905 1952 2940 la
