2097 3466
366 244 427 273 -ws
1044 233 1176 268 ANNO
1204 234 1308 267 1310

1117 369 1249 413 408.

430 499 568 551 1510,
600 497 793 541 Utreclzt.
820 498 879 540 De
903 494 1160 552 predikheer
1185 495 1371 538 Wouter
1392 494 1566 550 predikt
1590 495 1871 551 vrijmoedige
1909 509 1999 538 ser-

367 580 546 610 moenen
569 570 699 622 tegeri
721 565 772 608 de
794 564 1059 608 misbruiken
1086 563 1163 606 der
1185 563 1322 613 Kerk‚
1351 562 1494 605 wordt
1521 566 1591 605 ter
1613 562 1999 620 verantwoording

366 633 470 677 voor
502 633 709 677 Frederik
742 647 825 676 van
865 633 1027 682 Baden‚
1070 631 1269 686 bisschop
1304 643 1388 672 van
1423 631 1625 682 Utrecht,
1661 630 1873 687 gedaagd,
1899 630 2001 674 her-

366 706 489 759 roept
512 702 624 759 zijne
646 701 865 758 gezegden
888 714 942 744 en
968 700 1072 743 stelt
1104 699 1318 742 daardoor
1341 698 1455 756 zijne
1478 698 1741 755 aanklagers
1770 698 1995 743 tevreden.

412 827 506 862 Prae
522 827 688 861 omnibus
705 837 790 861 vero
806 825 887 860 aliis
901 825 1178 860 commemorari
1195 824 1300 860 debet
1318 823 1511 859 Gualterus
1525 823 1792 866 dominicanus,
1809 827 1914 868 cujus
1924 827 2001 869 jam

369 887 473 916 antea
498 882 591 916 sacta
616 882 684 916 suit
711 881 857 916 mentio.
888 881 931 922 Is,
966 885 1005 915 ut
1037 891 1079 914 ex
1112 882 1261 922 antiqua
1289 878 1463 913 memoria
1487 878 1577 913 alias
1605 879 1775 922 probabo,
1810 878 2002 924 Ultrajecti

369 941 451 972 ante
478 938 595 981 ipsum
624 936 823 972 Lutherum
846 940 923 979 Jam
953 945 1047 969 anno
1078 934 1218 969 decimo
1243 934 1355 969 seculi
1384 933 1516 968 decimi
1541 933 1671 976 quinti,
1699 933 1768 969 hoc
1792 939 1845 969 est
1867 939 2002 980 septem

369 991 473 1027 annis
488 996 571 1026 ante
588 990 963 1032 Lutlierum,liberius
980 1000 1105 1024 verum
1123 1000 1270 1023 monere
1288 987 1446 1022 instituit
1460 991 1567 1031 atque
1585 989 1718 1023 abusus
1731 988 1850 1024 varios
1863 993 2001 1035 notare,

369 1050 464 1085 unde
481 1054 668 1084 accusatus
685 1048 780 1091 apud
799 1048 824 1081 F
829 1047 1033 1082 redericum
1052 1045 1266 1086 Badensem,
1292 1055 1384 1087 quae
1407 1043 1506 1077 illius
1530 1043 1726 1078 infirmitas
1749 1048 1839 1086 erat,
1857 1055 2003 1080 revoca-

370 1105 469 1139 tione
485 1104 636 1146 aliquali
654 1101 829 1137 satisfecit
847 1099 1143 1142 adversariosque
1159 1110 1242 1133 suos
1258 1098 1403 1142 placare
1419 1098 1517 1132 visus
1534 1102 1596 1133 est.

718 1180 768 1214 M.
789 1178 1011 1213 Schoockius
1029 1175 1315 1220 Ultrajectensi5‚
1336 1175 1447 1210 Liber
1465 1175 1509 1209 de
1533 1175 1637 1210 bonis
1661 1175 1772 1220 vulqo
1788 1173 2002 1210 ecclesiasti-

760 1236 811 1268 cis
829 1233 948 1274 (ζέε-εἱς,
969 1233 1034 1268 blz.
1050 1232 1127 1266 752.
1147 1251 1190 1255 —
1208 1231 1268 1265 Zie
1285 1231 1356 1265 ook
1369 1231 1413 1265 de
1432 1231 1534 1274 Hoop
1549 1230 1722 1273 Scheffer,
1741 1229 2004 1266 Geschiedenis

762 1288 828 1322 der
851 1286 1196 1329 Kerkhervorminq
1222 1288 1263 1318 in
1287 1285 1509 1320 Nederland
1534 1297 1608 1320 υαη
1639 1285 1736 1320 haar
1761 1289 1934 1320 ontstaan
1956 1289 2005 1319 tot

764 1344 860 1385 4531,
873 1342 938 1377 blz.
959 1342 1000 1376 62
1015 1353 1059 1376 en
1073 1343 1128 1383 63,
1138 1341 1195 1375 die
1212 1343 1291 1384 zegt
1307 1340 1368 1374 dat
1385 1339 1479 1374 noch
1492 1339 1536 1374 de
1548 1344 1627 1375 acte
1643 1350 1714 1375 van
1726 1339 2006 1384 beschuldiging

762 1397 855 1432 noch
873 1397 916 1430 de
934 1394 1154 1438 herroeping
1172 1394 1265 1428 noch
1284 1394 1389 1437 eenig
1405 1393 1518 1428 ander
1534 1405 1640 1437 spoor
1662 1396 1728 1431 der
1750 1395 2005 1431 rechtshande-

763 1451 842 1495 ling
859 1455 966 1494 tegen
984 1450 1053 1484 den
1078 1447 1296 1492 predikheer
1312 1447 1470 1483 Wouter
1485 1448 1524 1482 in
1547 1449 1591 1483 de
1608 1447 1849 1485 Utrechtsche
1866 1449 2005 1485 archie-

762 1518 832 1541 ven
848 1510 883 1540 te
900 1505 1033 1539 vinden
1051 1504 1091 1546 is,
1116 1515 1218 1538 maar
1237 1515 1276 1538 et·
1289 1504 1336 1546 bij
1344 1507 1448 1547 voegt
1463 1503 1526 1538 dat
1541 1504 1703 1539 wellicht
1716 1505 1760 1540 de
1778 1503 2006 1549 belangrijke

764 1559 992 1600 beschemen,
1018 1559 1076 1593 die
1103 1558 1285 1592 Martinus
1313 1557 1536 1592 Schoockius
1564 1559 1611 1601 bij
1641 1561 1713 1602 zijn
1744 1559 1944 1603 overlinen
1970 1562 2006 1594 te

765 1614 962 1650 Frankfort
989 1624 1058 1647 aan
1088 1614 1157 1647 den
1187 1612 1282 1648 Oder
1306 1612 1344 1646 in
1378 1614 1462 1647 1669
1489 1613 1614 1654 naliet,
1640 1625 1723 1649 eens
1747 1625 1816 1648 aan
1840 1613 1910 1649 den
1933 1613 2006 1658 dag

761 1670 880 1704 zullen
896 1668 1029 1702 komen
1046 1672 1119 1702 met
1142 1670 1186 1701 de
1202 1667 1387 1708 memorie,
1406 1677 1552 1710 waarop
1569 1667 1620 1711 hij
1638 1667 1716 1702 zich
1741 1668 1822 1704 hier
1836 1669 2000 1712 beroept.

761 1743 804 1748 —-
828 1723 989 1758 Broeder
1012 1722 1170 1758 Wouter
1205 1722 1371 1765 predikte
1405 1722 1498 1756 later
1523 1721 1634 1765 (1520)
1662 1723 1700 1758 in
1735 1723 1805 1758 den
1839 1723 1896 1758 zin
1934 1734 2004 1758 van

763 1778 902 1814 Luther
919 1790 962 1812 en
980 1778 1049 1811 had
1066 1778 1217 1812 verdere
1233 1777 1466 1821 lotgevallen,
1481 1777 1538 1812 die
1556 1777 1593 1811 in
1609 1777 1671 1812 het
1686 1779 1823 1814 twe'ede
1839 1779 1918 1814 deel
1932 1789 2003 1813 van

761 1846 826 1869 ons
859 1833 997 1877 Corpus
1028 1831 1330 1866 documentorum
1361 1831 1624 1877 Inquisitionis
1651 1832 1770 1867 zullen
1801 1832 2002 1875 besproken

760 1888 1003 1932 worden.(Zie
1018 1887 1194 1922 daarover
1211 1886 1449 1928 Schoockius,
1466 1887 1570 1929 ibid„
1584 1898 1629 1922 en
1646 1888 1689 1922 de
1706 1886 1810 1932 Hoop
1829 1887 2001 1930 Scheffer,

763 1944 830 1979 blz.
849 1946 891 1979 83
908 1955 953 1978 en
969 1942 1080 1986 volg.)

1121 2083 1251 2127 409.

432 2211 604 2271 (1510),
631 2212 818 2255 Keulen.
845 2210 1180 2266 Aanteekening
1212 2223 1316 2252 over
1345 2209 1428 2252 den
1458 2208 1719 2265 predikheer
1751 2207 1883 2252 Jacob
1915 2219 2001 2252 van

370 2279 681 2335 Hoogstraten,
717 2278 974 2334 inquisiteur
1001 2292 1105 2321 over
1139 2277 1190 2320 de
1213 2275 1602 2321 aartsbisdommen
1633 2275 1822 2329 Keulen,
1858 2274 1999 2319 Mainz

372 2362 425 2391 θη
448 2348 584 2392 Trier.

415 2461 452 2494 F.
471 2461 626 2495 ,Iacobus
641 2461 684 2495 de
702 2460 922 2505 Hoogstratt,
950 2460 1074 2504 Belga,
1093 2459 1145 2493 sic
1168 2460 1213 2494 ab
1238 2458 1390 2503 originis
1420 2470 1505 2493 suae
1533 2458 1614 2493 loco
1645 2458 1862 2503 Hogostrato
1890 2457 2000 2502 vulgo

371 2515 614 2559 Hooyscraeen
631 2515 841 2559 Campiniae
858 2515 1101 2549 Brabantinae
1117 2513 1315 2557 municipio
1335 2513 1526 2549 comitatus
1550 2513 1657 2548 titulo
1675 2523 1696 2546 a
1713 2511 1878 2556 pluribus
1894 2510 2000 2545 annis

369 2570 542 2614 insignito
555 2571 841 2615 cognominatus,
858 2569 1162 2614 Lovaniijuvenis
1175 2569 1313 2603 artibus
1329 2569 1468 2604 studuit
1483 2572 1519 2604 et
1535 2569 1573 2602 in
1591 2579 1633 2602 ea
1649 2567 1822 2602 facultate
1839 2567 2000 2601 lauream

369 2637 463 2659 anno
479 2626 814 2661 MCCCCLXXXV
827 2624 1035 2669 reportavit.
1053 2624 1190 2659 Exinde
1205 2624 1374 2659 Coloniae
1390 2624 1596 2659 institutum
1615 2626 1778 2658 nostrum
1799 2622 1837 2666 [i.
1855 2633 1887 2658 e.
1905 2621 2000 2656 ordi-

371 2691 452 2714 nem
469 2680 772 2725 praedicatorum]
790 2681 1013 2724 amplexatus
1037 2690 1160 2713 sacrae
1181 2679 1385 2724 theologiae
1403 2679 1653 2723 magisterium
1677 2677 1812 2713 ibidem
1829 2675 1997 2718 obtinuit,

372 2735 479 2769 studii
505 2736 616 2770 nostri
640 2735 819 2780 generalis
837 2733 1059 2770 Coloniensis
1075 2733 1270 2776 primarius
1294 2745 1423 2778 regens
1447 2734 1557 2768 etiam
1581 2732 1767 2768 institutus
1795 2744 1817 2767 a
1841 2731 2000 2777 capitulo

372 2790 532 2833 generali
551 2790 683 2834 Papiae
699 2802 794 2824 anno
811 2789 952 2824 MDVII
968 2789 1160 2830 celebrato,
1179 2791 1256 2823 tum
1281 2792 1316 2823 et
1340 2789 1440 2832 prior
1463 2788 1622 2832 ejusdem
1640 2789 1836 2823 conventus
1851 2787 1997 2827 electus,

372 2856 414 2879 ac
440 2845 583 2880 tandem
608 2845 822 2881 auctoritate
846 2844 1042 2888 apostolica
1070 2854 1133 2887 pcr
1161 2843 1364 2887 provincias
1394 2843 1654 2885 emoniensem,
1680 2842 1936 2887 Moguntinam
1963 2842 1999 2876 et

372 2899 625 2935 Treverensem
654 2899 832 2944 generalis
862 2898 943 2933 fidei
972 2909 1098 2933 censor
1125 2903 1159 2932 ct
1191 2898 1372 2941 quaesitor
1400 2898 1611 2942 praefectus.
1643 2897 1710 2932 Vir
1736 2895 1936 2940 intrepidus
1964 2898 2000 2930 et
