2097 3466
779 235 912 273 ANNO
939 235 1041 271 1472
1685 234 1749 268 429

101 332 279 378 presbiter
301 330 596 367 coniurationem
620 330 810 374 excerpsit,
830 341 971 365 necnon
996 327 1309 364 conseruationem
1332 326 1546 362 eorumdum
1568 326 1746 362 librorum

101 386 272 423 scientias
300 386 516 430 dampnatas
546 384 824 426 continentium,
855 384 991 419 similia
1017 382 1172 418 dicenda
1195 383 1313 417 forent
1343 381 1437 416 sicut
1463 381 1508 417 de
1535 381 1745 426 presbitero,

100 441 187 485 quia
212 441 410 476 secundum
436 441 639 485 apostolum
664 441 708 475 ad
735 440 802 475 Ro.
825 443 865 475 1:
895 455 910 468 ιι
931 441 1012 475 Non
1031 439 1147 474 solum
1175 437 1278 482 digni
1302 440 1385 471 sunt
1413 441 1540 479 morte,
1570 436 1632 481 qui
1659 436 1749 472 talia

98 499 216 541 agunt
231 496 287 539 (de
313 496 446 539 quibus
463 496 512 531 ibi
531 495 718 539 loquitur),
736 495 798 531 sed
814 499 850 530 ct
871 496 932 539 qui
959 494 1190 529 consentiunt
1205 491 1432 532 facientibus,
1454 508 1470 521 n
1488 503 1532 527 ex
1549 504 1620 536 quo
1635 491 1748 527 trahi-

98 555 160 588 tur
187 551 280 586 illud
308 552 523 596 vulgatum:
559 554 706 595 agentes
739 554 773 585 et
805 550 1068 585 consentientes
1099 548 1178 592 pari
1209 558 1301 591 pena
1328 547 1530 590 puniuntur
1558 551 1745 591 quantum,

98 605 238 641 scilicet
259 606 306 640 ad
330 606 424 641 idem
440 617 554 650 genus
573 617 686 650 pene;
705 605 766 641 scd
782 609 905 641 utrum
930 605 969 640 in
993 604 1117 640 eodem
1134 613 1267 648 genere
1283 601 1474 646 equaliter,
1494 602 1661 647 relinquo
1677 603 1747 638 hoc

99 659 238 698 iudicio
255 660 488 697 dominorum
505 659 812 705 iurisperitorum.

453 735 652 778 Carhzrius,
670 735 750 772 dccl
765 735 793 778 Ι,
814 735 1079 779 verhandeling
1096 736 1148 769 10.

842 863 963 908 325.

167 992 283 1035 Vo'dr
318 987 578 1035 November
613 989 750 1040 1472,
786 991 834 1032 in
881 991 909 1032 't
939 988 1116 1033 bz'sdom
1149 989 1362 1033 Doornik
1396 1003 1448 1032 en
1483 986 1745 1044 Kamerzgjk.

98 1060 282 1104 Oordeel
306 1074 392 1103 van
424 1060 508 1103 den
542 1058 908 1115 Kamerijkschen
942 1058 1082 1101 deken
1115 1059 1298 1110 Carlier,
1326 1073 1380 1114 op
1406 1070 1631 1113 aanvraag
1662 1070 1749 1099 van

99 1129 183 1173 den
220 1129 404 1173 officiaal
437 1142 522 1172 van
561 1127 755 1171 Doornik
794 1126 1090 1184 uitgebracht,
1132 1141 1238 1170 over
1270 1127 1468 1171 achttien
1513 1125 1751 1169 verdachte

99 1198 333 1255 stellingen
371 1211 457 1242 van
501 1210 638 1241 eenen
670 1197 859 1241 zekeren
897 1197 1135 1248 Massinus,
1183 1197 1251 1240 die
1295 1201 1424 1254 tegen
1459 1197 1543 1240 den
1573 1198 1751 1251 pastoor

99 1267 240 1325 zijner
270 1267 476 1323 parochie
498 1266 639 1323 (Sinte
671 1266 945 1324 Kathelijne)
968 1279 1062 1308 was
1104 1270 1346 1322 opgestaan
1380 1279 1433 1308 en
1460 1265 1528 1308 die
1567 1265 1752 1307 daaren-

95 1335 254 1388 boven,
282 1336 415 1379 nadat
438 1336 498 1393 hij
524 1336 569 1379 in
593 1335 677 1378 den
702 1335 865 1378 kerker
885 1335 962 1378 der
985 1335 1213 1390 Inquisitie
1235 1349 1323 1378 was
1343 1347 1598 1390 geworpen,
1621 1331 1751 1375 aller-

97 1405 154 1448 lei
177 1404 383 1461 dolingen
407 1418 462 1448 en
485 1404 716 1460 gekheden
742 1404 828 1447 had
852 1404 1144 1460 verkondigd.
1173 1429 1226 1434 —
1252 1403 1399 1446 Onder
1422 1402 1490 1444 die
1514 1400 1752 1456 stellingen

97 1473 186 1530 zijn
226 1488 275 1517 er
309 1473 585 1524 kettersche‚
637 1472 954 1529 schandelijke‚
994 1473 1238 1528 oproerige‚
1277 1485 1373 1515 enz.
1411 1470 1485 1513 Uit
1519 1467 1753 1513 Massinus'

98 1544 224 1600 geval
247 1542 378 1602 blijkt
410 1544 642 1599 overigens
665 1542 748 1585 hoe
781 1542 1026 1599 gevaarlijk
1050 1554 1159 1586 voor
1181 1542 1233 1584 de
1272 1540 1428 1583 leeken
1456 1539 1534 1582 het
1555 1537 1751 1580 bezitten

97 1626 183 1657 van
206 1626 312 1656 eene
335 1613 555 1669 vertaling
575 1626 661 1655 van
686 1610 770 1655 den
794 1610 931 1669 Bijbel
954 1612 999 1654 in
1021 1611 1075 1654 de
1099 1609 1368 1654 moedertaal
1391 1609 1445 1652 is,

146 1736 385 1782 Qualificatz'o
401 1741 585 1771 certorum
602 1734 848 1770 articulorum
865 1741 896 1771 ec
920 1738 1023 1772 ratio
1040 1737 1118 1770 eius
1137 1739 1269 1769 contra
1287 1731 1487 1778 quemdam
1504 1735 1692 1766 errantem
1711 1732 1753 1764 in

98 1797 330 1827 sacramento
347 1793 558 1834 eucaristie,
580 1797 643 1827 etc.

143 1869 301 1905 Primus,
320 1868 457 1905 Verum
473 1880 606 1913 corpus
624 1868 772 1904 Domini
790 1868 904 1905 nostri
922 1868 1035 1904 Jhesu
1058 1866 1192 1904 Christi
1218 1877 1290 1901 non
1307 1868 1361 1901 est
1374 1864 1416 1900 in
1432 1864 1542 1899 missa
1558 1863 1629 1899 nisi
1645 1863 1751 1908 spiri-

97 1925 246 1961 tualiter
264 1928 300 1960 et
323 1936 387 1969 per
402 1925 578 1970 graciam,
599 1925 685 1968 quia
701 1924 752 1959 ibi
770 1935 843 1960 non
859 1927 912 1960 est
929 1924 1000 1959 nisi
1018 1922 1278 1968 repraeentatio
1295 1921 1450 1965 predicti
1475 1919 1553 1955 veri
1571 1919 1748 1964 corporis.

100 1979 278 2016 Similiter
292 1980 331 2015 in
347 1980 460 2016 calice
476 1984 555 2025 post
570 1980 882 2016 consecrationem
907 1992 981 2017 non
997 1983 1051 2016 est
1071 1991 1179 2015 verus
1194 1977 1344 2023 sanguis
1358 1976 1495 2012 Christi
1510 1987 1576 2020 pro
1593 1975 1696 2010 nobis
1713 1976 1751 2011 in

99 2046 207 2071 cruce
218 2035 364 2077 effusus,
383 2036 444 2071 sed
461 2039 515 2071 est
529 2035 581 2070 ibi
598 2036 715 2071 solum
733 2035 996 2080 representatio
1023 2034 1177 2079 predicti
1194 2033 1272 2069 veri
1300 2031 1502 2077 sanguinis,
1530 2030 1633 2065 iuxta
1659 2031 1751 2065 illud

99 2091 196 2134 quod
223 2090 396 2126 scribitur
422 2091 461 2126 in
489 2091 704 2135 Euangelio,
743 2091 839 2134 quod
868 2091 1033 2126 Christus
1060 2091 1210 2134 loquens
1237 2089 1281 2123 de
1307 2088 1376 2122 hac
1400 2086 1555 2122 materia
1583 2085 1726 2121 dicebat
1743 2099 1750 2120 :

101 2159 117 2173 ιε
136 2145 215 2180 Nisi
232 2145 545 2180 manducaueritis
564 2156 711 2180 carnem
730 2145 794 2187 filij
813 2144 970 2180 hominis
986 2148 1022 2180 et
1038 2143 1202 2179 biberitis
1218 2143 1296 2178 eius
1309 2142 1538 2187 sanguinem,
1555 2151 1628 2175 non
1644 2140 1752 2175 habe-

99 2200 183 2236 bitis
200 2200 313 2236 vitam
330 2200 368 2236 in
384 2199 497 2235 vobis.
520 2216 536 2230 n
555 2200 735 2235 Dixerunt
751 2200 946 2244 discipuli:
969 2215 985 2228 u
1005 2201 1127 2235 Durus
1154 2203 1208 2234 est
1230 2199 1292 2233 hic
1319 2209 1450 2239 sermo,
1466 2201 1502 2231 et
1530 2196 1610 2240 quis
1637 2199 1753 2240 potest

99 2265 182 2289 eum
199 2255 351 2290 audire?
367 2272 382 2285 n
401 2254 601 2299 Respondit
618 2255 748 2290 Jhesus
764 2267 771 2290 ε
793 2269 808 2283 α
826 2255 904 2290 Hoc
920 2267 983 2290 vos
1000 2254 1244 2297 scandalizat;
1261 2253 1410 2298 spiritus
1423 2256 1476 2288 est
1492 2251 1556 2297 qui
1572 2250 1749 2292 viuificat,

99 2318 185 2343 caro
201 2319 274 2344 non
290 2308 435 2352 prodest
450 2307 635 2353 quicquid.
653 2308 785 2348 Verba,
805 2320 875 2352 que
891 2309 1034 2344 locutus
1058 2320 1138 2343 sum
1155 2307 1269 2349 vobis,
1288 2307 1438 2351 spiritus
1461 2309 1497 2341 et
1514 2305 1591 2341 vita
1618 2309 1713 2340 sunt.
1733 2321 1750 2335 n

99 2363 190 2399 Item
206 2363 294 2398 alibi
311 2363 487 2408 scriptum
500 2367 553 2400 est
565 2363 605 2398 in
619 2363 822 2408 Euangelio
836 2376 844 2398 :
860 2378 876 2392 κ
893 2363 965 2399 Ubi
981 2364 1053 2399 duo
1066 2363 1210 2399 veltres
1226 2361 1438 2407 congregati
1453 2363 1539 2396 sunt
1550 2361 1591 2396 in
1605 2360 1752 2396 nomine

98 2430 190 2461 meo,
205 2418 245 2454 in
269 2419 387 2454 medio
403 2430 530 2454 eorum
557 2430 648 2453 sum.
670 2433 685 2446 u
702 2418 811 2454 Modo
836 2419 1004 2454 sacerdos
1020 2422 1074 2454 est
1091 2429 1196 2460 unuS,
1215 2420 1251 2453 et
1273 2417 1386 2452 verba
1401 2427 1471 2461 que
1488 2416 1628 2460 profert
1643 2414 1750 2457 alius,

98 2473 150 2508 sic
182 2473 346 2509 Christus
375 2477 428 2509 est
452 2474 491 2508 in
518 2473 638 2509 medio
667 2484 732 2518 per
759 2473 935 2518 graciam.

144 2531 176 2564 2.
195 2528 291 2564 Deus
307 2532 360 2564 est
376 2528 415 2563 in
431 2528 552 2569 missa,
572 2528 602 2562 si
619 2529 785 2564 sacerdos
800 2532 853 2564 est
870 2529 977 2564 Deus.

143 2587 176 2620 3.
197 2585 352 2621 Curatus
369 2583 501 2620 Sancte
514 2584 727 2626 Katherine,
746 2584 786 2620 in
812 2584 915 2620 cuius
932 2583 1106 2629 parochia
1123 2583 1186 2619 ille
1203 2582 1385 2619 Massinus
1407 2584 1585 2623 moratur,
1605 2593 1678 2617 non
1695 2586 1748 2618 est

101 2651 187 2675 suus
210 2643 370 2681 curatus,
389 2639 475 2684 quia
499 2651 584 2674 suus
601 2639 769 2684 proprius
785 2643 945 2681 curatus,
967 2639 1029 2684 qui
1046 2650 1130 2674 eum
1157 2639 1345 2673 absoluere
1361 2640 1489 2682 potest,
1505 2641 1558 2672 est
1581 2637 1620 2672 in
1648 2637 1746 2679 celis,

96 2697 203 2741 juxta
219 2695 335 2731 illud:
362 2710 378 2723 u
399 2694 631 2731 Confitemini
656 2694 822 2738 Domino,
843 2694 1015 2740 quoniam
1031 2695 1159 2736 bonus,
1178 2693 1352 2738 quoniam
1367 2692 1407 2728 in
1424 2693 1586 2728 seculum
1608 2692 1747 2728 miseri-

101 2751 230 2787 cordia
246 2751 336 2787 eius.
357 2767 373 2781 n

145 2810 177 2842 4.
197 2806 252 2842 Ita
268 2806 362 2842 bone
378 2808 463 2841 sunt
479 2804 661 2841 orationes
675 2804 716 2840 in
733 2804 869 2850 campis
885 2807 950 2841 aut
966 2804 1006 2840 in
1021 2804 1127 2840 domo
1143 2803 1238 2839 sicut
1253 2803 1294 2839 in
1309 2801 1473 2845 ecclesia,
1492 2802 1581 2847 quia
1596 2801 1749 2838 ecclesia

102 2860 206 2897 istius
222 2859 374 2897 Massini
391 2864 444 2897 est
467 2859 634 2905 superius
648 2860 687 2895 in
708 2859 807 2901 celis,
827 2861 937 2904 juxta
952 2859 1045 2895 illud
1068 2859 1165 2904 quod
1185 2857 1277 2894 dicit
1300 2857 1476 2893 Dominus
1501 2857 1743 2900 Samaritano,

104 2915 302 2953 secundum
317 2915 414 2961 quod
429 2915 468 2951 in
492 2927 560 2951 sua
576 2915 721 2960 vulgari
746 2915 859 2951 biblia
880 2915 971 2951 dicit
994 2926 1070 2951 esse
1085 2914 1263 2958 scriptum
1278 2925 1285 2948 z
1300 2913 1463 2955 Femme,
1481 2924 1568 2957 croy
1584 2924 1629 2948 en
1646 2924 1745 2957 moy,
