2097 3466
701 232 835 268 ANNO
863 235 1107 277 114S,1153
1688 239 1730 273 33

88 325 186 362 vitae
209 326 346 371 positus
369 330 471 369 esset,
490 327 698 372 adimpleat.
717 329 825 366 Vovit
842 331 949 372 enim,
971 334 1011 366 ut
1029 331 1131 373 dicit,
1151 331 1181 365 si
1200 341 1326 366 eorum
1352 330 1490 366 meritis
1508 332 1543 365 et
1559 329 1727 373 precibus

90 381 240 417 evadere
253 387 382 426 posset,
399 383 495 426 quod
513 395 637 418 eorum
663 384 791 419 limina
814 386 965 421 devotus
982 386 1159 429 visitaret,
1179 390 1220 421 ut
1244 386 1330 431 ipsis
1347 386 1550 430 gratiarum
1567 385 1728 420 actiones

88 447 154 481 pro
171 442 381 472 conservata
398 439 514 473 salute
530 439 753 482 rependeret.
776 440 877 474 Alios
895 452 979 475 vero
994 441 1101 484 liujus
1113 441 1248 476 erroris
1266 441 1462 484 participe<
1479 451 1540 484 per
1558 439 1730 482 religiosa

88 491 168 526 loca
184 491 384 534 divisimus,
407 493 494 536 quid
511 506 619 537 super
636 494 687 528 eis
704 496 747 528 ad
766 497 1032 531 correctionem
1052 497 1234 537 agendum
1254 496 1301 530 sit
1318 508 1339 530 a
1354 496 1454 530 vobis
1470 499 1727 539 exspectantes.

88 545 285 582 Praeterea
315 548 460 583 caritati
492 555 631 584 vestrae
659 550 890 585 notificamus
920 552 1019 594 quia,
1039 552 1238 586 seeundum
1256 553 1349 594 quo-l
1373 552 1416 585 ab
1435 550 1492 584 liis
1511 550 1573 593 qui
1591 562 1611 584 a
1629 551 1731 584 nobis

86 600 298 644 deprehensi
324 607 418 644 sunt,
448 605 665 648 accepimus,
698 617 822 640 omues
856 606 985 640 Gallici
1021 606 1125 651 regni
1152 612 1260 650 atque
1287 606 1398 640 nostri
1425 605 1590 639 civitates
1618 605 1728 648 hujus

87 656 222 692 erroris
238 669 375 694 veneno
388 671 430 693 ex
445 664 547 703 parte
564 672 699 706 magna
716 661 869 696 infectae
884 665 977 696 sunt.
997 661 1193 696 I‘rovideat
1210 661 1332 704 itaque
1345 665 1485 695 vestrae
1496 660 1727 703 paternitatis

86 712 260 755 sollertia,
275 725 319 750 ne
335 714 435 750 virus
451 716 520 751 hoe
537 716 647 752 altius
671 721 804 761 serpat,
823 717 884 753 sed
909 717 1073 753 cauterio
1098 717 1315 762 diligentiae
1338 716 1509 753 salutaris
1533 716 1723 758 aduratur,

87 770 128 803 ut
143 767 303 806 deficiat.
326 769 431 805 Vale.

391 837 558 875 Martene
573 850 618 875 en
635 839 796 882 Durand,
811 839 1061 885 Amplissz'ma
1076 838 1255 882 collectio,
1274 838 1354 875 deel
1367 839 1393 881 1,
1412 838 1480 876 blz.
1497 840 1562 875 776
1579 849 1623 875 en
1639 841 1720 874 777.

864 971 943 1014 31.

149 1095 286 1146 1148,
322 1097 480 1140 Maart
510 1098 587 1148 21,
625 1099 796 1141 Rez'ms.
831 1098 1072 1142 Uittreksel
1105 1098 1167 1141 uit
1202 1097 1254 1140 de
1292 1097 1494 1141 Canones
1527 1110 1613 1140 van
1648 1098 1725 1142 het

83 1163 271 1208 Coneilie
294 1165 444 1208 aldaar
466 1166 572 1209 door
591 1180 698 1222 paus
720 1167 940 1223 Eugenius
964 1168 1026 1210 III
1047 1166 1294 1223 gehouden,
1322 1169 1451 1222 tegen
1477 1165 1529 1209 de
1558 1165 1725 1210 ketters

85 1247 138 1277 en
161 1234 310 1278 hunne
334 1236 628 1292 aanhangers.
651 1263 705 1268 —
725 1237 937 1281 Niemand
957 1251 1056 1294 mag
1079 1237 1130 1279 de
1147 1236 1332 1287 ketters,
1361 1236 1428 1279 die
1446 1236 1488 1279 in
1513 1237 1541 1280 ’t
1565 1237 1726 1280 Zuiden

84 1318 170 1347 van
203 1305 440 1363 Frankrijk
475 1320 526 1348 en
553 1306 695 1349 elders
727 1305 986 1364 verblijven,
1015 1309 1266 1362 ontvangen
1293 1305 1339 1348 of
1365 1305 1643 1362 verdedigen,
1673 1321 1725 1363 op

84 1374 201 1418 straf
218 1389 301 1418 van
326 1376 409 1418 den
432 1376 664 1420 banvloek.
691 1377 805 1419 Over
830 1378 906 1420 het
928 1380 1099 1433 geWest
1121 1391 1205 1420 van
1231 1376 1445 1432 dengene,
1475 1376 1542 1418 die
1565 1376 1593 1419 't
1616 1376 1725 1419 doen

81 1457 176 1497 zon,
202 1445 268 1487 zal
292 1445 320 1488 't
342 1444 561 1502 kerkelijk
585 1445 788 1488 interdiet
810 1445 988 1489 worden
1010 1445 1340 1502 uitgesproken.

126 1557 261 1593 XVIII.
279 1558 340 1593 Nc
356 1560 438 1604 quis
456 1558 741 1594 haeresiarchas
759 1565 790 1593 et
809 1571 981 1606 sequaces
1000 1565 1251 1595 manuteneat.

126 1612 221 1653 Quia
237 1615 347 1648 etiam
365 1615 562 1657 apostolica
587 1615 686 1649 sedes
705 1615 800 1657 quod
828 1620 968 1650 rectum
988 1620 1040 1650 est
1065 1615 1253 1651 consuevit
1271 1617 1410 1649 attenta
1439 1612 1595 1648 conside.
1608 1612 1728 1646 atione

82 1667 285 1710 defendere,
305 1674 339 1704 et
357 1669 452 1712 quod
471 1669 618 1704 devium
635 1669 825 1704 invenitur
842 1683 917 1705 esse
936 1671 1108 1709 devitare,
1140 1670 1341 1714 praesentis
1357 1668 1492 1703 decreti
1511 1667 1728 1702 auctoritate

81 1723 326 1768 praecipimus
350 1728 391 1758 ut
415 1725 537 1759 nullus
563 1725 712 1759 omnino
736 1724 929 1760 hominum
956 1725 1230 1761 haeresiarchas
1256 1728 1290 1759 et
1314 1736 1439 1759 eorum
1465 1734 1645 1766 scquaccS,
1666 1724 1728 1766 qui

82 1778 120 1813 in
145 1779 308 1822 partibus
334 1779 559 1814 Guasconiae
585 1784 648 1814 aut
668 1780 885 1815 Provinciae
909 1781 966 1815 vel
991 1781 1079 1815 alibi
1108 1783 1396 1820 commorantur,
1414 1783 1647 1813 manuteneat
1671 1779 1727 1812 vel

81 1834 262 1873 defendat,
282 1845 348 1869 nec
373 1835 505 1878 aliquis
534 1834 585 1869 eis
613 1835 650 1869 in
675 1839 773 1869 terra
790 1847 855 1869 sua
881 1836 1151 1879 receptaculum
1170 1835 1352 1879 praebeat.
1374 1833 1409 1868 Si
1436 1833 1515 1876 quis
1532 1837 1651 1867 autem
1669 1833 1726 1867 vel

81 1901 141 1925 eos
155 1890 199 1924 de
213 1894 356 1924 caetero
373 1891 533 1924 retinere
550 1890 606 1924 vel
624 1891 670 1923 ad
688 1890 779 1924 alias
797 1895 917 1934 partes
936 1891 1207 1934 proficiscentes
1225 1901 1351 1924 corum
1369 1889 1483 1923 errori
1503 1888 1729 1922 consentiens

81 1945 242 1988 recipere
267 1945 359 1980 sorte
384 1945 679 1989 praesumpserit,
702 1956 773 1988 quo
792 1946 909 1980 iratus
929 1945 1024 1980 Deus
1042 1945 1182 1979 animas
1198 1945 1357 1988 pereutit
1377 1942 1608 1977 anathemite
1627 1943 1729 1976 seria-

81 2005 141 2034 tur
172 2004 207 2034 et
233 2000 273 2034 in
303 2001 411 2035 terris
442 2011 581 2042 eorum,
608 2000 722 2035 donec
755 2000 935 2044 condigne
969 2000 1207 2041 satisfaciant,
1241 1999 1366 2033 divina
1399 1997 1576 2033 celebrari
1608 1998 1727 2032 officia

80 2054 346 2091 interdicimus.

431 2109 566 2154 Mansi,
585 2111 665 2146 deel
681 2110 785 2153 XXI,
802 2109 868 2145 blz.
889 2110 966 2145 718.
986 2109 1107 2153 (hiso,
1127 2109 1206 2145 decl
1225 2108 1269 2152 II,
1287 2108 1358 2143 blz.
1382 2108 1453 2152 52).

862 2236 946 2280 32.

143 2363 282 2414 1153,
318 2364 552 2410 Februari
575 2365 618 2415 5,
648 2365 806 2408 Rome.
842 2365 923 2408 Bul
961 2377 1042 2407 van
1073 2376 1181 2420 paus
1214 2364 1435 2420 Eugenius
1465 2363 1526 2405 III
1558 2378 1640 2408 aan
1674 2364 1726 2408 de

79 2434 412 2492 geestelijkheid
452 2450 505 2479 en
546 2436 597 2479 de
639 2435 868 2479 bewoners
911 2449 998 2478 van
1037 2435 1065 2478 ’t
1106 2433 1271 2477 bisdom
1310 2433 1496 2477 Atreeht
1534 2447 1638 2477 over
1676 2435 1728 2477 de

78 2503 249 2548 ketters
281 2505 456 2548 hunner
487 2508 727 2562 gewesten.
754 2529 812 2535 ——
844 2505 904 2547 De
934 2517 1040 2559 paus
1071 2506 1183 2559 zegt‚
1213 2502 1288 2545 dat
1316 2503 1374 2560 hij
1409 2506 1452 2546 te
1483 2503 1619 2546 Rome
1650 2504 1726 2547 het

78 2572 239 2617 bezoek
274 2588 358 2617 van
393 2574 476 2617 den
503 2573 827 2618 Atrechtsehen
864 2572 1064 2628 bisschop
1097 2571 1371 2614 Godesehalk
1402 2571 1519 2614 heeft
1541 2576 1726 2615 ontvan-

79 2655 179 2699 gen,
202 2643 270 2686 die
289 2642 388 2686 hem
407 2646 472 2688 tot
490 2644 603 2701 ziJne
622 2646 774 2700 groote
793 2642 1018 2686 droesheid
1036 2641 1204 2697 gemeld
1222 2640 1356 2692 heeft,
1380 2640 1454 2683 dat
1477 2654 1524 2683 er
1542 2641 1586 2684 in
1605 2642 1727 2684 diens

78 2712 243 2756 bisdom
266 2713 437 2757 ketters
459 2718 504 2758 te
526 2714 685 2757 vinden
709 2714 814 2772 zijn.
839 2715 949 2757 Deze
974 2711 1177 2756 trachten
1201 2710 1305 2753 zelfs
1330 2711 1424 2753 veel
1447 2711 1726 2767 aanhangers

80 2783 121 2826 te
139 2782 334 2826 winnen.
362 2784 422 2826 De
444 2797 552 2839 paus
577 2782 762 2834 beveelt‚
791 2782 866 2826 dat
889 2796 987 2826 men
1012 2782 1088 2826 het
1111 2782 1268 2824 vonnis
1292 2781 1397 2824 door
1421 2781 1502 2824 den
1528 2780 1726 2837 bisschop

77 2854 166 2895 met
187 2851 330 2909 zijnen
356 2851 644 2909 geestelijken
667 2851 773 2896 raad
797 2854 930 2909 tegen
965 2851 1051 2894 hen
1076 2849 1387 2907 uitgesproken
1417 2853 1532 2894 moet
1565 2849 1729 2894 eerbie-

77 2919 224 2978 digen.

1618 2994 1638 3026 3
