2097 3466
324 273 389 305 320
1006 270 1137 305 ANNO
1164 272 1180 304 1
1194 270 1264 304 431

323 364 452 407 zeker
484 363 642 419 geding
674 377 757 406 aan
789 364 938 420 wijlen
969 363 1195 405 kardinaal
1229 362 1423 417 Angelus
1457 360 1635 404 werden
1668 359 1946 416 voorgelegd.

324 433 739 488 Niettegenstaande
762 432 824 474 dit
848 431 1016 474 hebben
1050 432 1204 474 zekere
1239 430 1517 486 inquisiteurs
1542 444 1595 473 en
1620 429 1855 472 monniken
1877 428 1954 471 der

324 500 584 543 bedelorden
618 501 719 543 deze
752 514 869 542 arme
909 499 1112 542 broeders
1146 514 1199 542 en
1238 502 1407 542 zusters
1431 512 1483 554 op
1507 498 1674 541 allerlei
1696 498 1822 555 wij2e
1854 510 1952 539 ver-

325 572 514 612 ontrust.
540 569 712 611 Gehoor
745 569 939 625 gevende
973 582 1055 612 aan
1095 569 1170 612 het
1211 567 1413 611 smeeken
1453 567 1545 610 dier
1578 566 1834 622 onschuldig
1855 578 1953 608 ver-

324 637 524 692 volgden,
553 641 696 680 neemt
728 637 779 679 de
803 651 908 691 paus
931 637 1016 679 hen
1037 638 1153 679 allen
1188 640 1276 679 met
1299 637 1447 679 hunne
1480 636 1636 678 huizen
1660 649 1714 678 en
1737 634 1952 691 goederen

325 705 458 747 onder
480 706 592 762 zijne
626 705 926 761 bescherming
960 711 1088 762 tegen
1122 706 1173 748 de
1203 706 1482 760 inquisiteurs
1519 718 1572 746 en
1606 705 1754 746 hunne
1792 702 1952 746 andere

325 773 544 830 vijanden‚
571 788 655 816 aan
678 775 761 817 wie
788 774 1006 817 verboden
1028 774 1172 816 werdt
1196 774 1263 816 die
1286 773 1490 816 broeders
1515 787 1568 815 en
1593 775 1760 815 zusters
1785 771 1952 827 eenigs-

325 843 416 885 zins
438 847 482 885 te
505 842 813 899 benadeeligen
839 843 885 884 of
903 848 946 886 te
979 843 1230 885 vonnissen.
1259 842 1320 899 Op
1344 842 1567 885 voorhand
1599 841 1777 884 worden
1800 840 1953 896 derge-

326 910 430 966 lijke
452 912 686 954 vonnissen
710 912 785 954 der
808 911 1087 966 inquisiteurs
1120 911 1256 967 nietig
1288 910 1536 954 verklaard.
1562 911 1621 953 De
1658 909 1862 952 broeders
1899 921 1953 951 en

326 985 494 1023 zusters
517 980 655 1022 zullen
683 980 1026 1023 ondertusschen
1051 994 1135 1022 aan
1159 980 1210 1022 de
1232 979 1518 1035 bisschoppen
1542 993 1596 1022 en
1618 980 1766 1022 hunne
1788 978 1955 1034 geeste-

325 1047 504 1104 litheid
532 1048 575 1090 in
604 1049 710 1091 alles
735 1049 1002 1104 onderdanig
1035 1049 1133 1104 zijn.
1163 1049 1222 1090 De
1255 1048 1536 1104 bisschoppen
1571 1051 1741 1090 moeten
1773 1059 1949 1102 zorgen,

326 1116 402 1159 dat
424 1116 492 1158 die
515 1116 720 1159 broeders
745 1131 798 1160 en
822 1121 991 1160 zusters
1015 1118 1057 1159 in
1081 1118 1229 1160 hunne
1251 1117 1409 1159 huizen
1430 1116 1592 1173 blijven
1615 1130 1670 1159 en
1688 1115 1779 1158 niet
1794 1114 1955 1158 zonder

326 1184 482 1227 redens
500 1185 782 1241 rondloopen;
798 1186 849 1228 de
865 1186 1255 1241 wederspannigen
1273 1186 1451 1228 kunnen
1470 1185 1520 1241 zij
1540 1185 1727 1236 bannen,
1743 1183 1848 1226 zelfs
1866 1185 1955 1226 met

325 1253 377 1295 de
409 1253 512 1308 hulp
537 1267 622 1297 van
645 1254 728 1296 den
747 1255 1049 1311 wereldlijken
1067 1268 1175 1298 arm.
1201 1255 1260 1297 De
1280 1254 1593 1309 onschuldigen
1611 1253 1753 1296 zullen
1776 1252 1881 1295 door
1902 1251 1954 1294 de

327 1321 637 1377 kerkprelaten
661 1325 791 1378 tegen
815 1323 866 1365 de
884 1323 1165 1377 inquisiteurs
1190 1337 1243 1365 en
1265 1323 1413 1366 hunne
1430 1323 1589 1365 andere
1607 1322 1863 1378 vervolgers
1879 1319 1954 1362 des

327 1390 462 1433 noods
486 1390 540 1447 bij
567 1391 720 1433 middel
745 1392 821 1434 der
843 1392 1096 1448 geestelijke
1125 1406 1312 1435 censuur
1333 1391 1585 1434 beschermd
1607 1390 1802 1433 worden.
1828 1389 1952 1432 Hier·

328 1459 448 1501 mede
473 1459 547 1501 wil
586 1459 637 1502 de
670 1474 776 1515 paus
815 1461 897 1503 den
935 1464 1049 1504 staat
1081 1460 1174 1503 dier
1204 1460 1408 1503 broeders
1445 1474 1499 1503 en
1532 1463 1702 1502 zusters
1738 1459 1952 1502 nochtans

329 1528 419 1570 niet
439 1529 504 1570 als
527 1542 632 1571 eene
655 1529 910 1586 geesteliJke
933 1529 1035 1572 orde
1058 1528 1354 1586 goedkeuren.

372 1652 573 1697 Eugenius.
587 1678 595 1686 .
609 1676 618 1687 .
640 1653 907 1689 venerabilibus
937 1654 1110 1689 fratribus
1149 1653 1366 1695 Coloniensi,
1408 1652 1635 1695 Treuerensi,
1677 1650 1953 1697 Maguntinensi

329 1709 528 1752 ceterisque
555 1709 836 1753 archiepiscopis
867 1714 901 1745 et
927 1714 1001 1745 tam
1029 1722 1153 1745 eorum
1176 1709 1415 1756 suffraganeis
1437 1721 1545 1753 quam
1572 1709 1653 1744 aliis
1677 1707 1852 1753 episcopis
1875 1706 1954 1743 uni-

328 1766 440 1799 versis
455 1777 518 1809 per
533 1765 773 1806 Alemaniam,
794 1765 1027 1800 Brabantiam
1052 1770 1086 1800 et
1111 1765 1320 1799 Flandriam
1336 1765 1554 1806 constitutis,
1570 1765 1616 1799 ad
1638 1775 1726 1807 quos
1748 1766 1954 1807 praesentes

327 1819 470 1854 litterae
487 1819 727 1862 pervenerint,
746 1820 898 1853 salutem
915 1823 950 1854 et
965 1820 1199 1863 apostolicam
1216 1819 1520 1854 benedictionem.
1562 1814 1563 1817 ’

371 1874 448 1909 Piis
463 1875 555 1910 votis
571 1874 745 1915 fidelium,
763 1875 826 1917 qui
842 1875 906 1908 sub
920 1874 1137 1908 humilitatis
1153 1874 1233 1918 piae
1256 1874 1352 1909 vitae
1368 1874 1532 1909 sedulum
1558 1874 1712 1909 Domino
1735 1873 1953 1908 famulatum

325 1929 550 1972 impendunt,
584 1929 656 1962 illis
686 1928 909 1971 praesertim,
941 1929 1004 1971 qui
1030 1928 1344 1972 tranquillitatem,
1371 1939 1495 1972 pacem
1528 1932 1562 1963 et
1585 1932 1718 1963 statum
1741 1937 1954 1972 prosperum

328 1982 523 2017 eorundem
541 1983 717 2025 respicere
733 1982 982 2026 dinoscuntur,
998 1995 1038 2017 eo
1055 1982 1225 2017 libentius
1242 1983 1374 2017 favoris
1388 1982 1575 2026 apostolici
1591 1982 1811 2026 praesidium
1824 1982 1953 2026 impar-

325 2037 388 2072 tiri
405 2038 574 2072 debemus
590 2049 660 2081 quo
676 2049 718 2072 ex
735 2049 860 2072 eorum
877 2038 997 2081 quiete
1017 2038 1199 2074 Altissimo
1218 2038 1413 2073 famulatus
1429 2039 1570 2082 gratior
1587 2037 1798 2073 exhibetur.

373 2089 516 2123 Dudum
533 2090 708 2132 siquidem
725 2090 839 2124 felicis
862 2091 1121 2125 recordationis
1140 2091 1316 2135 Gregorio
1341 2102 1452 2133 papae
1475 2090 1666 2125 undecimo
1690 2088 1955 2133 praedecessori

327 2149 449 2179 nostro
467 2144 640 2187 exposito,
658 2145 752 2187 quod
768 2144 935 2179 nonnulli
949 2156 991 2179 ex
1007 2144 1107 2178 vobis
1123 2156 1185 2179 seu
1202 2145 1534 2188 praedecessoribus
1550 2144 1678 2179 vestris
1694 2147 1728 2179 et
1744 2143 1808 2178 alii
1825 2142 1865 2178 in
1880 2154 1956 2178 ves-

327 2199 393 2233 tris
406 2198 613 2233 civitatibus
630 2202 665 2233 et
680 2199 903 2233 dioecesibus
918 2199 1068 2233 dilectos
1091 2199 1185 2233 filios
1210 2200 1252 2234 de
1276 2199 1377 2234 cellis
1399 2211 1461 2234 seu
1486 2199 1713 2234 voluntariae
1733 2197 1956 2242 paupertatis

327 2264 502 2296 pauperes
529 2254 770 2287 communiter
798 2257 1025 2296 nuncupatos
1056 2254 1243 2288 occasione
1277 2254 1431 2288 vestium
1467 2265 1554 2297 quas
1592 2256 1775 2298 gestarent
1804 2251 1957 2287 diversis

328 2307 500 2341 molestiis
515 2312 549 2342 et
565 2308 709 2342 iniuriis
725 2308 909 2343 afficerent
924 2308 963 2342 in
977 2309 1171 2343 eorundem
1189 2320 1387 2353 pauperum
1401 2309 1674 2352 detrimentum3
1693 2307 1789 2342 idem
1805 2306 1954 2351 praede-

330 2375 447 2399 cessor
463 2368 595 2404 noster,
613 2363 736 2397 volens
748 2363 927 2397 dictorum
944 2374 1144 2406 pauperum
1160 2363 1390 2398 indemnitati
1414 2363 1614 2407 providere,
1633 2362 1735 2396 vobis
1751 2366 1786 2396 et
1810 2362 1955 2406 praede-

330 2418 529 2454 cessoribus
547 2417 643 2461 ipsis,
661 2417 868 2452 nominibus
885 2417 1040 2461 propriis
1057 2429 1129 2452 non
1147 2418 1332 2461 expressis,
1350 2418 1424 2453 suis
1440 2418 1538 2452 dedit
1560 2417 1692 2452 litteris
1708 2416 1747 2451 in
1763 2416 1953 2458 mandatis,

329 2477 370 2507 ut
396 2474 503 2507 certis
530 2473 646 2507 modis
674 2476 708 2506 et
732 2472 856 2506 formis
872 2472 984 2515 quieti
1001 2478 1036 2506 et
1058 2473 1315 2516 tranquillitati
1339 2473 1520 2508 dictorum
1543 2483 1742 2516 pauperum
1765 2471 1954 2515 providere

330 2527 505 2562 curaretis
519 2539 581 2561 seu
597 2532 779 2568 curarent,
797 2530 906 2570 prout
921 2526 959 2560 in
983 2527 1116 2561 eisdem
1141 2527 1282 2568 litteris,
1301 2538 1456 2570 quarum
1479 2531 1582 2562 tenor
1604 2527 1688 2561 talis
1712 2530 1775 2567 est,
1794 2525 1952 2561 contine-

330 2586 415 2615 tur:
439 2582 640 2626 Gregorius
659 2583 860 2626 episcopus,
879 2586 945 2614 cet.
969 2581 1014 2623 (1)
1041 2582 1095 2622 Et,
1123 2581 1216 2615 sicut
1241 2593 1354 2626 nuper
1379 2582 1595 2625 accepimus.
1620 2583 1735 2616 bonae
1757 2580 1954 2615 memoriae

331 2636 511 2677 quondam
529 2635 744 2678 Eueharius,
763 2636 950 2679 episcopus
965 2635 1256 2677 Wormatiensis,
1271 2637 1315 2670 ad
1330 2637 1534 2671 litterarum
1548 2636 1815 2680 praedictarum
1829 2647 1955 2670 execu-

332 2691 479 2730 tionem,
512 2691 637 2735 vigore
668 2692 839 2734 ipsarum,
858 2690 1054 2734 apostolica
1081 2694 1116 2725 et
1146 2692 1328 2733 quondam
1356 2690 1376 2725 J
1381 2690 1533 2725 ohannis
1559 2691 1602 2725 de
1633 2691 1760 2731 Ceruo,
1791 2689 1955 2724 officialis

329 2743 562 2787 Coloniensis,
589 2746 773 2780 ordinaria
800 2745 1076 2780 auctoritatibus
1105 2746 1174 2780 rite
1204 2746 1419 2789 procedente
1442 2746 1583 2780 eosdem
1614 2755 1790 2788 pauperes
1820 2743 1955 2778 Christi

331 2800 455 2834 fideles
472 2805 506 2835 et
521 2801 717 2836 catholicos
729 2812 771 2836 ao
781 2800 960 2836 virtutum
973 2812 1015 2835 ac
1028 2801 1204 2836 bonorum
1216 2812 1365 2844 operum
1382 2804 1572 2836 sectatores
1585 2799 1705 2834 debita
1717 2798 1951 2842 inquisitione

374 2931 420 2974 (1)
444 2930 520 2966 Den
545 2930 639 2966 tekst
662 2932 764 2967 dezer
786 2932 850 2966 bul
873 2931 975 2967 vindt
997 2942 1080 2966 men
1105 2930 1242 2975 hooger
1265 2931 1379 2966 onder
1404 2934 1443 2965 nr
1467 2932 1550 2965 225.
