2097 3466
802 242 935 278 ANNO
960 254 990 278 c.
1019 244 1118 277 1380
1725 245 1790 280 249

154 336 285 373 moniis
307 347 350 372 ae
373 339 518 381 patrum
541 336 732 373 sentenciis
755 336 878 381 sicque
900 339 1060 374 armatus
1088 337 1270 383 ingressus
1286 340 1340 374 est
1361 339 1509 381 bellum,
1528 338 1557 374 si
1581 351 1653 385 quo
1676 340 1781 377 modo

153 395 271 438 posset
295 391 340 427 de
369 391 470 427 hoste
497 391 660 428 obtinere
689 391 927 437 triumphum.
959 393 1116 429 Cernens
1146 397 1267 429 autem
1297 393 1355 428 vir
1386 394 1451 429 Dci
1481 395 1601 431 hostes
1631 395 1670 431 in
1697 408 1781 431 arce

153 450 337 484 manentes
352 447 559 483 subvertere
575 448 747 492 populum
765 449 860 483 unde
877 449 1051 483 Dominus
1074 449 1210 484 solebat
1232 452 1422 493 protegere
1445 461 1527 485 eum
1544 453 1651 494 atque
1667 452 1783 486 multa

153 503 296 538 evolare
311 502 700 547 scandalorumjacula
721 503 817 539 unde
836 504 998 539 solebant
1019 515 1187 539 emanare
1201 504 1376 539 salutaria
1391 505 1664 547 medicamenta,
1683 507 1783 541 velut

153 557 256 603 pugil
272 559 478 593 strenuus..
497 560 533 593 et
553 558 718 594 invocato
736 558 929 594 fortissimo
948 559 1011 594 Dei
1030 559 1178 594 brachio
1195 560 1295 594 verbi
1319 560 1383 594 Dei
1406 561 1528 605 gladio
1545 561 1628 596 totis
1646 561 1784 596 viribus

152 613 338 659 satagebat
364 624 521 657 purgare
537 616 573 648 et
595 613 712 648 hostes
728 614 940 648 debellando
964 614 1047 649 inde
1068 614 1256 658 projicere.
1277 615 1485 651 Predicavit
1509 616 1606 651 enim
1624 617 1782 660 Trajecti

151 679 274 704 coram
289 667 458 702 universo
475 668 571 703 clero
599 669 748 713 longum
773 672 808 704 et
835 669 1055 713 solempnem
1079 680 1280 704 sermonem
1300 673 1427 705 contra
1450 671 1635 706 focaristas
1652 683 1784 716 rogans

151 723 190 758 in
205 723 311 758 initio
327 723 536 758 innocentes
551 726 592 758 ut
607 723 793 759 discedant
809 724 854 758 ab
870 724 941 758 hiis
958 724 1175 768 turpissimis
1191 724 1471 760 fornicatoribus
1487 737 1603 770 neque
1625 727 1784 762 favorem

152 789 268 822 neque
294 778 517 814 defensiones
543 779 735 822 preberent
758 779 830 813 eis:
860 793 875 807 u
895 779 1078 821 Recedite,
1103 779 1282 823 inquiens,
1310 781 1487 816 recedite!
1516 782 1618 817 Exite
1642 783 1725 817 inde
1749 786 1785 817 et

151 833 329 878 pollutum
346 833 457 868 nolite
473 836 622 878 tangere
638 835 644 868 !
668 850 683 863 ³⁹
702 834 854 868 Domum
871 845 1063 879 aggressus
1080 837 1133 870 est
1149 834 1243 879 ipsos
1259 835 1485 879 turpissimos
1502 837 1650 872 ecclesie
1667 838 1784 872 hostes

150 891 186 923 et
200 888 398 923 multorum
415 892 621 923 sanctorum
634 888 814 923 dictorum
832 888 1110 924 auctoritatibus
1126 889 1244 923 valide
1261 890 1455 933 prostravit
1471 902 1541 925 eos.
1559 891 1647 932 Quis
1663 895 1784 927 autem

150 944 290 978 fructus
305 954 370 987 pro
393 946 480 977 tunc
496 943 623 978 saltem
645 943 729 978 inde
753 947 896 978 secutus
912 947 963 978 cst
987 946 1158 988 tempore,
1178 947 1329 979 testatur
1349 945 1387 979 in
1411 945 1561 989 epistola
1584 947 1630 981 ad
1654 947 1784 991 magis-

149 1001 247 1033 trum
265 997 512 1032 Guilhelmum
529 1000 713 1033 cantorem
731 997 971 1033 parisiensem
985 999 1029 1040 (1)
1045 998 1097 1033 ita
1111 998 1254 1033 dicens:
1275 1013 1290 1026 u
1307 999 1359 1034 De
1375 1000 1642 1035 concubinariis
1658 1013 1783 1037 verum

149 1053 285 1088 dicitur
301 1054 396 1098 quod
412 1065 484 1088 non
500 1056 584 1088 sunt
607 1065 729 1089 omnes
746 1054 908 1098 corrupti
932 1066 993 1089 seu
1011 1054 1168 1098 correpti
1190 1057 1226 1090 et
1241 1054 1347 1090 multi
1369 1055 1612 1090 conscienscia
1628 1057 1779 1092 onerati.

149 1108 270 1150 Multi,
303 1108 468 1150 credatis,
487 1109 666 1144 emendati
697 1112 781 1144 sunt
811 1109 1035 1154 simpliciter,
1054 1121 1209 1154 quorum
1240 1111 1335 1145 Deus
1367 1110 1487 1155 tetigit
1517 1112 1637 1146 corda.
1671 1112 1780 1147 Multi

147 1163 258 1199 etiam
273 1163 397 1199 mitius
414 1167 540 1209 agunt,
559 1164 683 1199 multis
706 1164 894 1199 fornicarii
919 1169 1002 1200 sunt
1025 1164 1272 1209 opprobrium.
1293 1165 1340 1200 Os
1356 1165 1561 1201 volcncium
1579 1178 1638 1201 cos
1661 1167 1780 1202 defen-

148 1219 244 1261 dere,
263 1218 325 1263 qui
349 1221 489 1264 pejores
511 1219 563 1254 eis
586 1222 671 1254 sunt
694 1223 729 1255 et
757 1220 859 1262 fiunt,
886 1221 1110 1255 obstructum
1133 1223 1197 1255 est.
1216 1220 1350 1264 Aliqua
1374 1221 1529 1266 collegia
1552 1222 1590 1256 in
1615 1223 1782 1266 Trajecto

148 1275 321 1310 mundata
351 1277 450 1316 sunt,
484 1274 607 1319 aliqua
642 1275 761 1310 adhuc
799 1276 993 1312 sordidata.
1036 1276 1300 1317 Hemtieorum,
1334 1276 1395 1320 qui
1435 1277 1584 1312 ecclesie
1623 1289 1687 1321 per
1724 1290 1784 1313 eos

147 1330 382 1371 insultabant,
412 1341 450 1365 os
478 1331 701 1365 obstructum
729 1334 792 1366 est.
815 1347 830 1360 ’ν
849 1331 925 1366 Hoc
952 1331 1015 1366 ille
1041 1332 1186 1366 demum
1209 1334 1250 1366 ut
1272 1333 1446 1376 populum
1470 1344 1491 1366 a
1515 1333 1783 1376 predicatorum

147 1385 391 1421 hereticorum
417 1384 671 1420 infectionibus
699 1388 842 1421 sanaret
871 1389 978 1430 atque
1006 1387 1223 1427 defenderet,
1254 1398 1397 1421 omnem
1425 1387 1653 1432 diligentiam
1680 1388 1780 1423 adhi-

147 1440 238 1476 buit.
257 1439 490 1475 Discurrebat
513 1451 577 1483 per
599 1440 817 1484 provincias,
846 1441 1028 1476 scribebat
1051 1441 1231 1485 epistolas.
1258 1441 1473 1476 Informavit
1497 1443 1619 1478 doctos
1646 1443 1784 1487 pariter

147 1498 183 1531 et
210 1495 372 1531 indoctos
399 1506 540 1530 necnon
567 1498 603 1530 et
628 1495 864 1531 ecclesiarum
892 1496 1048 1540 prelatos
1079 1499 1256 1540 quatenus
1282 1496 1350 1530 sibi
1382 1508 1424 1531 ac
1453 1497 1527 1531 suis
1558 1498 1710 1533 subditis
1738 1500 1783 1534 ab

146 1551 354 1596 hujusmodi
391 1551 561 1595 luporum
591 1550 732 1586 insidiis
762 1554 866 1586 caute
897 1551 1110 1596 vigilarent.
1153 1551 1239 1596 Egit
1269 1551 1379 1587 etiam
1411 1553 1507 1596 apud
1538 1554 1782 1589 venerabilem

147 1606 353 1651 pontificem
369 1606 600 1641 Floreneiiun
625 1609 832 1651 ceterosque
857 1607 1012 1651 prelatos
1028 1610 1205 1650 quatenus
1228 1607 1401 1642 canonice
1425 1611 1551 1643 contra
1574 1621 1634 1644 eos
1658 1621 1780 1654 proce-

146 1663 295 1707 derent3
314 1663 410 1707 quod
431 1666 466 1698 et
490 1663 626 1698 factum
648 1666 724 1706 est;
753 1675 837 1698 nam
861 1663 999 1708 primus
1027 1666 1106 1708 post
1133 1667 1286 1699 mortem
1309 1664 1352 1698 de
1377 1664 1568 1707 sepulchro
1585 1667 1778 1706 extractus,

145 1720 199 1754 est
213 1717 358 1762 publice
373 1718 590 1753 combustus.
611 1717 730 1753 Ceteri
753 1718 824 1753 duo
841 1730 924 1753 cum
940 1717 1008 1753 sibi
1034 1718 1290 1753 adherentibus
1306 1719 1351 1753 ad
1373 1718 1604 1762 punicionem
1621 1719 1779 1754 revocati

144 1775 240 1808 sunt.
260 1771 395 1808 Civitas
418 1772 527 1808 etiam
553 1772 771 1816 Campensis,
796 1773 860 1807 ubi
887 1772 1044 1808 maxime
1071 1773 1279 1817 hujusmodi
1307 1785 1410 1808 error
1436 1773 1566 1818 viguit,
1586 1785 1654 1818 que
1683 1774 1783 1818 prius

145 1827 265 1863 virum
278 1827 344 1862 Dei
361 1827 618 1863 freneticorum
635 1839 735 1862 more
751 1827 918 1862 dentibus
934 1827 1148 1872 discerpere,
1167 1827 1314 1873 ignibus
1332 1829 1544 1864 comburere
1559 1832 1596 1864 et
1611 1829 1780 1864 fluctibus

145 1883 286 1928 operire
302 1883 422 1928 potius
446 1883 589 1918 volebat
616 1894 724 1927 quam
748 1883 864 1918 eidem
888 1883 1083 1918 salubriter
1098 1883 1309 1925 auscultari,
1327 1895 1396 1927 que
1424 1883 1534 1918 etiam
1561 1883 1780 1928 discipulum

144 1940 222 1985 ejus
237 1938 471 1980 Wernerum,
489 1942 667 1974 rectorem
689 1939 784 1974 scole
802 1938 1020 1982 Campensis,
1038 1939 1164 1974 eadem
1181 1939 1224 1974 de
1241 1950 1349 1973 eausa
1365 1950 1387 1974 a
1409 1950 1446 1974 se
1467 1940 1667 1984 expulerat,
1682 1952 1780 1975 nunc

144 2004 208 2038 per
225 1993 467 2029 mutacionem
483 1994 607 2029 dextre
632 1993 773 2028 Excelsi
797 1996 832 2029 et
856 1993 1145 2038 predicacionem
1161 1994 1217 2029 sui
1242 1994 1369 2029 famuli
1393 1994 1431 2029 in
1456 1998 1597 2030 tantum
1621 1999 1674 2032 est
1699 1997 1780 2032 illu-

143 2048 282 2084 minata
304 2051 340 2084 et
363 2049 407 2083 ad
431 2048 595 2084 divinum
620 2049 759 2084 cultum
778 2051 958 2092 provecta,
987 2052 1027 2084 ut
1053 2049 1163 2094 hujus
1186 2050 1270 2084 novi
1295 2050 1447 2085 fervoris
1474 2062 1567 2086 nova
1595 2051 1781 2097 virginum

143 2103 363 2139 monasteria
393 2107 578 2140 construat
621 2115 664 2139 ac
694 2104 871 2138 famulum
902 2103 968 2139 Dei
1006 2104 1217 2140 defunctum
1248 2108 1478 2147 venerentur,
1520 2117 1626 2150 quem
1657 2106 1780 2141 vivum

144 2160 461 2204 persequebantur.

501 2234 585 2270 Vita
600 2235 779 2279 Mayistri
799 2233 962 2269 Gerardi
979 2234 1114 2279 Maqni
1130 2245 1202 2279 per
1223 2233 1417 2268 dominum
1434 2234 1589 2269 Petrum
1605 2236 1778 2270 Hornum

534 2289 681 2331 collata,
699 2289 927 2324 handschrift
942 2296 983 2324 n⁰
1000 2291 1189 2324 8849-8859
1204 2289 1269 2324 der
1285 2289 1523 2333 Koninklijke
1546 2290 1778 2326 Bibliotheek

533 2348 569 2380 te
586 2345 744 2386 Brussel,
762 2344 824 2378 fol.
845 2346 865 2378 9
882 2356 983 2379 verso
999 2355 1045 2378 cn
1062 2347 1114 2379 10.
1129 2364 1173 2369 —
1189 2344 1305 2379 Reeds
1321 2345 1568 2388 grootendeels
1584 2345 1779 2390 afgedrukt

536 2399 626 2434 door
641 2399 704 2434 W.
722 2399 824 2441 Moll,
857 2398 964 2434 Geert
992 2398 1125 2433 Groota
1149 2399 1205 2433 als
1230 2399 1476 2434 ketterhamcr
1498 2399 1536 2434 in
1559 2399 1603 2434 de
1624 2400 1777 2434 Studien

535 2465 580 2488 en
604 2454 812 2498 Bijdrayen
837 2464 882 2498 op
906 2453 926 2486 't
945 2453 1079 2498 yebz'ed
1103 2453 1170 2487 der
1192 2452 1410 2488 historische
1434 2453 1625 2499 theologie,
1644 2455 1722 2489 decl
1747 2455 1775 2496 I,

534 2509 601 2543 blz.
629 2511 693 2543 344
720 2520 765 2543 en
792 2508 903 2552 volg.,
935 2508 1072 2542 alwaar
1102 2507 1173 2542 ook
1203 2519 1289 2543 over
1319 2508 1363 2543 de
1390 2507 1468 2543 drie
1498 2509 1778 2553 bovengemelde

534 2563 668 2598 ketters
691 2563 895 2608 gehandeld
911 2563 1038 2598 wordt.

185 2769 230 2810 (1)
255 2766 344 2802 Hier
370 2767 488 2802 wordt
515 2767 665 2803 bedocld
693 2766 844 2802 Willem
867 2767 911 2803 de
935 2767 1186 2809 Salvavarilla,
1213 2770 1340 2802 cantor
1362 2777 1433 2801 van
1458 2766 1577 2810 Parijs
1599 2777 1645 2802 en
1669 2768 1779 2801 aarts-

141 2823 275 2859 diaken
298 2835 369 2858 van
393 2823 555 2858 Brabant
578 2822 642 2865 (zie
666 2823 795 2858 verder
819 2835 884 2858 ons
907 2824 991 2858 stuk
1015 2831 1053 2858 nr
1078 2825 1164 2866 235).
1184 2823 1251 2859 Die
1279 2823 1376 2858 brief
1400 2834 1469 2857 van
1499 2822 1607 2858 Geert
1635 2822 1778 2858 Groote›

142 2889 312 2914 waarvan
330 2878 460 2914 Petrus
479 2878 603 2913 Hoorn
619 2877 701 2913 hier
717 2889 783 2913 een
800 2877 990 2914 uittreksel
1010 2878 1218 2920 mededeelt,
1238 2878 1337 2913 komt
1355 2877 1429 2913 niet
1446 2889 1533 2913 voor
1549 2878 1596 2920 bij
1616 2879 1778 2923 Aequoy'

144 2933 307 2971 Gerardi
323 2934 457 2978 Maqni
473 2933 648 2978 epistolae
668 2934 728 2968 XI
738 2934 772 2968 V.
