2097 3466
772 217 902 252 ANNO
929 219 1027 252 1472
1656 223 1718 255 ⁴43

97 309 303 354 prudenter.
324 309 470 344 Creauit
485 308 581 344 enim
601 310 695 344 Deus
718 310 839 344 omnia
863 310 900 345 in
925 322 1084 351 numere,
1111 310 1266 354 pondere
1290 313 1325 345 et
1347 321 1527 351 mensura,
1553 311 1719 355 quodque

98 365 230 399 bonum
255 364 344 398 bene
373 363 450 398 fieri
479 368 629 408 oportet.
659 364 718 399 sed
737 376 806 399 non
824 366 1018 400 secundum
1037 365 1247 409 sapientiam
1269 365 1468 406 hominum,
1487 377 1556 409 que
1573 366 1720 400 inimica

97 422 149 454 est
176 419 262 459 Deo,
292 418 352 453 sed
380 419 575 453 secundum
607 419 719 460 illam,
747 431 815 463 quo
846 420 1032 455 desursum
1065 423 1117 455 est
1141 432 1231 464 pura
1255 424 1290 454 et
1314 420 1556 454 immaculata.
1577 421 1719 456 Dictum

97 476 216 508 autem
234 473 326 508 beati
344 473 530 514 Bernardi,
558 474 586 508 si
604 473 764 514 memini,
796 474 947 510 dicentis
979 475 1073 519 quod
1104 475 1230 509 modus
1247 474 1408 509 caritatis
1431 479 1484 509 est
1501 486 1570 510 non
1589 475 1721 510 habere

97 528 254 569 modum,
275 527 492 572 intelligitur
520 529 614 572 quod
637 540 680 564 ex
704 532 804 573 parte
828 529 957 564 obiecti
982 529 1120 565 seilicet
1143 529 1220 569 Dei,
1239 529 1301 572 qui
1325 528 1498 570 infinitus,
1518 541 1589 564 non
1614 530 1720 565 habet

97 583 255 623 modum,
274 583 334 617 sed
353 595 395 617 ex
420 586 520 626 parte
536 583 698 624 subiecti,
717 584 779 619 sic.

105 672 108 682 ,
140 637 205 673 Ille
228 637 343 681 igitur
370 637 621 672 formidolosus
648 649 719 673 non
745 638 881 673 audens
912 639 1032 673 iurare
1063 637 1145 673 fidei
1176 637 1349 672 articulos
1379 638 1494 673 eciam
1525 638 1719 682 requisitus

97 704 218 729 coram
235 691 390 728 concilio
406 691 488 726 fidei
505 692 698 736 diligenter
715 697 749 728 et
766 693 887 728 stricte
903 693 1140 733 examinetur,
1159 695 1192 727 et
1213 693 1429 736 procedatur
1444 693 1640 728 secundum
1655 704 1721 727 sua

97 757 276 791 responsa.
296 747 377 781 Non
395 748 514 781 tamen
541 747 734 781 obseruare
761 751 900 790 oportet
923 758 1045 782 omnes
1069 746 1241 782 terminos
1266 746 1357 781 iuris
1381 746 1474 781 sicut
1498 747 1535 781 in
1560 748 1719 788 materijs

98 801 302 847 prophanis.
330 801 411 836 Dixi
443 805 568 836 contra
594 803 701 837 talem
730 802 1006 846 procedendum,
1025 802 1110 846 quia
1126 802 1233 846 longe
1257 805 1309 836 est
1324 813 1345 836 a
1362 801 1556 845 prophetis,
1575 801 1637 845 qui
1655 812 1719 845 pro

98 857 168 891 fide
195 856 286 900 passi
303 859 397 897 sunt,
420 855 514 890 inter
529 868 616 899 quos
634 857 758 891 Ysaias
774 856 942 891 sustinuit
967 856 1160 891 sectionem
1185 856 1347 899 corporis
1370 867 1434 900 per
1458 855 1721 899 longitudinem

99 912 211 957 ipsius
227 923 290 956 per
314 923 462 953 serram,
490 914 530 947 ut
552 912 689 953 dicunt,
707 912 864 955 ligneam
890 912 1093 956 incipiendo
1112 923 1134 945 a
1150 911 1283 955 capite3
1303 911 1483 952 Ieremias,
1503 923 1663 946 carceres
1689 915 1725 946 et

98 970 272 1009 mortem3
298 970 332 1001 et
358 966 530 1010 prophete
558 966 674 1007 multi,
704 967 765 1010 qui
796 979 817 1001 a
841 967 947 1011 longe
977 967 1182 1001 salutabant
1205 977 1296 1005 eam.
1329 969 1365 1001 et
1393 967 1551 1001 nondum
1576 969 1723 1000 venerat

99 1025 238 1066 tempus
254 1020 500 1065 plenitudinis,
530 1032 593 1065 pro
609 1033 651 1056 ea
678 1021 810 1056 mortui
838 1025 931 1062 sunt,
951 1021 1057 1065 longe
1081 1022 1126 1056 ab
1143 1020 1359 1065 apostolicis,
1378 1021 1485 1065 longo
1503 1021 1548 1055 ab
1565 1032 1721 1065 euange-

99 1077 201 1118 listis,
219 1077 327 1121 longe
343 1087 364 1110 a
379 1075 600 1115 martiribus,
619 1076 726 1120 longe
743 1075 896 1120 denique
913 1088 934 1110 a
950 1084 1072 1111 sancta
1090 1075 1252 1116 ecclesia,
1272 1087 1340 1118 que
1358 1087 1422 1119 per
1437 1076 1560 1110 orbem
1577 1074 1722 1110 uniuer-

99 1144 179 1168 sum
194 1135 354 1167 sanctam
371 1131 477 1166 fidem
495 1131 696 1166 confitetur.
726 1131 862 1166 Redeat
879 1131 923 1165 ad
941 1142 1014 1171 cor,
1040 1141 1119 1165 eam
1137 1131 1352 1165 confiteatur
1368 1130 1482 1165 eciam
1506 1129 1721 1170 iuramento,

98 1187 128 1223 si
145 1186 334 1223 necessitas
350 1186 523 1230 requirat,
541 1189 648 1230 atque
665 1187 707 1221 de
723 1197 787 1221 suo
804 1189 950 1231 peccato
969 1190 1054 1230 agat
1073 1185 1308 1229 penitentiam
1322 1185 1519 1220 secundum
1532 1184 1724 1220 arbitrium

99 1243 327 1280 dominorum
346 1241 577 1277 vicariorum.

449 1317 641 1360 Carlerius,
660 1318 739 1354 deel
754 1317 800 1360 H,
817 1317 1081 1363 verhandeling
1096 1321 1149 1352 44.

856 1489 974 1534 364.

165 1653 391 1696 Tusschen
417 1652 540 1696 1472
556 1664 611 1695 en
639 1651 773 1701 1475,
796 1651 843 1694 in
867 1652 893 1694 ’t
909 1650 1085 1694 bisdom
1102 1652 1237 1696 Luik.
1264 1653 1601 1710 Aanteekening
1625 1667 1729 1697 over

101 1721 183 1764 den
206 1721 448 1764 Luikschen
470 1720 699 1764 karmeliet
721 1719 888 1763 Hubert
927 1720 1138 1771 Leonard‚
1166 1720 1234 1764 die
1268 1722 1332 1764 als
1364 1721 1622 1778 inquisiteur
1643 1736 1728 1766 van

101 1790 177 1834 het
212 1789 376 1833 bisdom
414 1789 522 1832 Luik
558 1792 690 1845 tegen
723 1789 877 1832 zekere
913 1789 1082 1832 ketters
1115 1803 1200 1832 van
1237 1790 1382 1848 NijVel
1421 1790 1635 1834 handelde
1673 1805 1728 1835 en

103 1858 363 1916 schriftelijk
389 1859 537 1902 hunne
559 1858 761 1914 dolingen
779 1857 1039 1914 weerlegde.

105 2015 117 2026 x
146 1982 332 2017 Hubertus
349 1981 584 2024 Leonardus,
601 1981 787 2017 carmelita
801 1981 1019 2023 Leodiensis,
1039 1982 1227 2026 provincia
1244 1982 1419 2018 Franciae
1431 1983 1599 2018 alumnus
1602 2012 1726 2026 .....

104 2037 310 2074 Leodiensis
335 2037 444 2072 studii
469 2039 668 2081 praefectus
692 2049 714 2071 a
739 2036 996 2081 Christophoro
1019 2037 1252 2082 Martignono
1279 2050 1374 2073 anno
1404 2041 1488 2073 1472
1516 2039 1730 2075 constitutus

106 2123 230 2130 .....
249 2094 448 2138 Inquisitor
463 2092 665 2128 haereticae
681 2091 868 2136 pravitatis
884 2092 1001 2126 factus
1019 2092 1238 2134 Leonardus‚
1257 2096 1384 2128 contra
1409 2094 1582 2137 quosdam
1605 2094 1728 2130 haere-

103 2149 194 2186 ticos
209 2151 241 2185 N
244 2149 430 2185 ivellenses
445 2160 509 2194 per
524 2147 716 2183 dioecesim
734 2146 978 2188 Leodiensem,
998 2147 1117 2191 inquit
1133 2148 1366 2190 Trithemius,
1385 2148 1506 2193 gladio
1524 2148 1561 2183 S.
1574 2149 1731 2193 Spiritus

103 2216 163 2241 eos
179 2203 407 2240 confutativit
423 2206 459 2238 et
481 2202 569 2237 vicit
581 2201 739 2236 scribens
755 2212 843 2245 opus
856 2201 1131 2236 celeberrimum
1149 2206 1229 2237 octo
1255 2206 1291 2238 et
1313 2203 1444 2247 viginti
1469 2203 1731 2247 propositiones

104 2258 322 2304 principales
353 2257 551 2296 continens.
585 2256 623 2291 in
653 2267 724 2300 quo
755 2255 913 2291 todidem
943 2255 1116 2291 articulos
1148 2267 1315 2292 erroneos
1345 2256 1488 2292 fortiter
1518 2268 1560 2291 ac
1598 2257 1730 2293 diserte

105 2324 320 2359 oppugnans
341 2311 560 2357 reprobavit.

452 2388 561 2423 Pater
573 2387 699 2421 Cosme
714 2386 757 2421 de
765 2385 923 2426 Viuiers,
936 2385 1160 2421 Bibliotheca
1169 2387 1427 2428 carmelitana,
1446 2387 1524 2422 deel
1537 2387 1564 2428 Ι,
1580 2387 1653 2422 kol.
1666 2391 1730 2423 666

495 2454 539 2478 en
556 2444 632 2482 667,
663 2452 762 2476 waar
778 2441 848 2476 ook
864 2441 925 2476 het
940 2442 1151 2486 grafschrift
1166 2453 1236 2477 van
1252 2442 1320 2477 den
1337 2442 1555 2486 inquisiteur
1571 2442 1600 2476 is
1624 2454 1729 2487 opge-

496 2508 637 2538 nomen,
665 2497 726 2531 dat
748 2500 836 2531 voor
864 2496 926 2531 het
941 2497 1156 2541 hoogaltaar
1181 2509 1250 2532 van
1266 2497 1328 2532 het
1345 2497 1503 2532 Luiksch
1522 2497 1680 2532 klooster
1694 2501 1728 2533 te

496 2552 629 2586 vinden
652 2563 736 2586 was.
765 2551 850 2586 Men
867 2551 920 2585 las
935 2562 975 2586 er
992 2563 999 2585 ε
1022 2579 1143 2586 .....
1163 2565 1178 2578 u
1197 2551 1258 2595 qui
1285 2551 1463 2586 haeresim
1489 2551 1729 2587 Nivellensem

499 2607 536 2642 in
572 2606 628 2641 his
669 2606 830 2650 partibus
860 2609 1081 2651 grassantem
1121 2606 1327 2650 profligavit
1353 2623 1381 2640 n.
1414 2625 1457 2631 —
1488 2607 1609 2641 Onder
1638 2609 1729 2649 zijne

495 2662 641 2697 werken
671 2662 786 2697 wordt
810 2662 935 2696 aldaar
959 2662 1139 2696 vermeld:
1160 2676 1175 2689 u
1197 2662 1331 2696 Contra
1349 2660 1389 2694 N
1390 2661 1582 2695 wellenses
1605 2661 1729 2696 haere-

500 2719 588 2751 ticos
607 2717 686 2751 Lib.
705 2716 732 2751 I.
751 2716 789 2750 in
805 2716 941 2761 vigenti
958 2716 1078 2760 capita
1101 2716 1322 2751 distinctiun.
1343 2716 1413 2757 Qui
1429 2715 1506 2751 MS.
1525 2721 1730 2752 asservatur

500 2773 536 2807 in
554 2772 771 2807 bibliotheca
787 2772 1021 2806 carmelitana
1038 2772 1289 2807 Leodiensium
1308 2788 1337 2806 n.
1355 2791 1399 2796 —
1412 2772 1506 2807 Over
1518 2771 1600 2807 dien
1614 2772 1729 2816 inqui-

501 2827 615 2862 siteur
631 2827 682 2862 zie
698 2827 766 2862 ook
784 2828 818 2862 al
835 2828 878 2862 de.
895 2827 1052 2867 werken,
1071 2838 1169 2861 waar
1185 2828 1309 2863 Cosme
1325 2827 1368 2863 de
1386 2826 1531 2864 Villiers
1550 2838 1638 2863 naar
1654 2839 1729 2864 ver-

502 2883 616 2924 zendt,
633 2882 735 2924 ibid„
755 2883 820 2917 blz.
839 2885 904 2918 666
919 2894 963 2918 en
980 2884 1055 2917 667.
