2097 3466
318 270 380 303 136
1006 265 1137 300 ANNO
1165 267 1262 300 1273

318 363 399 405 den
423 361 703 417 inquisiteurs
726 363 979 412 weerstaat‚
1006 363 1120 403 moet
1137 361 1200 403 als
1224 374 1303 403 een
1321 360 1468 403 ketter
1482 359 1724 403 behandeld
1743 360 1938 402 worden.

318 432 419 474 wie
442 430 516 472 des
540 430 744 473 verzocht
767 431 879 485 zijne
913 429 1016 484 hulp
1040 428 1251 477 onttrekt,
1274 432 1386 471 meet
1410 429 1490 471 ook
1510 429 1690 484 volgens
1714 429 1764 471 de
1787 428 1943 471 ker-ke-

318 500 421 556 lijke
453 502 615 542 wetten
653 498 840 554 gestraft
872 498 1065 540 worden.
1104 498 1161 540 De
1186 498 1462 552 inquisiteurs
1494 498 1635 540 zullen
1659 497 1944 552 krachtdadig

320 575 362 611 te
387 566 536 610 werke
559 581 670 622 gaan
696 581 765 617 en,
794 581 869 609 zoe
893 566 1065 621 noodig‚
1094 566 1145 608 de
1169 566 1272 620 hulp
1296 580 1377 608 van
1414 566 1495 607 den
1529 565 1828 621 wereldlijken
1853 579 1943 608 arm

318 637 541 691 inroepen,
569 636 629 678 dit
652 636 759 677 alles
778 635 1188 690 niettegenstaande
1211 634 1295 676 alle
1319 634 1546 690 mogelijke
1569 634 1842 690 privilegien.

366 745 562 790 Gregorius
586 745 783 789 episeopus,
824 757 946 779 servus
977 756 1162 779 servorum
1197 744 1273 785 Dei,
1303 744 1442 779 dilectis
1482 745 1564 778 tiliis
1599 744 1771 779 fratribus
1809 744 1945 778 ordinis

320 801 608 846 praedicatorum
626 800 899 843 inquisitoribus
916 800 1118 834 haereticae
1141 799 1329 843 praxitatis
1361 799 1397 832 in
1423 810 1534 843 regno
1567 799 1742 834 Franciae
1769 798 1947 842 deputatis

321 855 536 891 auctoritate
571 855 765 898 apostolica
805 858 841 889 et
879 855 916 888 111
963 857 1144 898 posterum
1187 854 1412 897 deputandis,
1453 855 1603 889 salutem
1641 857 1677 888 et
1714 853 1946 897 apostolicam

324 910 619 945 benedictionem.

367 967 458 1001 Prae
497 965 636 1000 eunetis
675 968 815 999 nostrae
856 964 983 999 mentis
1021 963 1318 998 desiderabilibus
1349 964 1546 998 catholicae
1579 964 1838 998 incrementum
1867 963 1950 998 fidei

325 1022 531 1055 affectantes
549 1020 660 1054 nimio
678 1021 800 1062 utique
817 1020 939 1053 dolore
964 1019 1156 1063 replemur,
1175 1030 1256 1052 cum
1281 1018 1447 1052 audimus
1469 1019 1607 1062 aliquos
1631 1019 1686 1052 vel
1711 1017 1883 1052 sentimus
1905 1018 1951 1052 ad

325 1077 422 1111 illius
439 1075 699 1119 depressionem
727 1075 980 1118 qualicumque
1012 1073 1239 1117 malignitate
1270 1076 1444 1117 satagere,
1464 1074 1519 1107 vel
1550 1073 1814 1107 damnabilibus
1838 1071 1951 1116 ipsam

324 1131 552 1175 depravando
576 1129 914 1173 reprehensionibus
945 1132 1009 1163 aut
1038 1128 1358 1163 detractationibus
1386 1127 1418 1161 ei
1446 1129 1717 1171 abrogabilibus
1744 1129 1950 1174 derogando

326 1198 388 1220 seu
406 1184 615 1220 commentis
632 1185 780 1218 eandem
798 1183 1031 1218 mendacibus
1053 1183 1300 1227 pervertendo,
1320 1183 1365 1216 ad
1382 1194 1535 1226 quorum
1555 1183 1678 1227 iniqua
1694 1184 1952 1219 consternenda

327 1240 513 1275 molimina
535 1251 575 1274 eo
604 1239 799 1273 animosius
824 1238 1036 1282 aspiramus,
1056 1249 1126 1281 quo
1153 1237 1191 1270 in
1223 1237 1425 1271 animarum
1448 1239 1604 1281 stragem
1628 1237 1864 1281 perniciosius
1894 1249 1954 1272 eos

328 1296 578 1339 cognoscimus
594 1294 811 1338 conspirare.
833 1293 937 1335 Sane,
956 1294 1041 1328 licet
1068 1292 1221 1327 ubilibet
1251 1292 1344 1326 sedis
1372 1293 1588 1336 apostolicae
1611 1292 1802 1337 diligentia
1829 1294 1955 1328 contra

328 1340 455 1386 talium
483 1350 643 1384 dolosam
661 1348 842 1388 astutiam,
862 1359 905 1381 ne
922 1346 1086 1381 diffusius
1109 1346 1316 1390 hujusmodi
1344 1349 1463 1390 serpat
1486 1348 1644 1387 morbus,
1662 1347 1816 1383 libenter
1842 1359 1953 1383 reme-

329 1407 429 1441 dium
453 1405 622 1440 adhibeat
651 1406 906 1447 opportunum,
933 1402 971 1436 111
998 1401 1296 1436 christianissimo
1320 1404 1441 1436 tamen
1464 1413 1576 1445 regno
1605 1401 1791 1444 Franciae,
1820 1403 1858 1437 in
1885 1414 1956 1446 quo

328 1462 520 1506 praecipue
548 1460 635 1494 fides
660 1457 838 1493 catholica
861 1457 984 1502 vigere
1008 1457 1246 1501 dignoscitur,
1266 1457 1449 1501 cupientes
1473 1458 1590 1498 anxie,
1609 1460 1649 1492 ut
1666 1457 1850 1503 negotium
1873 1457 1956 1492 fidei

324 1517 406 1562 jugi
424 1517 598 1560 profectu,
617 1513 713 1549 elisis
729 1512 877 1547 omnino
895 1512 1113 1556 quibuslibet
1127 1512 1322 1553 erroribus,
1341 1512 1470 1547 fortius
1487 1513 1724 1554 convalescat,
1742 1513 1896 1557 vigilare
1911 1512 1957 1547 ad

330 1573 398 1606 hoc
415 1581 478 1615 per
495 1582 558 1604 nos
575 1572 610 1604 et
627 1579 690 1612 per
702 1567 791 1602 alios
807 1578 849 1602 eo
865 1567 1048 1601 studemus
1064 1566 1248 1608 attentius,
1267 1578 1337 1610 quo
1362 1566 1588 1601 carissimum
1612 1567 1650 1601 111
1676 1567 1818 1602 Christo
1841 1565 1957 1601 filium

332 1628 493 1661 nostrum
525 1624 748 1668 Philippum,
781 1623 959 1657 illustrem
988 1624 1212 1657 Francorum
1241 1634 1376 1666 regem,
1412 1622 1670 1657 ferventiorum
1708 1622 1880 1658 sentimus
1913 1621 1960 1656 ad

330 1681 424 1715 idem
442 1679 627 1724 negotium
644 1678 838 1713 efficaciter
862 1678 1157 1722 promovendum.
1178 1677 1406 1712 Providimus
1430 1677 1544 1721 igitur
1567 1677 1700 1712 ibidem
1725 1678 1770 1712 ad
1792 1688 1960 1721 praesens

330 1746 499 1779 personas
516 1734 655 1777 aliquas
672 1732 949 1776 circumspectas
962 1743 1027 1775 pro
1043 1734 1143 1766 tanto
1160 1731 1305 1775 negotio
1329 1731 1507 1774 deputari,
1528 1743 1681 1775 quarum
1704 1732 1853 1766 honesta
1877 1743 1958 1766 con·

328 1789 482 1825 versatio
496 1789 697 1832 exemplum
708 1787 845 1822 tribuat
858 1786 1026 1830 puritatis
1038 1789 1073 1821 et
1089 1786 1291 1821 doctrinam
1305 1787 1457 1821 fundant
1469 1786 1611 1821 erudita
1635 1787 1732 1821 labia
1751 1787 1958 1828 salutarem,

329 1848 369 1879 ut
398 1856 500 1879 sacro
524 1843 683 1887 ipsarum
717 1842 918 1876 ministerio
942 1842 1145 1885 'praefatum
1163 1853 1317 1885 regnum
1335 1841 1493 1876 immune
1510 1853 1656 1885 prorsus
1683 1842 1727 1876 ab
1754 1841 1961 1885 huiusmodi

332 1899 510 1943 contagiis
548 1900 809 1942 praeservetur.
845 1897 893 1931 Ut
928 1899 1048 1931 autem
1079 1896 1327 1940 Inquisitionis
1355 1896 1512 1931 officium
1544 1899 1669 1931 contra
1696 1897 1896 1932 haereticos
1922 1896 1962 1931 in

333 1955 492 1999 praefato
523 1964 637 1997 regno
668 1951 884 1987 auctoritate
922 1951 1119 1994 apostolica
1156 1951 1266 1994 possit
1304 1951 1484 1986 efficacius
1520 1951 1721 1995 adimpleri,
1754 1951 1962 1987 discretioni

334 2013 472 2044 vestrae
489 2019 552 2053 per
568 2007 764 2051 apostolica
775 2006 890 2050 scipta
905 2007 1117 2041 mandamus
1130 2005 1167 2039 in
1184 2005 1429 2040 remissionem
1446 2005 1547 2040 vobis
1570 2006 1818 2050 peccaminum
1843 2006 1961 2052 injun-

335 2069 470 2109 gentes,
489 2066 665 2108 quatenus
689 2061 727 2096 in
752 2061 902 2096 caritate
926 2061 1004 2102 Dei,
1026 2061 1215 2095 hominum
1244 2060 1373 2096 timore
1398 2061 1603 2104 postposito,
1622 2061 1792 2096 virtutem
1815 2061 1963 2106 spiritus

335 2121 524 2155 induentes
561 2130 603 2152 ex
642 2117 726 2157 alto,
768 2116 993 2160 praedictum
1033 2115 1204 2157 officium,
1246 2116 1342 2158 quod
1384 2115 1580 2159 apostolica
1616 2116 1716 2150 vobis
1750 2117 1965 2152 auctoritate

336 2173 593 2210 committimus
610 2172 648 2206 in
664 2171 760 2206 dicto
777 2182 903 2215 regno,
922 2170 1153 2205 comitatibus
1169 2173 1205 2205 et
1220 2170 1326 2205 terris
1345 2170 1521 2204 carissimi
1538 2170 1576 2204 in
1601 2170 1743 2206 Christo
1760 2171 1827 2205 filii
1851 2170 1964 2206 nostri

338 2225 626 2262 christianissimi
642 2226 739 2270 regis
773 2225 922 2260 Siciliae
949 2225 1101 2260 illustris
1125 2227 1160 2259 et
1185 2225 1401 2259 Provinciae
1425 2225 1566 2260 comitis
1596 2226 1771 2260 duntaxat
1793 2226 1962 2270 exceptis,

339 2281 447 2315 simul
476 2281 532 2315 vel
557 2280 749 2324 seperatim
777 2283 840 2314 aut
868 2279 1116 2323 singulariter,
1151 2282 1258 2323 prout
1283 2280 1418 2324 negotii
1442 2280 1579 2314 utilitas
1611 2280 1785 2321 suadebit,
1811 2281 1876 2315 sub
1904 2292 1966 2324 spe

338 2335 512 2370 mercedis
536 2337 703 2369 aeternae
726 2334 778 2368 sic
795 2334 989 2369 efficaciter
1005 2333 1170 2378 prosequi
1189 2336 1224 2368 et
1239 2333 1365 2377 exequi
1383 2333 1566 2375 studeatiS,
1592 2340 1633 2368 ut
1649 2346 1712 2378 per
1727 2335 1966 2369 solicitudinis

339 2395 478 2425 vestrae
503 2389 730 2433 prudentiam
755 2389 798 2423 de
822 2401 934 2433 regno
966 2389 1042 2432 11150
1069 2389 1173 2422 radix
1204 2388 1406 2432 iniquitatis
1432 2389 1644 2430 haereticae,
1678 2389 1707 2422 si
1739 2400 1810 2432 qua
1839 2392 1891 2425 est
1927 2390 1966 2424 in

338 2444 519 2488 aliquibus
543 2445 620 2488 ejus
658 2444 833 2487 partibus,
859 2443 1067 2478 succidatur
1095 2446 1130 2478 et
1159 2443 1265 2477 vinea
1293 2443 1449 2484 Domini,
1483 2444 1729 2485 exterminatis
1752 2444 1964 2488 vulpeculis,

339 2511 430 2543 quae
447 2498 622 2543 perversis
635 2498 815 2533 morsibus
832 2498 1078 2533 demoliuntur
1095 2499 1256 2539 eandem,
1271 2499 1410 2532 fructus
1427 2499 1553 2533 afferat
1569 2498 1767 2533 catholicae
1784 2499 1963 2543 puritatis

341 2554 376 2588 Si
393 2565 480 2596 qnos
493 2556 613 2588 autem
631 2554 674 2588 de
690 2553 869 2597 pravitate
887 2553 1070 2597 praedicta
1087 2553 1283 2596 culpabiles
1296 2553 1505 2588 inveneritis
1521 2554 1576 2587 vel
1600 2553 1750 2589 infectos
1772 2565 1832 2588 seu
1857 2554 1965 2589 etiam

341 2609 544 2648 infamatos,
563 2610 689 2642 contra
706 2607 812 2651 ipsos,
829 2607 897 2642 nisi
915 2607 1110 2642 examinati
1124 2607 1285 2642 absolute
1302 2607 1414 2641 velint
1426 2607 1604 2641 mandatis
1616 2607 1787 2642 ecclesiae
1808 2607 1964 2649 obedire,

343 2674 482 2697 necnon
509 2664 544 2696 et
571 2664 697 2696 contra
724 2665 975 2706 receptatores,
1009 2663 1212 2697 defensores
1236 2664 1270 2696 et
1295 2663 1451 2696 fautores
1481 2673 1605 2696 eorum
1631 2663 1738 2706 juxta
1767 2663 1968 2698 sanctiones

342 2717 533 2751 canonicas
549 2717 742 2752 autoritate
765 2718 972 2761 apostolica,
991 2717 1180 2752 hominum
1204 2720 1302 2752 metu
1326 2717 1448 2751 divino
1472 2717 1593 2751 timori
1622 2716 1827 2760 postposito,
1845 2727 1966 2760 proce-

341 2772 444 2806 datis.
479 2773 559 2806 Non
583 2773 808 2807 obstantibus
831 2774 1014 2818 aliquibus
1045 2773 1176 2808 litteris
1207 2774 1253 2807 ad
1286 2785 1517 2816 quoscunque
1544 2772 1632 2807 alios
1663 2774 1706 2807 de
1730 2784 1842 2817 regno
1876 2772 1965 2816 ipso,

341 2826 496 2869 exeeptis
513 2827 672 2860 locorum
691 2828 913 2863 dioecesanis
930 2832 965 2863 et
982 2828 1256 2871 inquisitoribus
1281 2828 1468 2871 pravitatis
1492 2829 1649 2871 ejusdem
1674 2828 1712 2861 in
1739 2827 1968 2862 comitatibus

341 2886 376 2917 et
398 2883 503 2916 terris
532 2883 726 2926 praedictis
757 2895 778 2917 a
805 2884 887 2917 sede
918 2884 1098 2927 deputatis
1125 2884 1248 2917 eadem
1280 2894 1386 2926 super
1409 2882 1616 2926 hujusmodi
1641 2882 1785 2927 negotio
1816 2883 1861 2916 ab
1892 2882 1968 2926 ipsa

344 2938 425 2972 sede
456 2938 612 2980 directis,
644 2950 798 2982 quarum
823 2938 990 2983 deinceps
1014 2939 1059 2974 ad
1087 2938 1336 2983 inquisitiones
1364 2937 1570 2982 hujusmodi
1595 2937 1775 2973 faciendas
1802 2937 1968 2974 nolumus
