2097 3466
798 232 937 272 ANNO
966 244 997 272 c.
1026 237 1128 273 1115
1747 240 1791 275 27

189 330 285 365 1115.
305 328 552 365 Tanchelinus
574 328 769 372 hereticus,
792 330 855 374 qui
879 331 1162 375 Andoverpiam,
1181 330 1397 368 Walacram
1421 335 1456 368 et
1480 333 1782 370 circumiacentes

144 385 282 420 insulas
298 388 333 421 et
348 384 535 420 maritima
552 385 632 420 loca
649 385 687 421 in
704 386 870 430 partibus
885 386 958 421 illis
976 387 1100 422 multis
1116 386 1328 423 haeresibus
1341 388 1529 431 infecerat,
1549 390 1743 425 occiditur.
1789 408 1792 410 ·

496 464 677 508 Siyebertz'
713 463 988 500 Gemblaceozsis
1025 464 1262 500 Continuatz'o
1302 465 1552 510 Valcelleozsz's,
1586 469 1635 512 bij
1670 468 1788 510 Pertz,

539 521 796 563 Monumenta,
816 521 1030 566 Scriptores
1052 522 1131 557 deel
1153 522 1215 563 VI,
1234 523 1305 557 blz.
1329 525 1409 559 459.
1432 524 1536 567 (Deze
1556 524 1790 559 Contimcatio

537 575 568 610 is
593 576 660 611 iets
680 580 815 621 jonger
840 577 912 610 dan
938 577 981 611 de
1007 577 1091 611 Vita
1115 576 1321 621 Norbertz'.)
1346 598 1389 603 —
1419 578 1583 613 Dezelfde
1612 579 1787 623 melding,

539 642 613 676 nog
631 631 792 672 verkort,
813 632 915 666 komt
932 631 1002 666 ook
1019 643 1108 666 voor
1124 632 1162 667 in
1179 632 1241 668 het
1262 632 1470 668 Clzronicon
1486 636 1605 668 sancti
1622 635 1790 669 Bavom's

540 686 660 729 (einde
677 686 741 722 der
760 689 816 720 15⁴³
832 688 959 729 eeuw)‚
975 687 1024 730 bij
1043 686 1095 722 De
1113 686 1224 730 Smet,
1244 687 1384 733 Corpus
1398 688 1658 724 chronicorum
1674 690 1790 724 Flan-

541 742 661 784 driac,
682 743 761 778 deel
780 743 805 784 Ι,
825 743 893 777 blz.
913 745 996 777 574.

914 899 995 944 19.

201 1037 347 1095 Beyz‘n
384 1038 466 1081 der
506 1038 584 1082 12Θ
626 1050 751 1082 eeuw
790 1039 1139 1097 (verkeerdelq'jk
1183 1053 1240 1096 op
1282 1040 1440 1092 1127),
1482 1039 1783 1098 Amnem-pen,

140 1106 351 1152 Brabant
379 1120 434 1150 en
461 1108 765 1152 Vlaanderen.
796 1109 1040 1153 Uittreksel
1076 1109 1139 1153 uit
1173 1109 1224 1152 de
1258 1109 1436 1166 kronijk
1472 1123 1558 1152 van
1592 1110 1675 1152 den
1714 1109 1788 1154 abt

139 1179 224 1222 Jan
259 1177 524 1220 Trithemius
557 1176 609 1235 (†
646 1177 779 1236 1516>
813 1192 918 1221 over
952 1179 1205 1222 Tanchelm.
1234 1204 1292 1210 ——
1324 1180 1383 1222 De
1418 1179 1566 1223 ketter
1599 1180 1788 1223 strooide

139 1249 253 1307 zijne
285 1247 491 1304 delingen
523 1247 637 1289 alom
671 1249 714 1290 te
749 1249 1024 1305 Antwerpen
1060 1263 1113 1292 en
1146 1250 1190 1292 in
1220 1250 1248 1293 ’t
1281 1250 1558 1306 omliggende
1591 1250 1700 1293 rond
1733 1265 1787 1294 en

137 1316 333 1373 bedroog
370 1316 611 1360 duizenden
645 1330 731 1359 van
766 1318 1020 1370 menschen,
1047 1319 1116 1361 die
1150 1320 1250 1362 hem
1285 1319 1511 1376 afgodisch
1545 1320 1787 1364 vereerden

139 1402 193 1432 en
217 1390 284 1432 tot
307 1388 353 1431 in
375 1388 490 1446 zijne
512 1387 807 1445 walgelijkste
831 1387 1174 1445 onzedelijkheid
1199 1387 1540 1432 bewonderden.
1566 1389 1636 1447 Hij
1664 1388 1784 1432 werd

139 1471 241 1501 eens
264 1457 309 1500 in
342 1471 422 1501 een
454 1456 576 1513 schip
600 1456 706 1500 door
729 1471 868 1501 eenen
891 1457 1082 1514 priester
1113 1461 1288 1502 verrast
1322 1472 1376 1501 en
1402 1458 1583 1515 gedood.
1612 1460 1787 1502 Daarna

137 1527 226 1572 had
248 1527 300 1571 de
322 1526 481 1583 heilige
503 1525 746 1570 Norbertus
770 1527 867 1570 veel
900 1526 1056 1570 moeite
1081 1541 1150 1570 om
1173 1528 1288 1585 zijne
1312 1527 1615 1572 Brabantsche
1638 1528 1788 1585 volge—

138 1595 288 1653 lingen
305 1596 373 1640 tot
398 1595 476 1639 het
499 1595 693 1639 christen
716 1595 865 1653 geloof
883 1599 1013 1652 terug
1036 1598 1081 1640 te
1104 1595 1316 1652 brengen.

181 1721 288 1757 Anno
311 1722 526 1766 praenotato
550 1720 792 1764 (MCXXVII)
819 1721 890 1756 fuit
917 1720 1126 1757 haereticus
1155 1720 1305 1765 quidam
1334 1721 1373 1756 in
1404 1721 1618 1763 Brabantia,
1637 1720 1787 1757 nomine

137 1777 373 1813 Faucellinus
396 1777 487 1822 (sic),
512 1777 621 1812 homo
650 1788 843 1822 perversus
870 1780 905 1812 61
932 1778 1125 1821 pestiferae
1149 1777 1344 1822 opinionis,
1371 1777 1436 1821 qui
1459 1779 1526 1812 etsi
1550 1776 1667 1812 laicus
1694 1781 1785 1820 erat,

137 1833 263 1869 multis
285 1836 409 1869 tamen
432 1832 577 1868 clericis
601 1834 712 1868 etiam
737 1833 956 1868 doctissimis
984 1833 1024 1868 in
1052 1833 1271 1878 disputando
1296 1833 1439 1869 acutior
1455 1833 1664 1868 videbatur.
1690 1833 1724 1868 Is
1747 1834 1787 1869 in

137 1889 269 1933 oppido
292 1888 551 1932 Antuerpiensi
576 1889 753 1933 populum
780 1889 916 1923 Christi
943 1901 964 1923 a
991 1889 1214 1924 rectitudine
1242 1889 1500 1924 immaculatae
1524 1888 1609 1923 fidei
1633 1888 1784 1924 misera-

136 1945 262 1980 biliter
289 1944 474 1985 seducens,
503 1944 598 1978 sacri
626 1943 765 1979 ordinis
792 1944 981 1979 ministros
1009 1945 1157 1988 sprevit,
1185 1944 1404 1988 contempsit
1431 1950 1467 1980 et
1502 1944 1783 1988 blasphemavit,

137 2001 294 2046 gradum
319 2000 560 2044 episcopalem
596 2003 631 2035 61
655 2001 915 2035 sacerdotalem
947 2000 1042 2035 nihil
1073 2012 1147 2035 esse
1180 2001 1380 2045 proposuit,
1414 2012 1546 2045 corpus
1574 2011 1718 2044 quoque
1750 2004 1787 2036 et

136 2057 354 2102 sanguinem
372 2056 519 2091 Domini
544 2056 639 2091 nihil
664 2057 708 2091 ad
726 2057 881 2091 salutem
898 2056 1043 2091 animae
1060 2057 1226 2092 conferre
1253 2057 1480 2092 sumentibus
1497 2057 1641 2099 perdita
1667 2057 1789 2100 loqua-

137 2113 247 2148 citate
275 2113 396 2157 palam
424 2112 671 2147 confirmavit.
702 2114 892 2156 Apparatu
923 2113 1080 2157 pretioso
1105 2113 1361 2156 deaiiratisque
1386 2113 1611 2147 vestimentis
1634 2117 1783 2156 opertus

135 2170 307 2205 incedens
334 2180 376 2203 ac
401 2168 538 2212 triplici
566 2168 732 2203 funiculo
759 2168 904 2212 capillis
928 2169 1086 2210 intortis,
1113 2168 1234 2203 verbis
1259 2168 1475 2212 deceptorijs
1500 2180 1542 2202 ac
1566 2168 1677 2203 lautis
1702 2180 1785 2204 con-

136 2226 242 2270 vivijs
258 2225 371 2260 trium
388 2224 580 2260 hominum
598 2229 825 2260 armatorum
850 2224 1009 2259 millium
1034 2225 1192 2266 turbam,
1211 2224 1273 2268 qui
1298 2224 1519 2259 defensionis
1545 2235 1655 2258 causa
1679 2224 1784 2259 illum

136 2283 393 2327 sequebantur,
419 2281 493 2316 suis
521 2282 708 2316 erroribus
735 2281 930 2317 alliciendo
963 2281 1180 2325 implicavit,
1210 2292 1367 2325 quorum
1396 2280 1562 2325 potentia
1590 2280 1718 2316 caedes
1745 2281 1785 2316 in

136 2349 219 2373 suos
234 2336 522 2372 contradictores
546 2337 681 2381 passim
707 2336 908 2371 exercebat.
931 2336 1172 2371 Crediderunt
1196 2336 1253 2370 illi
1284 2336 1568 2380 Antuerpienses
1593 2340 1629 2371 et
1655 2349 1782 2372 eorum

136 2395 175 2430 in
192 2393 350 2429 circuitu
367 2392 478 2428 vicini
504 2393 609 2436 quasi
633 2404 757 2427 omnes
774 2391 1019 2435 miserumque
1047 2392 1153 2427 illum
1177 2403 1318 2426 summo
1350 2393 1620 2427 venerabantur
1644 2392 1783 2428 honore

135 2453 177 2485 ut
206 2449 356 2484 missum
389 2461 410 2484 a
440 2448 515 2483 Deo
548 2452 583 2484 et
612 2451 791 2489 sanctum,
818 2448 857 2482 in
888 2453 1031 2482 tantum
1059 2451 1099 2482 ut
1130 2459 1262 2491 aquam
1291 2449 1329 2483 in
1355 2458 1427 2491 qua
1453 2459 1583 2492 corpus
1608 2459 1783 2484 manusve

135 2506 282 2542 lavisset
308 2511 372 2542 aut
399 2505 518 2550 pedeS,
536 2516 601 2549 pro
626 2503 795 2539 maximis
818 2503 995 2539 haberent
1025 2504 1200 2548 reliquijs‚
1228 2516 1311 2539 cum
1335 2508 1457 2539 tamen
1485 2504 1594 2539 homo
1626 2505 1779 2540 inconti-

136 2562 282 2598 nentiae
302 2565 393 2597 esset
413 2564 549 2603 tantae,
575 2564 615 2595 ut
640 2560 733 2595 filias
758 2560 797 2595 in
820 2560 1025 2604 praesentia
1049 2564 1208 2595 matrum
1233 2571 1453 2604 sponsasque
1474 2560 1618 2596 maritis
1642 2561 1782 2597 intuen-

135 2620 233 2654 tibus
256 2622 520 2662 corrumperet,
538 2628 699 2653 asserens
730 2616 799 2651 hoc
824 2628 912 2661 opus
943 2629 1018 2652 esse
1041 2616 1219 2658 divinum,
1247 2621 1414 2652 sanctum
1448 2620 1484 2651 et
1515 2616 1780 2661 plenitudinem

135 2675 320 2709 fraternae
347 2673 550 2708 charitatis.
582 2672 745 2707 Tandem
768 2675 848 2715 post
879 2672 1001 2716 plures
1033 2672 1073 2707 in
1100 2672 1275 2716 populum
1299 2672 1551 2707 disseminatos
1581 2683 1722 2708 errores
1746 2677 1783 2708 et

136 2731 270 2765 multas
298 2729 337 2764 in
366 2730 505 2764 clerum
538 2732 763 2773 perpetratas
787 2727 899 2772 impie
924 2729 1063 2770 caedes,
1097 2740 1181 2763 cum
1212 2728 1271 2763 die
1301 2728 1458 2773 quadam
1483 2740 1566 2764 cum
1592 2728 1719 2773 paucis
1743 2729 1782 2764 in

135 2785 317 2827 navicula,
333 2786 455 2821 nescio
471 2796 624 2829 quorsus
642 2785 894 2830 navigaturum
910 2785 1087 2820 resideret
1102 2796 1144 2820 ac
1162 2797 1226 2820 suo
1244 2796 1346 2820 more
1363 2785 1499 2830 gradus
1517 2785 1781 2820 ecclesiasticos

135 2840 415 2885 blasphemaret,
433 2841 620 2885 presbyter
647 2841 796 2884 quidam
824 2842 900 2876 zelo
923 2841 1125 2876 catholicae
1142 2841 1227 2875 fidei
1253 2845 1287 2876 et
1312 2841 1458 2885 pietatis
1480 2852 1686 2883 succensus,
1703 2845 1778 2876 tam

136 2898 279 2933 fortiter
295 2898 510 2933 sceleratum
539 2897 716 2942 percussit
741 2897 779 2932 in
805 2899 965 2940 cerebro,
988 2898 1083 2942 quod
1108 2898 1209 2933 illico
1227 2897 1414 2942 exspirans
1431 2897 1595 2933 animum
1620 2896 1780 2932 reddidit

135 2951 292 2995 diabolo,
311 2956 415 2997 cujus
431 2951 598 2988 minister
614 2951 694 2988 fuit.
