<?xml version="1.0" encoding="UTF-8"?>
<!DOCTYPE html PUBLIC "-//W3C//DTD XHTML 1.0 Transitional//EN"
    "http://www.w3.org/TR/xhtml1/DTD/xhtml1-transitional.dtd">
<html xmlns="http://www.w3.org/1999/xhtml" xml:lang="en" lang="en">
 <head>
  <title>
</title>
<meta http-equiv="Content-Type" content="text/html;charset=utf-8" />
  <meta name='ocr-system' content='tesseract 3.04.00' />
  <meta name='ocr-capabilities' content='ocr_page ocr_carea ocr_par ocr_line ocrx_word'/>
</head>
<body>
  <div class='ocr_page' id='page_1' title='image "./corpusdocumentor01fruoft_0319.png"; bbox 0 0 2097 3466; ppageno 0'>
   <div class='ocr_carea' id='block_1_1' title="bbox 797 243 1751 278">
    <p class='ocr_par' dir='ltr' id='par_1_1' title="bbox 797 243 1751 278">
     <span class='ocr_line' id='line_1_1' title="bbox 797 243 1751 278; baseline -0.001 0"><span class='ocrx_word' id='word_1_1' title='bbox 797 243 930 278; x_wconf 84' lang='lat' dir='ltr'>ANNO</span> <span class='ocrx_word' id='word_1_2' title='bbox 957 245 1057 278; x_wconf 85' lang='grc'><strong>1411</strong></span> <span class='ocrx_word' id='word_1_3' title='bbox 1686 244 1751 278; x_wconf 82' lang='grc'>269</span> 
     </span>
    </p>
   </div>
   <div class='ocr_carea' id='block_1_2' title="bbox 109 337 1749 810">
    <p class='ocr_par' dir='ltr' id='par_1_2' title="bbox 109 337 1749 810">
     <span class='ocr_line' id='line_1_2' title="bbox 111 337 1743 394; baseline -0.001 -10"><span class='ocrx_word' id='word_1_4' title='bbox 111 342 256 384; x_wconf 88' lang='lat' dir='ltr'>weten</span> <span class='ocrx_word' id='word_1_5' title='bbox 277 339 451 391; x_wconf 89' lang='lat' dir='ltr'>komen,</span> <span class='ocrx_word' id='word_1_6' title='bbox 473 338 521 382; x_wconf 89' lang='lat' dir='ltr'>of</span> <span class='ocrx_word' id='word_1_7' title='bbox 536 338 720 382; x_wconf 87' lang='lat' dir='ltr'>broeder</span> <span class='ocrx_word' id='word_1_8' title='bbox 737 339 916 383; x_wconf 87' lang='lat' dir='ltr'>Willem</span> <span class='ocrx_word' id='word_1_9' title='bbox 938 339 1039 382; x_wconf 83' lang='lat' dir='ltr'>aoht</span> <span class='ocrx_word' id='word_1_10' title='bbox 1055 338 1216 382; x_wconf 89' lang='lat' dir='ltr'>andere</span> <span class='ocrx_word' id='word_1_11' title='bbox 1234 337 1452 394; x_wconf 88' lang='lat' dir='ltr'>dolingen‚</span> <span class='ocrx_word' id='word_1_12' title='bbox 1476 338 1543 382; x_wconf 87' lang='lat' dir='ltr'>die</span> <span class='ocrx_word' id='word_1_13' title='bbox 1564 339 1743 383; x_wconf 85' lang='lat' dir='ltr'>worden</span> 
     </span>
     <span class='ocr_line' id='line_1_3' title="bbox 111 406 1741 466; baseline -0.001 -13"><span class='ocrx_word' id='word_1_14' title='bbox 111 409 358 466; x_wconf 84' lang='lat' dir='ltr'>opgesomd,</span> <span class='ocrx_word' id='word_1_15' title='bbox 400 408 521 451; x_wconf 82' lang='lat' dir='ltr'>heeft</span> <span class='ocrx_word' id='word_1_16' title='bbox 555 407 778 464; x_wconf 88' lang='lat' dir='ltr'>verspreid</span> <span class='ocrx_word' id='word_1_17' title='bbox 801 422 810 459; x_wconf 90' lang='lat'><em>;</em></span> <span class='ocrx_word' id='word_1_18' title='bbox 848 406 1202 464; x_wconf 85' lang='lat' dir='ltr'>dienaangaande</span> <span class='ocrx_word' id='word_1_19' title='bbox 1237 407 1302 450; x_wconf 87' lang='grc'>261</span> <span class='ocrx_word' id='word_1_20' title='bbox 1341 406 1524 451; x_wconf 86' lang='lat' dir='ltr'>broeder</span> <span class='ocrx_word' id='word_1_21' title='bbox 1561 409 1741 452; x_wconf 89' lang='lat' dir='ltr'>Willem</span> 
     </span>
     <span class='ocr_line' id='line_1_4' title="bbox 110 475 1743 533; baseline -0.001 -11"><span class='ocrx_word' id='word_1_22' title='bbox 110 478 207 522; x_wconf 90' lang='lat' dir='ltr'>zich</span> <span class='ocrx_word' id='word_1_23' title='bbox 238 492 322 522; x_wconf 88' lang='lat' dir='ltr'>aan</span> <span class='ocrx_word' id='word_1_24' title='bbox 353 491 458 520; x_wconf 90' lang='lat' dir='ltr'>eene</span> <span class='ocrx_word' id='word_1_25' title='bbox 490 476 734 520; x_wconf 88' lang='lat' dir='ltr'>kanonieke</span> <span class='ocrx_word' id='word_1_26' title='bbox 771 475 1090 532; x_wconf 85' lang='lat' dir='ltr'>boetedoening</span> <span class='ocrx_word' id='word_1_27' title='bbox 1128 478 1301 519; x_wconf 88' lang='lat' dir='ltr'>moeten</span> <span class='ocrx_word' id='word_1_28' title='bbox 1335 476 1651 533; x_wconf 84' lang='lat' dir='ltr'>onderwerpen</span> <span class='ocrx_word' id='word_1_29' title='bbox 1690 492 1743 521; x_wconf 92' lang='lat' dir='ltr'>en</span> 
     </span>
     <span class='ocr_line' id='line_1_5' title="bbox 110 545 1740 604; baseline -0.001 -13"><span class='ocrx_word' id='word_1_30' title='bbox 110 547 275 592; x_wconf 82' lang='lat' dir='ltr'>daarna</span> <span class='ocrx_word' id='word_1_31' title='bbox 296 547 378 590; x_wconf 93' lang='lat' dir='ltr'>den</span> <span class='ocrx_word' id='word_1_32' title='bbox 400 546 480 603; x_wconf 86' lang='lat' dir='ltr'>tijd</span> <span class='ocrx_word' id='word_1_33' title='bbox 502 560 587 589; x_wconf 88' lang='lat' dir='ltr'>van</span> <span class='ocrx_word' id='word_1_34' title='bbox 610 546 700 589; x_wconf 87' lang='lat' dir='ltr'>drie</span> <span class='ocrx_word' id='word_1_35' title='bbox 717 546 847 603; x_wconf 87' lang='lat' dir='ltr'>jaren</span> <span class='ocrx_word' id='word_1_36' title='bbox 871 545 914 588; x_wconf 92' lang='lat' dir='ltr'>in</span> <span class='ocrx_word' id='word_1_37' title='bbox 938 546 1015 588; x_wconf 89' lang='lat' dir='ltr'>het</span> <span class='ocrx_word' id='word_1_38' title='bbox 1036 545 1203 588; x_wconf 87' lang='lat' dir='ltr'>kasteel</span> <span class='ocrx_word' id='word_1_39' title='bbox 1228 559 1312 588; x_wconf 87' lang='lat' dir='ltr'>van</span> <span class='ocrx_word' id='word_1_40' title='bbox 1342 545 1454 589; x_wconf 89' lang='lat' dir='ltr'>Selle</span> <span class='ocrx_word' id='word_1_41' title='bbox 1476 546 1740 604; x_wconf 66' lang='lat' dir='ltr'>verblijvem</span> 
     </span>
     <span class='ocr_line' id='line_1_6' title="bbox 109 613 1749 673; baseline -0.001 -13"><span class='ocrx_word' id='word_1_42' title='bbox 109 615 267 660; x_wconf 88' lang='lat' dir='ltr'>verder</span> <span class='ocrx_word' id='word_1_43' title='bbox 287 617 353 659; x_wconf 87' lang='grc'>261</span> <span class='ocrx_word' id='word_1_44' title='bbox 375 616 435 673; x_wconf 89' lang='lat' dir='ltr'>hij</span> <span class='ocrx_word' id='word_1_45' title='bbox 455 615 500 658; x_wconf 92' lang='lat' dir='ltr'>in</span> <span class='ocrx_word' id='word_1_46' title='bbox 523 629 603 658; x_wconf 89' lang='lat' dir='ltr'>een</span> <span class='ocrx_word' id='word_1_47' title='bbox 625 614 817 658; x_wconf 88' lang='lat' dir='ltr'>klooster</span> <span class='ocrx_word' id='word_1_48' title='bbox 839 615 977 672; x_wconf 85' lang='lat' dir='ltr'>zijner</span> <span class='ocrx_word' id='word_1_49' title='bbox 995 614 1098 657; x_wconf 92' lang='lat' dir='ltr'>orde</span> <span class='ocrx_word' id='word_1_50' title='bbox 1117 613 1297 657; x_wconf 79' lang='lat' dir='ltr'>worden</span> <span class='ocrx_word' id='word_1_51' title='bbox 1321 615 1574 671; x_wconf 84' lang='lat' dir='ltr'>opgesloten</span> <span class='ocrx_word' id='word_1_52' title='bbox 1592 630 1645 658; x_wconf 91' lang='lat' dir='ltr'>en</span> <span class='ocrx_word' id='word_1_53' title='bbox 1669 616 1749 659; x_wconf 90' lang='lat' dir='ltr'>het</span> 
     </span>
     <span class='ocr_line' id='line_1_7' title="bbox 111 683 1747 742; baseline -0.001 -13"><span class='ocrx_word' id='word_1_54' title='bbox 111 685 201 729; x_wconf 88' lang='lat' dir='ltr'>niet</span> <span class='ocrx_word' id='word_1_55' title='bbox 222 699 379 742; x_wconf 86' lang='lat' dir='ltr'>mogen</span> <span class='ocrx_word' id='word_1_56' title='bbox 400 685 599 728; x_wconf 86' lang='lat' dir='ltr'>verlaten</span> <span class='ocrx_word' id='word_1_57' title='bbox 622 684 782 727; x_wconf 89' lang='lat' dir='ltr'>zonder</span> <span class='ocrx_word' id='word_1_58' title='bbox 804 683 855 727; x_wconf 88' lang='lat' dir='ltr'>de</span> <span class='ocrx_word' id='word_1_59' title='bbox 880 684 1093 740; x_wconf 87' lang='grc'><strong>106161168</strong></span> <span class='ocrx_word' id='word_1_60' title='bbox 1115 697 1200 726; x_wconf 83' lang='lat' dir='ltr'>van</span> <span class='ocrx_word' id='word_1_61' title='bbox 1234 683 1316 726; x_wconf 91' lang='lat' dir='ltr'>den</span> <span class='ocrx_word' id='word_1_62' title='bbox 1341 683 1559 741; x_wconf 89' lang='lat' dir='ltr'>bisschop.</span> <span class='ocrx_word' id='word_1_63' title='bbox 1585 685 1654 742; x_wconf 90' lang='lat' dir='ltr'>Hij</span> <span class='ocrx_word' id='word_1_64' title='bbox 1681 685 1747 728; x_wconf 88' lang='grc'>261</span> 
     </span>
     <span class='ocr_line' id='line_1_8' title="bbox 111 752 1748 810; baseline -0.001 -12"><span class='ocrx_word' id='word_1_65' title='bbox 111 755 202 799; x_wconf 88' lang='lat' dir='ltr'>niet</span> <span class='ocrx_word' id='word_1_66' title='bbox 223 768 342 798; x_wconf 90' lang='lat' dir='ltr'>meer</span> <span class='ocrx_word' id='word_1_67' title='bbox 363 767 517 810; x_wconf 85' lang='lat' dir='ltr'>mogen</span> <span class='ocrx_word' id='word_1_68' title='bbox 541 753 751 809; x_wconf 90' lang='lat' dir='ltr'>prediken</span> <span class='ocrx_word' id='word_1_69' title='bbox 774 753 887 797; x_wconf 91' lang='lat' dir='ltr'>noch</span> <span class='ocrx_word' id='word_1_70' title='bbox 914 752 1058 796; x_wconf 89' lang='lat' dir='ltr'>biecht</span> <span class='ocrx_word' id='word_1_71' title='bbox 1077 753 1257 796; x_wconf 91' lang='lat' dir='ltr'>hooren.</span> <span class='ocrx_word' id='word_1_72' title='bbox 1281 753 1361 797; x_wconf 89' lang='lat' dir='ltr'>Tot</span> <span class='ocrx_word' id='word_1_73' title='bbox 1378 753 1454 797; x_wconf 88' lang='lat' dir='ltr'>dat</span> <span class='ocrx_word' id='word_1_74' title='bbox 1476 754 1582 797; x_wconf 87' lang='lat' dir='ltr'>alles</span> <span class='ocrx_word' id='word_1_75' title='bbox 1605 754 1748 798; x_wconf 88' lang='lat' dir='ltr'>wordt</span> 
     </span>
    </p>
   </div>
   <div class='ocr_carea' id='block_1_3' title="bbox 104 821 1745 1366">
    <p class='ocr_par' dir='ltr' id='par_1_3' title="bbox 110 821 1262 882">
     <span class='ocr_line' id='line_1_9' title="bbox 110 821 1262 882; baseline -0.002 -15"><span class='ocrx_word' id='word_1_76' title='bbox 110 824 170 882; x_wconf 86' lang='lat' dir='ltr'>hij</span> <span class='ocrx_word' id='word_1_77' title='bbox 194 837 426 867; x_wconf 88' lang='lat' dir='ltr'>verwezen</span> <span class='ocrx_word' id='word_1_78' title='bbox 448 822 599 866; x_wconf 89' lang='lat' dir='ltr'>buiten</span> <span class='ocrx_word' id='word_1_79' title='bbox 623 823 674 866; x_wconf 91' lang='lat' dir='ltr'>de</span> <span class='ocrx_word' id='word_1_80' title='bbox 696 823 852 867; x_wconf 88' lang='lat' dir='ltr'>kosten</span> <span class='ocrx_word' id='word_1_81' title='bbox 878 835 959 865; x_wconf 88' lang='lat' dir='ltr'>van</span> <span class='ocrx_word' id='word_1_82' title='bbox 986 823 1063 865; x_wconf 90' lang='grc'><strong>1161</strong></span> <span class='ocrx_word' id='word_1_83' title='bbox 1087 821 1262 878; x_wconf 82' lang='grc'><strong>86(1168,</strong></span> 
     </span>
    </p>

    <p class='ocr_par' dir='ltr' id='par_1_4' title="bbox 104 891 1745 1366">
     <span class='ocr_line' id='line_1_10' title="bbox 170 891 1745 949; baseline -0.001 -13"><span class='ocrx_word' id='word_1_84' title='bbox 170 894 230 936; x_wconf 87' lang='grc' dir='ltr'>Ι)6</span> <span class='ocrx_word' id='word_1_85' title='bbox 253 892 453 948; x_wconf 89' lang='lat' dir='ltr'>bissehop</span> <span class='ocrx_word' id='word_1_86' title='bbox 471 894 600 948; x_wconf 86' lang='lat' dir='ltr'>voegt</span> <span class='ocrx_word' id='word_1_87' title='bbox 619 906 666 934; x_wconf 88' lang='lat' dir='ltr'>er</span> <span class='ocrx_word' id='word_1_88' title='bbox 683 891 759 949; x_wconf 85' lang='lat' dir='ltr'>bij,</span> <span class='ocrx_word' id='word_1_89' title='bbox 787 892 860 935; x_wconf 89' lang='lat' dir='ltr'>dat</span> <span class='ocrx_word' id='word_1_90' title='bbox 877 891 1060 934; x_wconf 89' lang='lat' dir='ltr'>broeder</span> <span class='ocrx_word' id='word_1_91' title='bbox 1076 891 1255 936; x_wconf 90' lang='lat' dir='ltr'>Willem</span> <span class='ocrx_word' id='word_1_92' title='bbox 1279 891 1321 933; x_wconf 90' lang='lat' dir='ltr'>in</span> <span class='ocrx_word' id='word_1_93' title='bbox 1341 891 1453 948; x_wconf 75' lang='lat' dir='ltr'>zijne</span> <span class='ocrx_word' id='word_1_94' title='bbox 1469 894 1745 948; x_wconf 55' lang='grc'><strong>1686611001·-</strong></span> 
     </span>
     <span class='ocr_line' id='line_1_11' title="bbox 111 959 1741 1019; baseline 0 -14"><span class='ocrx_word' id='word_1_95' title='bbox 111 962 284 1019; x_wconf 87' lang='lat' dir='ltr'>digheid</span> <span class='ocrx_word' id='word_1_96' title='bbox 306 963 382 1005; x_wconf 89' lang='lat' dir='ltr'>het</span> <span class='ocrx_word' id='word_1_97' title='bbox 404 962 557 1004; x_wconf 84' lang='lat' dir='ltr'>vonnis</span> <span class='ocrx_word' id='word_1_98' title='bbox 579 961 822 1017; x_wconf 81' lang='lat' dir='ltr'>ootmoedig</span> <span class='ocrx_word' id='word_1_99' title='bbox 841 964 1090 1016; x_wconf 86' lang='lat' dir='ltr'>ontvangen</span> <span class='ocrx_word' id='word_1_100' title='bbox 1113 974 1166 1002; x_wconf 88' lang='grc'>611</span> <span class='ocrx_word' id='word_1_101' title='bbox 1193 959 1382 1018; x_wconf 85' lang='lat' dir='ltr'>dadelijk</span> <span class='ocrx_word' id='word_1_102' title='bbox 1404 961 1516 1017; x_wconf 90' lang='lat' dir='ltr'>zijne</span> <span class='ocrx_word' id='word_1_103' title='bbox 1539 961 1741 1018; x_wconf 84' lang='lat' dir='ltr'>dolingen</span> 
     </span>
     <span class='ocr_line' id='line_1_12' title="bbox 111 1029 1743 1087; baseline -0.001 -12"><span class='ocrx_word' id='word_1_104' title='bbox 111 1031 230 1076; x_wconf 83' lang='lat' dir='ltr'>heeft</span> <span class='ocrx_word' id='word_1_105' title='bbox 265 1031 525 1087; x_wconf 76' lang='lat' dir='ltr'>herroepen,</span> <span class='ocrx_word' id='word_1_106' title='bbox 560 1029 797 1074; x_wconf 89' lang='lat' dir='ltr'>belovende</span> <span class='ocrx_word' id='word_1_107' title='bbox 837 1030 931 1073; x_wconf 88' lang='lat' dir='ltr'>zich</span> <span class='ocrx_word' id='word_1_108' title='bbox 964 1029 1047 1072; x_wconf 90' lang='lat' dir='ltr'>ook</span> <span class='ocrx_word' id='word_1_109' title='bbox 1081 1042 1191 1072; x_wconf 86' lang='lat' dir='ltr'>naar</span> <span class='ocrx_word' id='word_1_110' title='bbox 1221 1030 1262 1073; x_wconf 85' lang='lat' dir='ltr'>al</span> <span class='ocrx_word' id='word_1_111' title='bbox 1293 1030 1322 1073; x_wconf 91' lang='lat' dir='ltr'>&#39;t</span> <span class='ocrx_word' id='word_1_112' title='bbox 1354 1030 1529 1086; x_wconf 85' lang='lat' dir='ltr'>overige</span> <span class='ocrx_word' id='word_1_113' title='bbox 1563 1032 1666 1087; x_wconf 84' lang='lat' dir='ltr'>stipt</span> <span class='ocrx_word' id='word_1_114' title='bbox 1701 1034 1743 1074; x_wconf 88' lang='lat' dir='ltr'>te</span> 
     </span>
     <span class='ocr_line' id='line_1_13' title="bbox 106 1097 1743 1157; baseline -0.001 -13"><span class='ocrx_word' id='word_1_115' title='bbox 106 1100 342 1157; x_wconf 83' lang='lat' dir='ltr'>gedragen.</span> <span class='ocrx_word' id='word_1_116' title='bbox 366 1101 446 1143; x_wconf 89' lang='lat' dir='ltr'>Tot</span> <span class='ocrx_word' id='word_1_117' title='bbox 467 1099 712 1156; x_wconf 86' lang='lat' dir='ltr'>getuigenis</span> <span class='ocrx_word' id='word_1_118' title='bbox 734 1113 819 1141; x_wconf 86' lang='lat' dir='ltr'>van</span> <span class='ocrx_word' id='word_1_119' title='bbox 843 1099 906 1142; x_wconf 90' lang='lat' dir='ltr'>dit</span> <span class='ocrx_word' id='word_1_120' title='bbox 928 1099 1034 1142; x_wconf 86' lang='lat' dir='ltr'>alles</span> <span class='ocrx_word' id='word_1_121' title='bbox 1056 1098 1175 1141; x_wconf 87' lang='lat' dir='ltr'>heeft</span> <span class='ocrx_word' id='word_1_122' title='bbox 1197 1098 1248 1141; x_wconf 92' lang='lat' dir='ltr'>de</span> <span class='ocrx_word' id='word_1_123' title='bbox 1272 1097 1470 1155; x_wconf 90' lang='lat' dir='ltr'>bisschop</span> <span class='ocrx_word' id='word_1_124' title='bbox 1494 1099 1597 1142; x_wconf 88' lang='lat' dir='ltr'>deze</span> <span class='ocrx_word' id='word_1_125' title='bbox 1620 1103 1743 1144; x_wconf 87' lang='grc'><strong>11016-</strong></span> 
     </span>
     <span class='ocr_line' id='line_1_14' title="bbox 105 1167 1742 1227; baseline 0 -15"><span class='ocrx_word' id='word_1_126' title='bbox 105 1169 236 1213; x_wconf 82' lang='lat' dir='ltr'>rie&#39;ele</span> <span class='ocrx_word' id='word_1_127' title='bbox 258 1172 354 1213; x_wconf 89' lang='grc'><strong>6616</strong></span> <span class='ocrx_word' id='word_1_128' title='bbox 377 1169 495 1212; x_wconf 87' lang='grc'><strong>161611</strong></span> <span class='ocrx_word' id='word_1_129' title='bbox 533 1168 764 1225; x_wconf 84' lang='lat' dir='ltr'>opmaken.</span> <span class='ocrx_word' id='word_1_130' title='bbox 800 1168 968 1224; x_wconf 87' lang='lat' dir='ltr'>Daarop</span> <span class='ocrx_word' id='word_1_131' title='bbox 991 1167 1148 1223; x_wconf 82' lang='lat' dir='ltr'>volgen</span> <span class='ocrx_word' id='word_1_132' title='bbox 1183 1167 1234 1210; x_wconf 91' lang='lat' dir='ltr'>de</span> <span class='ocrx_word' id='word_1_133' title='bbox 1265 1180 1422 1211; x_wconf 88' lang='lat' dir='ltr'>namen</span> <span class='ocrx_word' id='word_1_134' title='bbox 1457 1168 1534 1212; x_wconf 90' lang='lat' dir='ltr'>der</span> <span class='ocrx_word' id='word_1_135' title='bbox 1564 1169 1742 1227; x_wconf 85' lang='lat' dir='ltr'>talrijke</span> 
     </span>
     <span class='ocr_line' id='line_1_15' title="bbox 105 1236 1743 1296; baseline -0.002 -13"><span class='ocrx_word' id='word_1_136' title='bbox 105 1239 329 1296; x_wconf 86' lang='lat' dir='ltr'>getuigen,</span> <span class='ocrx_word' id='word_1_137' title='bbox 357 1241 494 1282; x_wconf 90' lang='lat' dir='ltr'>meest</span> <span class='ocrx_word' id='word_1_138' title='bbox 516 1237 802 1281; x_wconf 86' lang='lat' dir='ltr'>kanunniken</span> <span class='ocrx_word' id='word_1_139' title='bbox 827 1251 880 1280; x_wconf 90' lang='lat' dir='ltr'>en</span> <span class='ocrx_word' id='word_1_140' title='bbox 913 1236 1240 1293; x_wconf 85' lang='lat' dir='ltr'>kerkvoogden,</span> <span class='ocrx_word' id='word_1_141' title='bbox 1277 1237 1429 1280; x_wconf 84' lang='lat' dir='ltr'>alsook</span> <span class='ocrx_word' id='word_1_142' title='bbox 1467 1238 1519 1280; x_wconf 89' lang='lat' dir='ltr'>de</span> <span class='ocrx_word' id='word_1_143' title='bbox 1553 1237 1743 1282; x_wconf 87' lang='lat' dir='ltr'>bevesti-</span> 
     </span>
     <span class='ocr_line' id='line_1_16' title="bbox 104 1305 1735 1366; baseline -0.001 -14"><span class='ocrx_word' id='word_1_144' title='bbox 104 1308 211 1366; x_wconf 88' lang='lat' dir='ltr'>ging</span> <span class='ocrx_word' id='word_1_145' title='bbox 241 1322 327 1352; x_wconf 85' lang='lat' dir='ltr'>van</span> <span class='ocrx_word' id='word_1_146' title='bbox 360 1307 522 1353; x_wconf 89' lang='lat' dir='ltr'>Arnolf</span> <span class='ocrx_word' id='word_1_147' title='bbox 551 1307 603 1350; x_wconf 92' lang='lat' dir='ltr'>de</span> <span class='ocrx_word' id='word_1_148' title='bbox 631 1308 776 1359; x_wconf 90' lang='lat' dir='ltr'>Poest,</span> <span class='ocrx_word' id='word_1_149' title='bbox 818 1306 1006 1362; x_wconf 90' lang='lat' dir='ltr'>priester</span> <span class='ocrx_word' id='word_1_150' title='bbox 1039 1320 1094 1349; x_wconf 91' lang='lat' dir='ltr'>en</span> <span class='ocrx_word' id='word_1_151' title='bbox 1127 1305 1294 1349; x_wconf 89' lang='lat' dir='ltr'>notaris</span> <span class='ocrx_word' id='word_1_152' title='bbox 1327 1319 1410 1351; x_wconf 86' lang='lat' dir='ltr'>van</span> <span class='ocrx_word' id='word_1_153' title='bbox 1445 1306 1524 1350; x_wconf 92' lang='lat' dir='ltr'>het</span> <span class='ocrx_word' id='word_1_154' title='bbox 1555 1306 1735 1351; x_wconf 91' lang='lat' dir='ltr'>bisdom.</span> 
     </span>
    </p>
   </div>
   <div class='ocr_carea' id='block_1_4' title="bbox 103 1433 1745 1588">
    <p class='ocr_par' dir='ltr' id='par_1_5' title="bbox 103 1433 1745 1588">
     <span class='ocr_line' id='line_1_17' title="bbox 148 1433 1745 1478; baseline -0.001 -9"><span class='ocrx_word' id='word_1_155' title='bbox 148 1434 307 1469; x_wconf 80' lang='lat' dir='ltr'>Errores</span> <span class='ocrx_word' id='word_1_156' title='bbox 339 1439 454 1469; x_wconf 77' lang='lat' dir='ltr'>sectae</span> <span class='ocrx_word' id='word_1_157' title='bbox 479 1433 675 1468; x_wconf 80' lang='lat' dir='ltr'>hominum</span> <span class='ocrx_word' id='word_1_158' title='bbox 702 1433 977 1477; x_wconf 71' lang='lat' dir='ltr'>intelliyentz&#39;ae</span> <span class='ocrx_word' id='word_1_159' title='bbox 1004 1437 1037 1467; x_wconf 81' lang='lat' dir='ltr'>et</span> <span class='ocrx_word' id='word_1_160' title='bbox 1061 1443 1260 1477; x_wconf 78' lang='lat' dir='ltr'><strong><em>processus</em></strong></span> <span class='ocrx_word' id='word_1_161' title='bbox 1289 1434 1408 1476; x_wconf 80' lang='lat' dir='ltr'>factus</span> <span class='ocrx_word' id='word_1_162' title='bbox 1435 1439 1562 1468; x_wconf 77' lang='lat' dir='ltr'>contra</span> <span class='ocrx_word' id='word_1_163' title='bbox 1587 1435 1745 1478; x_wconf 82' lang='lat' dir='ltr'>fratrem</span> 
     </span>
     <span class='ocr_line' id='line_1_18' title="bbox 114 1487 1745 1533; baseline 0.001 -10"><span class='ocrx_word' id='word_1_164' title='bbox 114 1488 357 1524; x_wconf 81' lang='lat' dir='ltr'>Wilhelmum</span> <span class='ocrx_word' id='word_1_165' title='bbox 374 1489 419 1524; x_wconf 84' lang='lat' dir='ltr'>de</span> <span class='ocrx_word' id='word_1_166' title='bbox 441 1488 730 1529; x_wconf 78' lang='lat' dir='ltr'>Hildernissem‚</span> <span class='ocrx_word' id='word_1_167' title='bbox 759 1488 907 1522; x_wconf 71' lang='lat' dir='ltr'>ordinis</span> <span class='ocrx_word' id='word_1_168' title='bbox 932 1488 1056 1522; x_wconf 76' lang='lat' dir='ltr'>beatae</span> <span class='ocrx_word' id='word_1_169' title='bbox 1084 1488 1236 1522; x_wconf 74' lang='lat' dir='ltr'>Mariae</span> <span class='ocrx_word' id='word_1_170' title='bbox 1263 1487 1308 1521; x_wconf 80' lang='lat' dir='ltr'>de</span> <span class='ocrx_word' id='word_1_171' title='bbox 1331 1492 1455 1522; x_wconf 76' lang='lat' dir='ltr'>monte</span> <span class='ocrx_word' id='word_1_172' title='bbox 1485 1488 1661 1531; x_wconf 81' lang='lat' dir='ltr'>Carmeli,</span> <span class='ocrx_word' id='word_1_173' title='bbox 1675 1500 1745 1533; x_wconf 82' lang='lat' dir='ltr'>per</span> 
     </span>
     <span class='ocr_line' id='line_1_19' title="bbox 103 1543 1564 1588; baseline -0.003 -8"><span class='ocrx_word' id='word_1_174' title='bbox 103 1545 259 1580; x_wconf 79' lang='lat' dir='ltr'>Petrum</span> <span class='ocrx_word' id='word_1_175' title='bbox 277 1545 323 1579; x_wconf 86' lang='lat' dir='ltr'>de</span> <span class='ocrx_word' id='word_1_176' title='bbox 334 1544 492 1586; x_wconf 72' lang='lat' dir='ltr'>Alliaco,</span> <span class='ocrx_word' id='word_1_177' title='bbox 509 1546 719 1588; x_wconf 65' lang='lat' dir='ltr'>episcopium</span> <span class='ocrx_word' id='word_1_178' title='bbox 735 1543 1048 1584; x_wconf 76' lang='lat' dir='ltr'>Cameracensem,</span> <span class='ocrx_word' id='word_1_179' title='bbox 1064 1554 1164 1578; x_wconf 69' lang='lat' dir='ltr'>anuo</span> <span class='ocrx_word' id='word_1_180' title='bbox 1181 1543 1319 1578; x_wconf 79' lang='lat' dir='ltr'><em>Christi</em></span> <span class='ocrx_word' id='word_1_181' title='bbox 1334 1544 1379 1578; x_wconf 88' lang='lat' dir='ltr'><em>M</em></span> <span class='ocrx_word' id='word_1_182' title='bbox 1381 1543 1553 1578; x_wconf 90' lang='lat' dir='ltr'><strong><em>CCCCXI</em></strong></span> <span class='ocrx_word' id='word_1_183' title='bbox 1555 1567 1564 1576; x_wconf 89' lang='lat'>.</span> 
     </span>
    </p>
   </div>
   <div class='ocr_carea' id='block_1_5' title="bbox 92 1608 1739 2981">
    <p class='ocr_par' dir='ltr' id='par_1_6' title="bbox 102 1608 1739 1764">
     <span class='ocr_line' id='line_1_20' title="bbox 147 1608 1737 1654; baseline 0 -10"><span class='ocrx_word' id='word_1_184' title='bbox 147 1608 334 1644; x_wconf 86' lang='lat' dir='ltr'>Universis</span> <span class='ocrx_word' id='word_1_185' title='bbox 357 1611 392 1644; x_wconf 89' lang='grc'>61</span> <span class='ocrx_word' id='word_1_186' title='bbox 415 1608 569 1654; x_wconf 85' lang='grc'><strong>5111811115</strong></span> <span class='ocrx_word' id='word_1_187' title='bbox 587 1609 720 1644; x_wconf 84' lang='lat' dir='ltr'>Christi</span> <span class='ocrx_word' id='word_1_188' title='bbox 737 1608 904 1643; x_wconf 87' lang='lat' dir='ltr'>fidelibus</span> <span class='ocrx_word' id='word_1_189' title='bbox 919 1611 992 1643; x_wconf 87' lang='lat' dir='ltr'>tam</span> <span class='ocrx_word' id='word_1_190' title='bbox 1010 1608 1258 1652; x_wconf 87' lang='lat' dir='ltr'>praesentibus</span> <span class='ocrx_word' id='word_1_191' title='bbox 1282 1619 1390 1652; x_wconf 88' lang='lat' dir='ltr'>quam</span> <span class='ocrx_word' id='word_1_192' title='bbox 1417 1609 1550 1644; x_wconf 85' lang='lat' dir='ltr'>futuris</span> <span class='ocrx_word' id='word_1_193' title='bbox 1573 1621 1737 1654; x_wconf 89' lang='lat' dir='ltr'>praesen-</span> 
     </span>
     <span class='ocr_line' id='line_1_21' title="bbox 102 1662 1739 1707; baseline 0.001 -8"><span class='ocrx_word' id='word_1_194' title='bbox 102 1663 195 1700; x_wconf 88' lang='lat' dir='ltr'>tium</span> <span class='ocrx_word' id='word_1_195' title='bbox 212 1667 418 1699; x_wconf 88' lang='lat' dir='ltr'>nostrarum</span> <span class='ocrx_word' id='word_1_196' title='bbox 435 1664 563 1699; x_wconf 86' lang='lat' dir='ltr'>seriem</span> <span class='ocrx_word' id='word_1_197' title='bbox 580 1663 785 1699; x_wconf 86' lang='lat' dir='ltr'>litterarum</span> <span class='ocrx_word' id='word_1_198' title='bbox 802 1663 1017 1707; x_wconf 86' lang='lat' dir='ltr'>inspecturis</span> <span class='ocrx_word' id='word_1_199' title='bbox 1035 1663 1176 1706; x_wconf 88' lang='lat' dir='ltr'>Petrus,</span> <span class='ocrx_word' id='word_1_200' title='bbox 1188 1662 1419 1699; x_wconf 88' lang='lat' dir='ltr'>miseratione</span> <span class='ocrx_word' id='word_1_201' title='bbox 1435 1664 1558 1700; x_wconf 84' lang='lat' dir='ltr'>divina</span> <span class='ocrx_word' id='word_1_202' title='bbox 1572 1665 1739 1700; x_wconf 87' lang='lat' dir='ltr'>Camera-</span> 
     </span>
     <span class='ocr_line' id='line_1_22' title="bbox 103 1718 1110 1764; baseline 0.001 -10"><span class='ocrx_word' id='word_1_203' title='bbox 103 1718 218 1755; x_wconf 86' lang='lat' dir='ltr'>censis</span> <span class='ocrx_word' id='word_1_204' title='bbox 232 1719 431 1764; x_wconf 86' lang='lat' dir='ltr'>episcopus,</span> <span class='ocrx_word' id='word_1_205' title='bbox 450 1721 602 1755; x_wconf 86' lang='lat' dir='ltr'>salutem</span> <span class='ocrx_word' id='word_1_206' title='bbox 618 1720 657 1755; x_wconf 91' lang='lat' dir='ltr'>in</span> <span class='ocrx_word' id='word_1_207' title='bbox 675 1719 828 1755; x_wconf 89' lang='lat' dir='ltr'>Domino</span> <span class='ocrx_word' id='word_1_208' title='bbox 842 1720 1110 1764; x_wconf 87' lang='lat' dir='ltr'>sempiternam.</span> 
     </span>
    </p>

    <p class='ocr_par' dir='ltr' id='par_1_7' title="bbox 92 1774 1737 2922">
     <span class='ocr_line' id='line_1_23' title="bbox 145 1774 1733 1819; baseline 0 -9"><span class='ocrx_word' id='word_1_209' title='bbox 145 1775 280 1810; x_wconf 87' lang='lat' dir='ltr'>Notum</span> <span class='ocrx_word' id='word_1_210' title='bbox 296 1774 448 1810; x_wconf 84' lang='lat' dir='ltr'>facimus</span> <span class='ocrx_word' id='word_1_211' title='bbox 465 1776 571 1819; x_wconf 91' lang='lat' dir='ltr'>quod,</span> <span class='ocrx_word' id='word_1_212' title='bbox 591 1787 674 1810; x_wconf 91' lang='lat' dir='ltr'>cum</span> <span class='ocrx_word' id='word_1_213' title='bbox 692 1787 818 1819; x_wconf 84' lang='lat' dir='ltr'>nuper,</span> <span class='ocrx_word' id='word_1_214' title='bbox 839 1776 934 1819; x_wconf 89' lang='lat' dir='ltr'>quod</span> <span class='ocrx_word' id='word_1_215' title='bbox 958 1787 1031 1811; x_wconf 90' lang='lat' dir='ltr'>non</span> <span class='ocrx_word' id='word_1_216' title='bbox 1054 1775 1130 1811; x_wconf 87' lang='lat' dir='ltr'>sine</span> <span class='ocrx_word' id='word_1_217' title='bbox 1158 1775 1277 1811; x_wconf 88' lang='lat' dir='ltr'>cordis</span> <span class='ocrx_word' id='word_1_218' title='bbox 1302 1776 1510 1812; x_wconf 80' lang='lat' dir='ltr'>turbatione</span> <span class='ocrx_word' id='word_1_219' title='bbox 1532 1776 1733 1819; x_wconf 84' lang='lat' dir='ltr'>referimus,</span> 
     </span>
     <span class='ocr_line' id='line_1_24' title="bbox 104 1829 1737 1875; baseline 0.002 -12"><span class='ocrx_word' id='word_1_220' title='bbox 104 1831 226 1864; x_wconf 86' lang='lat' dir='ltr'>tumor</span> <span class='ocrx_word' id='word_1_221' title='bbox 242 1829 392 1864; x_wconf 83' lang='lat' dir='ltr'>infestus</span> <span class='ocrx_word' id='word_1_222' title='bbox 408 1830 646 1874; x_wconf 80' lang='lat' dir='ltr'>devolutaque</span> <span class='ocrx_word' id='word_1_223' title='bbox 677 1831 774 1865; x_wconf 82' lang='lat' dir='ltr'>fama</span> <span class='ocrx_word' id='word_1_224' title='bbox 790 1831 893 1865; x_wconf 91' lang='lat' dir='ltr'>nobis</span> <span class='ocrx_word' id='word_1_225' title='bbox 924 1830 1141 1867; x_wconf 83' lang='lat' dir='ltr'>intimarunt</span> <span class='ocrx_word' id='word_1_226' title='bbox 1164 1831 1260 1875; x_wconf 90' lang='lat' dir='ltr'>quod</span> <span class='ocrx_word' id='word_1_227' title='bbox 1283 1830 1537 1866; x_wconf 86' lang='lat' dir='ltr'>abominabilis</span> <span class='ocrx_word' id='word_1_228' title='bbox 1561 1832 1737 1875; x_wconf 83' lang='lat' dir='ltr'>quaedam</span> 
     </span>
     <span class='ocr_line' id='line_1_25' title="bbox 102 1885 1737 1930; baseline 0.001 -12"><span class='ocrx_word' id='word_1_229' title='bbox 102 1886 209 1926; x_wconf 88' lang='lat' dir='ltr'>secta,</span> <span class='ocrx_word' id='word_1_230' title='bbox 227 1887 445 1928; x_wconf 82' lang='lat' dir='ltr'>procurante</span> <span class='ocrx_word' id='word_1_231' title='bbox 471 1888 589 1920; x_wconf 87' lang='lat' dir='ltr'>satore</span> <span class='ocrx_word' id='word_1_232' title='bbox 616 1885 795 1920; x_wconf 86' lang='lat' dir='ltr'>malorum</span> <span class='ocrx_word' id='word_1_233' title='bbox 823 1897 985 1930; x_wconf 88' lang='lat' dir='ltr'>operum,</span> <span class='ocrx_word' id='word_1_234' title='bbox 1011 1885 1050 1920; x_wconf 92' lang='lat' dir='ltr'>in</span> <span class='ocrx_word' id='word_1_235' title='bbox 1077 1885 1165 1920; x_wconf 89' lang='lat' dir='ltr'>villa</span> <span class='ocrx_word' id='word_1_236' title='bbox 1189 1887 1311 1921; x_wconf 89' lang='lat' dir='ltr'>nostra</span> <span class='ocrx_word' id='word_1_237' title='bbox 1334 1885 1562 1921; x_wconf 79' lang='lat' dir='ltr'>Bruxellensi</span> <span class='ocrx_word' id='word_1_238' title='bbox 1585 1885 1737 1921; x_wconf 87' lang='lat' dir='ltr'>diocesis</span> 
     </span>
     <span class='ocr_line' id='line_1_26' title="bbox 101 1939 1734 1986; baseline 0.002 -13"><span class='ocrx_word' id='word_1_239' title='bbox 101 1942 245 1974; x_wconf 87' lang='lat' dir='ltr'>nostrae</span> <span class='ocrx_word' id='word_1_240' title='bbox 269 1939 536 1974; x_wconf 80' lang='lat' dir='ltr'>Cameracensis</span> <span class='ocrx_word' id='word_1_241' title='bbox 565 1941 819 1976; x_wconf 82' lang='lat' dir='ltr'>damnabiliter</span> <span class='ocrx_word' id='word_1_242' title='bbox 846 1940 1096 1983; x_wconf 76' lang='lat' dir='ltr'>insurrexerit,</span> <span class='ocrx_word' id='word_1_243' title='bbox 1115 1942 1219 1985; x_wconf 81' lang='lat' dir='ltr'>cujus</span> <span class='ocrx_word' id='word_1_244' title='bbox 1242 1943 1360 1976; x_wconf 86' lang='lat' dir='ltr'>sectae</span> <span class='ocrx_word' id='word_1_245' title='bbox 1383 1941 1602 1976; x_wconf 85' lang='lat' dir='ltr'>detestabilis</span> <span class='ocrx_word' id='word_1_246' title='bbox 1625 1953 1734 1986; x_wconf 87' lang='lat' dir='ltr'>quen—</span> 
     </span>
     <span class='ocr_line' id='line_1_27' title="bbox 100 1994 1735 2041; baseline 0.002 -13"><span class='ocrx_word' id='word_1_247' title='bbox 100 1994 184 2029; x_wconf 88' lang='lat' dir='ltr'>dam</span> <span class='ocrx_word' id='word_1_248' title='bbox 207 1994 401 2039; x_wconf 84' lang='lat' dir='ltr'>Aegidium</span> <span class='ocrx_word' id='word_1_249' title='bbox 427 1996 618 2030; x_wconf 84' lang='lat' dir='ltr'>Cantorem</span> <span class='ocrx_word' id='word_1_250' title='bbox 647 1996 848 2041; x_wconf 81' lang='lat' dir='ltr'>vulgariter</span> <span class='ocrx_word' id='word_1_251' title='bbox 886 2000 1135 2040; x_wconf 85' lang='lat' dir='ltr'>nuncupatum</span> <span class='ocrx_word' id='word_1_252' title='bbox 1160 2000 1268 2040; x_wconf 85' lang='lat' dir='ltr'>caput</span> <span class='ocrx_word' id='word_1_253' title='bbox 1291 1996 1449 2031; x_wconf 79' lang='lat' dir='ltr'>extitisse</span> <span class='ocrx_word' id='word_1_254' title='bbox 1466 1997 1562 2031; x_wconf 85' lang='lat' dir='ltr'>fama</span> <span class='ocrx_word' id='word_1_255' title='bbox 1590 1997 1735 2041; x_wconf 88' lang='lat' dir='ltr'>publica</span> 
     </span>
     <span class='ocr_line' id='line_1_28' title="bbox 100 2050 1734 2095; baseline 0.001 -11"><span class='ocrx_word' id='word_1_256' title='bbox 100 2052 262 2091; x_wconf 88' lang='lat' dir='ltr'>testatur,</span> <span class='ocrx_word' id='word_1_257' title='bbox 283 2051 403 2094; x_wconf 84' lang='lat' dir='ltr'>spinas</span> <span class='ocrx_word' id='word_1_258' title='bbox 416 2050 453 2085; x_wconf 90' lang='lat' dir='ltr'>in</span> <span class='ocrx_word' id='word_1_259' title='bbox 470 2052 594 2086; x_wconf 88' lang='lat' dir='ltr'>eadem</span> <span class='ocrx_word' id='word_1_260' title='bbox 611 2051 798 2086; x_wconf 86' lang='lat' dir='ltr'>inferendo</span> <span class='ocrx_word' id='word_1_261' title='bbox 815 2053 994 2095; x_wconf 82' lang='lat' dir='ltr'>cordaque</span> <span class='ocrx_word' id='word_1_262' title='bbox 1009 2051 1170 2086; x_wconf 88' lang='lat' dir='ltr'>fidelium</span> <span class='ocrx_word' id='word_1_263' title='bbox 1183 2063 1204 2086; x_wconf 88' lang='lat' dir='ltr'>a</span> <span class='ocrx_word' id='word_1_264' title='bbox 1217 2051 1418 2087; x_wconf 85' lang='lat' dir='ltr'>catholicae</span> <span class='ocrx_word' id='word_1_265' title='bbox 1432 2052 1514 2087; x_wconf 88' lang='lat' dir='ltr'>fidei</span> <span class='ocrx_word' id='word_1_266' title='bbox 1528 2052 1734 2087; x_wconf 85' lang='lat' dir='ltr'>tramitibus</span> 
     </span>
     <span class='ocr_line' id='line_1_29' title="bbox 99 2105 1731 2151; baseline 0.002 -12"><span class='ocrx_word' id='word_1_267' title='bbox 99 2106 166 2140; x_wconf 89' lang='lat' dir='ltr'>sub</span> <span class='ocrx_word' id='word_1_268' title='bbox 178 2105 347 2141; x_wconf 89' lang='lat' dir='ltr'>simulata</span> <span class='ocrx_word' id='word_1_269' title='bbox 361 2107 515 2150; x_wconf 85' lang='lat' dir='ltr'>quadam</span> <span class='ocrx_word' id='word_1_270' title='bbox 532 2107 732 2142; x_wconf 79' lang='lat' dir='ltr'>sanctitatis</span> <span class='ocrx_word' id='word_1_271' title='bbox 748 2107 865 2151; x_wconf 85' lang='lat' dir='ltr'>specie</span> <span class='ocrx_word' id='word_1_272' title='bbox 882 2107 1111 2148; x_wconf 87' lang='lat' dir='ltr'>retrahendo,</span> <span class='ocrx_word' id='word_1_273' title='bbox 1132 2119 1195 2141; x_wconf 90' lang='lat' dir='ltr'>nos</span> <span class='ocrx_word' id='word_1_274' title='bbox 1212 2110 1252 2142; x_wconf 90' lang='lat' dir='ltr'>ut</span> <span class='ocrx_word' id='word_1_275' title='bbox 1264 2107 1428 2151; x_wconf 85' lang='lat' dir='ltr'>vipereos</span> <span class='ocrx_word' id='word_1_276' title='bbox 1441 2108 1614 2150; x_wconf 87' lang='lat' dir='ltr'>perfidiae</span> <span class='ocrx_word' id='word_1_277' title='bbox 1627 2108 1731 2149; x_wconf 87' lang='lat' dir='ltr'>filios,</span> 
     </span>
     <span class='ocr_line' id='line_1_30' title="bbox 100 2161 1733 2207; baseline 0.002 -12"><span class='ocrx_word' id='word_1_278' title='bbox 100 2171 145 2195; x_wconf 90' lang='lat' dir='ltr'>ne</span> <span class='ocrx_word' id='word_1_279' title='bbox 157 2161 262 2205; x_wconf 82' lang='lat' dir='ltr'>gregi</span> <span class='ocrx_word' id='word_1_280' title='bbox 277 2161 437 2195; x_wconf 88' lang='lat' dir='ltr'>fidelium</span> <span class='ocrx_word' id='word_1_281' title='bbox 451 2173 515 2205; x_wconf 89' lang='lat' dir='ltr'>per</span> <span class='ocrx_word' id='word_1_282' title='bbox 527 2173 609 2196; x_wconf 88' lang='lat' dir='ltr'>oves</span> <span class='ocrx_word' id='word_1_283' title='bbox 625 2161 807 2196; x_wconf 84' lang='lat' dir='ltr'>morbidas</span> <span class='ocrx_word' id='word_1_284' title='bbox 820 2161 968 2205; x_wconf 85' lang='lat' dir='ltr'>gravior</span> <span class='ocrx_word' id='word_1_285' title='bbox 981 2161 1211 2206; x_wconf 83' lang='lat' dir='ltr'>infligeretur</span> <span class='ocrx_word' id='word_1_286' title='bbox 1226 2163 1434 2206; x_wconf 81' lang='lat' dir='ltr'>corruptela</span> <span class='ocrx_word' id='word_1_287' title='bbox 1462 2166 1496 2198; x_wconf 90' lang='lat' dir='ltr'>et</span> <span class='ocrx_word' id='word_1_288' title='bbox 1512 2168 1553 2199; x_wconf 88' lang='lat' dir='ltr'>ut</span> <span class='ocrx_word' id='word_1_289' title='bbox 1566 2175 1733 2207; x_wconf 89' lang='lat' dir='ltr'>praecur-</span> 
     </span>
     <span class='ocr_line' id='line_1_31' title="bbox 99 2215 1731 2262; baseline 0.002 -12"><span class='ocrx_word' id='word_1_290' title='bbox 99 2215 211 2251; x_wconf 88' lang='lat' dir='ltr'>rentis</span> <span class='ocrx_word' id='word_1_291' title='bbox 228 2217 344 2250; x_wconf 86' lang='lat' dir='ltr'>famae</span> <span class='ocrx_word' id='word_1_292' title='bbox 360 2216 537 2260; x_wconf 85' lang='lat' dir='ltr'>pernicies</span> <span class='ocrx_word' id='word_1_293' title='bbox 561 2216 670 2251; x_wconf 86' lang='lat' dir='ltr'>officii</span> <span class='ocrx_word' id='word_1_294' title='bbox 694 2216 806 2251; x_wconf 89' lang='lat' dir='ltr'>nostri</span> <span class='ocrx_word' id='word_1_295' title='bbox 824 2216 1013 2260; x_wconf 85' lang='lat' dir='ltr'>pastoralis</span> <span class='ocrx_word' id='word_1_296' title='bbox 1029 2216 1177 2252; x_wconf 83' lang='lat' dir='ltr'>sentiret</span> <span class='ocrx_word' id='word_1_297' title='bbox 1201 2217 1356 2258; x_wconf 87' lang='lat' dir='ltr'>aculeos,</span> <span class='ocrx_word' id='word_1_298' title='bbox 1375 2218 1582 2262; x_wconf 79' lang='lat' dir='ltr'>hujusmodi</span> <span class='ocrx_word' id='word_1_299' title='bbox 1599 2222 1731 2254; x_wconf 85' lang='lat' dir='ltr'>sectam</span> 
     </span>
     <span class='ocr_line' id='line_1_32' title="bbox 99 2272 1732 2318; baseline 0.002 -12"><span class='ocrx_word' id='word_1_300' title='bbox 99 2272 345 2307; x_wconf 87' lang='lat' dir='ltr'>detestabilem</span> <span class='ocrx_word' id='word_1_301' title='bbox 377 2275 412 2307; x_wconf 88' lang='lat' dir='ltr'>et</span> <span class='ocrx_word' id='word_1_302' title='bbox 441 2272 553 2316; x_wconf 87' lang='lat' dir='ltr'>ipsius</span> <span class='ocrx_word' id='word_1_303' title='bbox 583 2273 802 2307; x_wconf 78' lang='lat' dir='ltr'>execrandos</span> <span class='ocrx_word' id='word_1_304' title='bbox 831 2284 972 2307; x_wconf 86' lang='lat' dir='ltr'>errores</span> <span class='ocrx_word' id='word_1_305' title='bbox 1003 2284 1047 2307; x_wconf 89' lang='lat' dir='ltr'>ue</span> <span class='ocrx_word' id='word_1_306' title='bbox 1078 2276 1336 2317; x_wconf 81' lang='lat' dir='ltr'>spargerentur</span> <span class='ocrx_word' id='word_1_307' title='bbox 1368 2272 1520 2307; x_wconf 87' lang='lat' dir='ltr'>ulterius</span> <span class='ocrx_word' id='word_1_308' title='bbox 1550 2273 1732 2318; x_wconf 81' lang='lat' dir='ltr'>extirpare</span> 
     </span>
     <span class='ocr_line' id='line_1_33' title="bbox 98 2326 1730 2372; baseline 0.001 -10"><span class='ocrx_word' id='word_1_309' title='bbox 98 2326 272 2362; x_wconf 84' lang='lat' dir='ltr'>radicitus</span> <span class='ocrx_word' id='word_1_310' title='bbox 296 2329 484 2369; x_wconf 87' lang='lat' dir='ltr'>tentantes,</span> <span class='ocrx_word' id='word_1_311' title='bbox 503 2330 544 2362; x_wconf 90' lang='lat' dir='ltr'>ut</span> <span class='ocrx_word' id='word_1_312' title='bbox 566 2339 674 2371; x_wconf 86' lang='lat' dir='ltr'>super</span> <span class='ocrx_word' id='word_1_313' title='bbox 700 2331 800 2362; x_wconf 88' lang='lat' dir='ltr'>tanto</span> <span class='ocrx_word' id='word_1_314' title='bbox 824 2327 976 2362; x_wconf 88' lang='lat' dir='ltr'>crimine</span> <span class='ocrx_word' id='word_1_315' title='bbox 1000 2327 1102 2362; x_wconf 83' lang='lat' dir='ltr'>taciti</span> <span class='ocrx_word' id='word_1_316' title='bbox 1131 2339 1203 2362; x_wconf 89' lang='lat' dir='ltr'>non</span> <span class='ocrx_word' id='word_1_317' title='bbox 1229 2327 1446 2369; x_wconf 80' lang='lat' dir='ltr'>videremur,</span> <span class='ocrx_word' id='word_1_318' title='bbox 1473 2329 1636 2372; x_wconf 84' lang='lat' dir='ltr'>exemplo</span> <span class='ocrx_word' id='word_1_319' title='bbox 1664 2330 1730 2364; x_wconf 89' lang='lat' dir='ltr'>Dei</span> 
     </span>
     <span class='ocr_line' id='line_1_34' title="bbox 99 2382 1728 2427; baseline 0.002 -10"><span class='ocrx_word' id='word_1_320' title='bbox 99 2382 386 2427; x_wconf 81' lang='lat' dir='ltr'>cunctipotentis,</span> <span class='ocrx_word' id='word_1_321' title='bbox 406 2382 467 2427; x_wconf 87' lang='lat' dir='ltr'>qui</span> <span class='ocrx_word' id='word_1_322' title='bbox 486 2382 723 2416; x_wconf 87' lang='lat' dir='ltr'>Sodomorum</span> <span class='ocrx_word' id='word_1_323' title='bbox 739 2382 846 2422; x_wconf 87' lang='lat' dir='ltr'>mala,</span> <span class='ocrx_word' id='word_1_324' title='bbox 867 2393 1020 2425; x_wconf 90' lang='lat' dir='ltr'>quorum</span> <span class='ocrx_word' id='word_1_325' title='bbox 1037 2383 1174 2417; x_wconf 87' lang='lat' dir='ltr'>clamor</span> <span class='ocrx_word' id='word_1_326' title='bbox 1198 2394 1310 2427; x_wconf 88' lang='lat' dir='ltr'>usquc</span> <span class='ocrx_word' id='word_1_327' title='bbox 1335 2383 1380 2418; x_wconf 88' lang='lat' dir='ltr'>ad</span> <span class='ocrx_word' id='word_1_328' title='bbox 1404 2383 1542 2418; x_wconf 87' lang='lat' dir='ltr'>coelum</span> <span class='ocrx_word' id='word_1_329' title='bbox 1561 2395 1728 2427; x_wconf 85' lang='lat' dir='ltr'>pervene-</span> 
     </span>
     <span class='ocr_line' id='line_1_35' title="bbox 97 2436 1730 2482; baseline 0.001 -10"><span class='ocrx_word' id='word_1_330' title='bbox 97 2439 166 2478; x_wconf 87' lang='lat' dir='ltr'>rat,</span> <span class='ocrx_word' id='word_1_331' title='bbox 184 2437 306 2472; x_wconf 86' lang='lat' dir='ltr'>omnia</span> <span class='ocrx_word' id='word_1_332' title='bbox 322 2437 437 2472; x_wconf 84' lang='lat' dir='ltr'>sciens</span> <span class='ocrx_word' id='word_1_333' title='bbox 453 2437 553 2480; x_wconf 87' lang='lat' dir='ltr'>prius</span> <span class='ocrx_word' id='word_1_334' title='bbox 570 2448 635 2471; x_wconf 86' lang='lat' dir='ltr'>nee</span> <span class='ocrx_word' id='word_1_335' title='bbox 652 2436 796 2471; x_wconf 88' lang='lat' dir='ltr'>tradere</span> <span class='ocrx_word' id='word_1_336' title='bbox 811 2437 867 2470; x_wconf 74' lang='lat' dir='ltr'>vel</span> <span class='ocrx_word' id='word_1_337' title='bbox 880 2437 1048 2481; x_wconf 87' lang='lat' dir='ltr'>judicare</span> <span class='ocrx_word' id='word_1_338' title='bbox 1065 2437 1224 2480; x_wconf 87' lang='lat' dir='ltr'>aliquem</span> <span class='ocrx_word' id='word_1_339' title='bbox 1241 2437 1357 2472; x_wconf 87' lang='lat' dir='ltr'>voluit</span> <span class='ocrx_word' id='word_1_340' title='bbox 1373 2449 1480 2481; x_wconf 87' lang='lat' dir='ltr'>quam</span> <span class='ocrx_word' id='word_1_341' title='bbox 1497 2437 1572 2482; x_wconf 85' lang='lat' dir='ltr'>ipse</span> <span class='ocrx_word' id='word_1_342' title='bbox 1589 2450 1631 2474; x_wconf 89' lang='lat' dir='ltr'>ea</span> <span class='ocrx_word' id='word_1_343' title='bbox 1648 2451 1730 2474; x_wconf 89' lang='lat' dir='ltr'>cum</span> 
     </span>
     <span class='ocr_line' id='line_1_36' title="bbox 98 2491 1731 2536; baseline 0.001 -9"><span class='ocrx_word' id='word_1_344' title='bbox 98 2492 264 2527; x_wconf 85' lang='lat' dir='ltr'>fidelibus</span> <span class='ocrx_word' id='word_1_345' title='bbox 280 2493 429 2527; x_wconf 83' lang='lat' dir='ltr'>testibus</span> <span class='ocrx_word' id='word_1_346' title='bbox 454 2491 685 2535; x_wconf 75' lang='lat' dir='ltr'>investigans,</span> <span class='ocrx_word' id='word_1_347' title='bbox 705 2503 796 2535; x_wconf 87' lang='lat' dir='ltr'>quae</span> <span class='ocrx_word' id='word_1_348' title='bbox 812 2491 978 2527; x_wconf 84' lang='lat' dir='ltr'>audierat</span> <span class='ocrx_word' id='word_1_349' title='bbox 1002 2504 1109 2536; x_wconf 85' lang='lat' dir='ltr'>opere</span> <span class='ocrx_word' id='word_1_350' title='bbox 1134 2493 1397 2536; x_wconf 88' lang='lat' dir='ltr'>comprobaret,</span> <span class='ocrx_word' id='word_1_351' title='bbox 1416 2505 1479 2527; x_wconf 85' lang='lat' dir='ltr'>nos</span> <span class='ocrx_word' id='word_1_352' title='bbox 1503 2498 1585 2528; x_wconf 84' lang='lat' dir='ltr'>ante</span> <span class='ocrx_word' id='word_1_353' title='bbox 1610 2506 1731 2529; x_wconf 78' lang='lat' dir='ltr'>veram</span> 
     </span>
     <span class='ocr_line' id='line_1_37' title="bbox 92 2546 1732 2593; baseline 0.001 -11"><span class='ocrx_word' id='word_1_354' title='bbox 92 2548 300 2591; x_wconf 84' lang='lat' dir='ltr'>justamque</span> <span class='ocrx_word' id='word_1_355' title='bbox 315 2547 562 2592; x_wconf 85' lang='lat' dir='ltr'>probationem</span> <span class='ocrx_word' id='word_1_356' title='bbox 580 2546 759 2581; x_wconf 88' lang='lat' dir='ltr'>neminem</span> <span class='ocrx_word' id='word_1_357' title='bbox 770 2547 938 2591; x_wconf 83' lang='lat' dir='ltr'>judicare</span> <span class='ocrx_word' id='word_1_358' title='bbox 954 2548 1011 2582; x_wconf 80' lang='lat' dir='ltr'>vel</span> <span class='ocrx_word' id='word_1_359' title='bbox 1024 2548 1196 2582; x_wconf 86' lang='lat' dir='ltr'>damnare</span> <span class='ocrx_word' id='word_1_360' title='bbox 1212 2548 1371 2583; x_wconf 76' lang='lat' dir='ltr'>volentes</span> <span class='ocrx_word' id='word_1_361' title='bbox 1384 2560 1425 2582; x_wconf 89' lang='grc'>66</span> <span class='ocrx_word' id='word_1_362' title='bbox 1439 2551 1512 2583; x_wconf 85' lang='lat' dir='ltr'>tam</span> <span class='ocrx_word' id='word_1_363' title='bbox 1526 2549 1654 2593; x_wconf 86' lang='lat' dir='ltr'>gravia</span> <span class='ocrx_word' id='word_1_364' title='bbox 1666 2551 1732 2584; x_wconf 85' lang='lat' dir='ltr'>sub</span> 
     </span>
     <span class='ocr_line' id='line_1_38' title="bbox 97 2602 1728 2647; baseline 0.001 -10"><span class='ocrx_word' id='word_1_365' title='bbox 97 2602 326 2638; x_wconf 85' lang='lat' dir='ltr'>simulatione</span> <span class='ocrx_word' id='word_1_366' title='bbox 344 2602 562 2647; x_wconf 86' lang='lat' dir='ltr'>pertransire</span> <span class='ocrx_word' id='word_1_367' title='bbox 579 2603 751 2643; x_wconf 79' lang='grc'><strong>60166165,</strong></span> <span class='ocrx_word' id='word_1_368' title='bbox 770 2602 808 2636; x_wconf 87' lang='grc'>111</span> <span class='ocrx_word' id='word_1_369' title='bbox 825 2602 952 2646; x_wconf 84' lang='lat' dir='ltr'>primis</span> <span class='ocrx_word' id='word_1_370' title='bbox 967 2603 1011 2637; x_wconf 89' lang='lat' dir='ltr'>de</span> <span class='ocrx_word' id='word_1_371' title='bbox 1027 2603 1239 2647; x_wconf 75' lang='lat' dir='ltr'>sequacibus</span> <span class='ocrx_word' id='word_1_372' title='bbox 1256 2604 1414 2647; x_wconf 86' lang='lat' dir='ltr'>ejusdem</span> <span class='ocrx_word' id='word_1_373' title='bbox 1438 2608 1556 2640; x_wconf 87' lang='lat' dir='ltr'>sectae</span> <span class='ocrx_word' id='word_1_374' title='bbox 1579 2605 1728 2641; x_wconf 86' lang='lat' dir='ltr'>detesta-</span> 
     </span>
     <span class='ocr_line' id='line_1_39' title="bbox 97 2657 1728 2702; baseline 0.002 -10"><span class='ocrx_word' id='word_1_375' title='bbox 97 2657 181 2692; x_wconf 81' lang='lat' dir='ltr'>bilis</span> <span class='ocrx_word' id='word_1_376' title='bbox 208 2658 392 2702; x_wconf 85' lang='lat' dir='ltr'>inquirere</span> <span class='ocrx_word' id='word_1_377' title='bbox 417 2658 566 2692; x_wconf 81' lang='lat' dir='ltr'>fecimus</span> <span class='ocrx_word' id='word_1_378' title='bbox 583 2657 783 2696; x_wconf 76' lang='lat' dir='ltr'>veritatem.</span> <span class='ocrx_word' id='word_1_379' title='bbox 803 2657 898 2692; x_wconf 87' lang='lat' dir='ltr'>inter</span> <span class='ocrx_word' id='word_1_380' title='bbox 925 2670 1013 2701; x_wconf 84' lang='lat' dir='ltr'>quos</span> <span class='ocrx_word' id='word_1_381' title='bbox 1036 2661 1070 2693; x_wconf 87' lang='lat' dir='ltr'>te</span> <span class='ocrx_word' id='word_1_382' title='bbox 1087 2659 1234 2693; x_wconf 88' lang='lat' dir='ltr'>fratrem</span> <span class='ocrx_word' id='word_1_383' title='bbox 1260 2658 1502 2694; x_wconf 49' lang='lat' dir='ltr'>&amp;Vilhelmum</span> <span class='ocrx_word' id='word_1_384' title='bbox 1525 2660 1569 2694; x_wconf 86' lang='grc'>(16</span> <span class='ocrx_word' id='word_1_385' title='bbox 1588 2660 1728 2696; x_wconf 83' lang='lat' dir='ltr'>Hilder·</span> 
     </span>
     <span class='ocr_line' id='line_1_40' title="bbox 97 2711 1729 2759; baseline 0.002 -12"><span class='ocrx_word' id='word_1_386' title='bbox 97 2713 240 2754; x_wconf 86' lang='lat' dir='ltr'>nissem,</span> <span class='ocrx_word' id='word_1_387' title='bbox 274 2712 411 2747; x_wconf 78' lang='lat' dir='ltr'>ordinis</span> <span class='ocrx_word' id='word_1_388' title='bbox 443 2713 597 2747; x_wconf 83' lang='lat' dir='ltr'>fratrum</span> <span class='ocrx_word' id='word_1_389' title='bbox 622 2713 746 2747; x_wconf 85' lang='lat' dir='ltr'>beatae</span> <span class='ocrx_word' id='word_1_390' title='bbox 773 2711 913 2747; x_wconf 86' lang='lat' dir='ltr'>Mariae</span> <span class='ocrx_word' id='word_1_391' title='bbox 940 2713 983 2746; x_wconf 89' lang='lat' dir='ltr'>de</span> <span class='ocrx_word' id='word_1_392' title='bbox 1012 2716 1132 2748; x_wconf 86' lang='lat' dir='ltr'>monte</span> <span class='ocrx_word' id='word_1_393' title='bbox 1164 2713 1332 2754; x_wconf 85' lang='lat' dir='ltr'>Carmeli,</span> <span class='ocrx_word' id='word_1_394' title='bbox 1363 2714 1494 2748; x_wconf 86' lang='lat' dir='ltr'>nedum</span> <span class='ocrx_word' id='word_1_395' title='bbox 1522 2714 1729 2759; x_wconf 86' lang='lat' dir='ltr'>hujusmodi</span> 
     </span>
     <span class='ocr_line' id='line_1_41' title="bbox 96 2766 1729 2813; baseline 0.002 -11"><span class='ocrx_word' id='word_1_396' title='bbox 96 2771 214 2803; x_wconf 85' lang='lat' dir='ltr'>sectae</span> <span class='ocrx_word' id='word_1_397' title='bbox 231 2767 463 2809; x_wconf 76' lang='lat' dir='ltr'>detestabilis,</span> <span class='ocrx_word' id='word_1_398' title='bbox 483 2769 540 2802; x_wconf 85' lang='lat' dir='ltr'>sed</span> <span class='ocrx_word' id='word_1_399' title='bbox 560 2768 655 2811; x_wconf 78' lang='lat' dir='ltr'>quod</span> <span class='ocrx_word' id='word_1_400' title='bbox 671 2766 760 2802; x_wconf 89' lang='lat' dir='ltr'>alios</span> <span class='ocrx_word' id='word_1_401' title='bbox 777 2779 917 2802; x_wconf 88' lang='lat' dir='ltr'>errores</span> <span class='ocrx_word' id='word_1_402' title='bbox 933 2767 1040 2802; x_wconf 88' lang='lat' dir='ltr'>etiam</span> <span class='ocrx_word' id='word_1_403' title='bbox 1059 2768 1096 2802; x_wconf 91' lang='lat' dir='ltr'>in</span> <span class='ocrx_word' id='word_1_404' title='bbox 1113 2768 1182 2804; x_wconf 80' lang='lat' dir='ltr'>fido</span> <span class='ocrx_word' id='word_1_405' title='bbox 1198 2768 1377 2804; x_wconf 85' lang='lat' dir='ltr'>catholica</span> <span class='ocrx_word' id='word_1_406' title='bbox 1395 2769 1642 2813; x_wconf 81' lang='lat' dir='ltr'>publicaveras</span> <span class='ocrx_word' id='word_1_407' title='bbox 1659 2771 1729 2805; x_wconf 85' lang='lat' dir='ltr'>tuis</span> 
     </span>
     <span class='ocr_line' id='line_1_42' title="bbox 96 2822 1728 2868; baseline 0.002 -10"><span class='ocrx_word' id='word_1_408' title='bbox 96 2822 135 2858; x_wconf 88' lang='lat' dir='ltr'>in</span> <span class='ocrx_word' id='word_1_409' title='bbox 147 2823 216 2858; x_wconf 89' lang='lat' dir='ltr'>hoc</span> <span class='ocrx_word' id='word_1_410' title='bbox 233 2822 389 2858; x_wconf 80' lang='lat' dir='ltr'>motibus</span> <span class='ocrx_word' id='word_1_411' title='bbox 406 2823 630 2863; x_wconf 80' lang='lat' dir='ltr'>inconsultis,</span> <span class='ocrx_word' id='word_1_412' title='bbox 645 2823 734 2857; x_wconf 83' lang='lat' dir='ltr'>adeo</span> <span class='ocrx_word' id='word_1_413' title='bbox 752 2822 925 2866; x_wconf 75' lang='lat' dir='ltr'>processit</span> <span class='ocrx_word' id='word_1_414' title='bbox 940 2823 979 2857; x_wconf 90' lang='lat' dir='ltr'>in</span> <span class='ocrx_word' id='word_1_415' title='bbox 995 2823 1182 2867; x_wconf 88' lang='lat' dir='ltr'>publicum</span> <span class='ocrx_word' id='word_1_416' title='bbox 1199 2824 1294 2868; x_wconf 85' lang='lat' dir='ltr'>quod</span> <span class='ocrx_word' id='word_1_417' title='bbox 1311 2827 1393 2860; x_wconf 85' lang='lat' dir='ltr'>tuae</span> <span class='ocrx_word' id='word_1_418' title='bbox 1409 2824 1564 2861; x_wconf 82' lang='lat' dir='ltr'>levitatis</span> <span class='ocrx_word' id='word_1_419' title='bbox 1588 2837 1728 2862; x_wconf 83' lang='lat' dir='ltr'>errores</span> 
     </span>
     <span class='ocr_line' id='line_1_43' title="bbox 96 2877 1020 2922; baseline 0.002 -9"><span class='ocrx_word' id='word_1_420' title='bbox 96 2877 317 2913; x_wconf 84' lang='lat' dir='ltr'>inconsultos</span> <span class='ocrx_word' id='word_1_421' title='bbox 333 2878 488 2914; x_wconf 86' lang='lat' dir='ltr'>transire</span> <span class='ocrx_word' id='word_1_422' title='bbox 505 2890 576 2913; x_wconf 88' lang='lat' dir='ltr'>non</span> <span class='ocrx_word' id='word_1_423' title='bbox 593 2877 775 2922; x_wconf 86' lang='lat' dir='ltr'>potuimus</span> <span class='ocrx_word' id='word_1_424' title='bbox 790 2878 1020 2915; x_wconf 88' lang='lat' dir='ltr'>incorrectos.</span> 
     </span>
    </p>

    <p class='ocr_par' dir='ltr' id='par_1_8' title="bbox 141 2933 1722 2981">
     <span class='ocr_line' id='line_1_44' title="bbox 141 2933 1722 2981; baseline 0.001 -11"><span class='ocrx_word' id='word_1_425' title='bbox 141 2933 260 2978; x_wconf 73' lang='lat' dir='ltr'>Igitiu·</span> <span class='ocrx_word' id='word_1_426' title='bbox 275 2937 309 2970; x_wconf 84' lang='lat' dir='ltr'>te</span> <span class='ocrx_word' id='word_1_427' title='bbox 333 2934 379 2970; x_wconf 90' lang='lat' dir='ltr'>ad</span> <span class='ocrx_word' id='word_1_428' title='bbox 395 2934 636 2978; x_wconf 81' lang='lat' dir='ltr'>praesentiam</span> <span class='ocrx_word' id='word_1_429' title='bbox 659 2937 819 2970; x_wconf 81' lang='lat' dir='ltr'>nostram</span> <span class='ocrx_word' id='word_1_430' title='bbox 836 2935 1004 2978; x_wconf 87' lang='lat' dir='ltr'>primitus</span> <span class='ocrx_word' id='word_1_431' title='bbox 1019 2935 1163 2972; x_wconf 77' lang='lat' dir='ltr'>evocari</span> <span class='ocrx_word' id='word_1_432' title='bbox 1178 2935 1329 2973; x_wconf 85' lang='lat' dir='ltr'>fecimus</span> <span class='ocrx_word' id='word_1_433' title='bbox 1344 2935 1586 2981; x_wconf 86' lang='lat' dir='ltr'>articulosque</span> <span class='ocrx_word' id='word_1_434' title='bbox 1602 2935 1722 2981; x_wconf 84' lang='lat' dir='ltr'>plures</span> 
     </span>
    </p>
   </div>
  </div>
 </body>
</html>
