2097 3466
309 257 371 288 3:38
984 248 1242 283 ANN01435

306 349 387 392 den
411 347 687 405 wijbisschop
711 345 900 389 Judocus
924 346 1072 394 Borre,
1100 343 1183 384 den
1217 341 1374 384 vicar-is
1397 355 1481 384 van
1506 340 1588 383 den
1626 340 1825 398 bisschop
1849 356 1935 386 van

308 419 491 462 Utrecht
514 417 646 460 David
670 430 752 459 van
777 413 1065 469 Bourgondie',
1104 426 1157 455 en
1197 415 1382 455 meester
1419 411 1541 463 Dirk,
1567 413 1820 456 vice—cureit
1852 427 1936 457 van

306 490 528 533 Haarlem.
552 490 612 531 De
633 487 817 543 priester
840 485 1045 527 Nikolaas
1070 497 1153 526 van
1187 483 1405 533 Naarden,
1435 483 1649 526 wonende
1673 488 1717 526 te
1741 484 1938 527 Amster-

305 559 417 609 dam,
444 570 537 600 was
560 555 682 598 Edo's
704 553 856 597 vriend
881 567 934 595 en
959 552 1213 607 aanhanger
1235 551 1282 594 of
1300 552 1435 594 liever
1471 553 1637 608 collega
1669 553 1713 594 in
1752 552 1804 594 de
1841 552 1937 595 ket-

303 626 420 682 terij.
449 624 516 680 Hij
541 623 685 665 kwam
719 635 827 664 naar
866 621 1066 662 Haarlein
1105 633 1171 662 om
1209 620 1298 662 Edo
1332 635 1384 663 en
1422 620 1534 677 zijne
1576 620 1858 676 volgelingen
1894 623 1938 662 te

304 694 495 745 sterken‚
525 707 642 736 maai·
664 692 783 734 werd
807 690 1035 747 insgelijks
1069 689 1399 745 aangehouden.
1430 689 1532 732 Men
1566 688 1751 732 ontbood
1785 689 1937 732 alsdan

304 766 368 808 uit
389 763 643 818 Groningen
667 774 801 804 eenen
825 759 1099 815 predikheer‚
1129 760 1194 801 die
1218 759 1479 814 inquisiteur
1514 773 1604 801 was
1637 773 1691 802 en
1725 758 1777 801 de
1809 758 1938 802 re‘eks

305 836 478 878 hunner
510 833 713 888 dolingen
751 830 1002 873 vaststelde.
1046 830 1125 886 <Zij
1168 831 1348 872 worden
1386 830 1482 872 hier
1520 829 1768 885 omstandig
1805 842 1936 885 opge-

304 904 485 959 geven.)
508 903 567 944 De
588 905 703 944 twee
726 912 1010 956 gevangenen
1030 897 1256 941 beloofden
1274 899 1342 941 die
1360 898 1595 955 ketterijen
1613 903 1657 940 te
1674 897 1932 953 herroepen.

303 974 364 1029 Op
387 972 556 1027 zondag
589 971 617 1012 2
647 971 769 1025 April
807 970 936 1020 1458,
963 982 1070 1010 eene
1094 969 1247 1011 maand
1271 983 1326 1010 na
1349 969 1563 1018 Paschen,
1593 967 1678 1009 had
1701 966 1769 1009 die
1791 967 1936 1022 plech-

303 1043 391 1097 tige
416 1039 675 1094 herroeping
700 1039 839 1094 plaats
863 1037 998 1079 onder
1020 1037 1094 1080 het
1118 1037 1233 1092 gelui
1257 1037 1333 1079 der
1365 1037 1576 1088 klokken,
1605 1037 1648 1079 in
1682 1038 1710 1079 ’t
1734 1036 1837 1079 hart
1860 1036 1937 1079 der

304 1111 399 1152 stad
432 1123 484 1165 op
508 1109 584 1150 het
607 1107 721 1162 plein
755 1107 968 1162 geheeten
997 1106 1063 1162 Op
1096 1107 1173 1148 dac
1204 1106 1315 1149 Sani
1345 1120 1398 1148 en
1423 1111 1464 1149 te
1489 1106 1657 1148 midden
1694 1119 1774 1148 van
1800 1119 1937 1149 eenen

303 1184 485 1235 grooten
523 1177 691 1232 toeloop
718 1190 800 1218 van
834 1175 952 1226 volk,
979 1175 1264 1232 geestelijken
1300 1189 1351 1217 en
1382 1175 1552 1219 leeken.
1589 1175 1649 1217 De
1682 1174 1939 1230 inquisiteur

303 1247 419 1290 hield
441 1260 548 1289 eene
583 1245 812 1301 prediking
845 1258 948 1286 over
980 1244 1055 1287 het
1079 1243 1227 1300 geloof
1250 1244 1499 1300 gedurende
1521 1249 1638 1289 twee
1672 1247 1786 1289 volle
1808 1260 1934 1299 uren,

303 1330 483 1359 waarna
501 1317 551 1358 de
572 1319 684 1358 twee
707 1315 876 1357 ketters
896 1316 1043 1356 bunne
1063 1314 1312 1370 dwalingen
1332 1313 1594 1358 afzwoeren.
1609 1316 1672 1372 Op
1696 1314 1844 1360 straffe
1862 1315 1937 1359 des

303 1385 434 1427 doods
452 1384 572 1427 werd
593 1397 673 1426 aan
686 1383 774 1425 Edo
793 1382 971 1425 bevolen
992 1383 1248 1438 levenslang
1267 1384 1357 1425 niet
1375 1382 1525 1426 buiten
1545 1385 1750 1427 Haarlem
1768 1387 1812 1427 te
1823 1398 1936 1440 gaan

304 1469 356 1496 en
376 1468 512 1510 geene
533 1453 798 1498 leerstelsels
821 1467 939 1496 meer
961 1456 1005 1495 te
1029 1452 1342 1508 verkondigen.
1370 1453 1420 1494 In
1443 1453 1471 1495 't
1501 1455 1682 1510 vervolg
1705 1463 1842 1498 moest
1875 1454 1934 1511 hij

304 1537 384 1566 een
406 1524 514 1581 grijs
537 1523 662 1566 kleed
685 1523 849 1579 dragen
873 1527 960 1565 met
984 1536 1062 1564 een
1087 1521 1431 1577 donkerkleurig
1464 1523 1712 1576 overkleed‚
1740 1539 1934 1581 waarop,

303 1591 411 1634 voor
442 1607 495 1635 en
519 1592 683 1643 achter,
712 1606 790 1634 een
815 1595 940 1648 groot
963 1592 1058 1646 geel
1085 1591 1207 1634 kruis
1230 1605 1306 1633 zou
1343 1591 1526 1646 genaaid
1550 1593 1653 1649 zijn.
1680 1593 1938 1636 Gedurende

303 1677 381 1705 een
400 1665 500 1721 jaar
523 1666 660 1705 moest
678 1663 735 1719 hij
757 1662 885 1704 elken
903 1663 1072 1717 zondag
1090 1665 1176 1704 met
1194 1674 1300 1704 eene
1318 1659 1570 1704 brandende
1589 1661 1813 1706 waskaars
1831 1659 1938 1704 voor

302 1732 353 1775 de
378 1733 591 1788 processie
609 1733 786 1789 uitgaan
811 1746 862 1774 θη
887 1730 1116 1774 daarnicde
1139 1729 1310 1773 telkens
1335 1728 1440 1772 voor
1463 1731 1545 1773 den
1569 1730 1835 1786 predikstoel
1860 1729 1938 1772 der

301 1802 616 1858 parochiekerk
649 1803 897 1858 gedurende
935 1803 1010 1845 het
1054 1815 1253 1844 sermoen
1297 1805 1436 1844 staan.
1475 1803 1571 1844 Aan
1607 1802 1815 1846 Nikolaas
1851 1813 1937 1843 van

301 1872 504 1916 Naarden
528 1872 649 1914 werd
671 1871 919 1927 gedurende
940 1885 1075 1913 eenen
1099 1870 1323 1927 gestelden
1346 1871 1425 1928 tijd
1449 1870 1667 1913 verboden
1700 1870 1751 1913 de
1785 1869 1866 1911 mis
1893 1871 1936 1911 te

301 1940 425 1983 lezen
459 1956 511 1984 en
546 1943 645 1985 hem
678 1943 855 1986 werden
879 1943 1032 1986 enkele
1065 1941 1376 1985 boetewerken
1410 1955 1463 1984 en
1489 1939 1681 1997 gebeden
1704 1938 1931 1995 opgelegd.

300 2012 525 2056 Hetzelfile
542 2015 642 2071 jaar
659 2029 745 2071 nog
768 2014 897 2058 stierf
913 2014 1017 2065 Ed0‚
1042 2028 1162 2056 maar
1183 2013 1234 2056 de
1252 2013 1439 2069 priester
1456 2012 1663 2055 Nikolaas
1688 2009 1935 2053 overleefde

300 2080 399 2123 hein
423 2082 541 2138 lang.

342 2175 446 2208 Anno
464 2175 607 2209 Domini
634 2175 824 2210 millesimo
849 2175 1203 2220 quadringentesimo
1227 2173 1527 2218 quinquagesimo
1551 2175 1691 2214 octauo,
1713 2183 1797 2207 cum
1814 2172 1933 2207 adhuc

299 2227 337 2261 in
353 2228 518 2263 Haerlein
537 2230 683 2265 ciuitate
702 2231 892 2265 Hollandie
909 2231 1105 2265 residerent
1129 2230 1295 2264 officiarii
1321 2229 1524 2264 consistorii
1543 2227 1785 2263 Traiectensis
1806 2228 1932 2272 dyoce-

299 2284 357 2323 sis,
377 2285 584 2328 captiuatur
599 2286 731 2320 ibidem
755 2287 800 2320 ab
817 2286 949 2321 eisdem
967 2286 1113 2330 quidam
1138 2285 1380 2326 heresiarcha,
1401 2285 1476 2319 Edo
1494 2284 1649 2318 nomine.
1671 2282 1740 2317 Hic
1755 2285 1839 2317 ante
1856 2283 1933 2317 Edo

299 2338 367 2373 fuit
380 2340 492 2374 lector
508 2341 705 2375 multorum
723 2341 1005 2375 Teutonicorum
1024 2340 1212 2381 librorum,
1232 2340 1317 2383 quia
1334 2339 1403 2374 fuit
1425 2342 1521 2374 totus
1537 2339 1653 2373 laicus
1669 2338 1844 2382 ignorans
1856 2337 1935 2372 lati-

299 2403 380 2426 nam
399 2394 573 2437 linguam.
595 2395 757 2430 Habebat
779 2395 874 2430 enim
900 2395 994 2439 apud
1019 2406 1055 2429 se
1078 2395 1210 2428 multos
1233 2394 1345 2428 libros
1368 2405 1468 2428 sacre
1491 2393 1669 2437 scripture
1691 2404 1735 2427 ex
1759 2392 1872 2427 latino
1894 2392 1933 2426 in

299 2446 541 2481 Teutoninum
558 2448 760 2488 translatos,
776 2459 864 2490 quos
887 2447 1044 2482 studiose
1062 2447 1214 2491 legendo
1231 2446 1482 2490 perlustrauit3
1501 2446 1597 2480 unde
1613 2449 1647 2481 et
1665 2457 1806 2482 sacram
1823 2446 1933 2491 scrip-

294 2504 413 2534 turam
432 2513 502 2535 non
518 2513 602 2536 sane
619 2502 824 2546 intelligens
840 2503 885 2536 ad
901 2506 1038 2536 tantam
1056 2501 1278 2536 demenciam
1296 2501 1462 2544 peruenit
1479 2509 1519 2535 ut
1535 2502 1776 2544 peruertendo
1790 2513 1933 2536 sensum
1998 2547 2001 2551 Ι

295 2566 394 2590 sacre
412 2557 588 2600 scripture
604 2557 784 2592 hereticus
800 2557 1013 2591 efficeretur.
1032 2556 1099 2590 Hic
1115 2557 1224 2591 etiam
1237 2557 1392 2590 habebat
1410 2556 1543 2590 multos
1562 2557 1723 2591 occultos
1739 2556 1934 2600 discipulos

297 2624 384 2655 quos
400 2613 527 2647 deuote
543 2614 739 2648 secundum
756 2625 856 2647 suam
876 2613 1081 2656 opinionem
1106 2612 1326 2652 instituebat,
1345 2611 1501 2655 fecitque
1524 2623 1583 2646 eos
1607 2611 1675 2646 sibi
1693 2612 1853 2647 deuotos.
1870 2611 1933 2646 Hii

296 2667 392 2700 enim
409 2678 490 2701 eum
509 2668 544 2701 in
561 2667 772 2702 reuerencia
787 2668 967 2702 habebant
980 2672 1015 2703 et
1027 2667 1181 2702 libenter
1193 2678 1275 2701 eum
1288 2666 1482 2701 audiebant
1498 2669 1534 2701 et
1549 2666 1618 2701 hoc
1634 2670 1784 2711 propter
1799 2679 1931 2703 sermo-

298 2732 359 2754 nes
372 2722 447 2755 eius
465 2722 574 2756 bonos
587 2730 621 2757 et
637 2722 948 2757 conuersationem
962 2723 1093 2756 bonam
1110 2733 1217 2764 quam
1230 2721 1473 2764 pretendebat.
1491 2720 1655 2755 Habebat
1671 2720 1788 2765 igitur
1799 2732 1932 2756 sermo·

297 2788 359 2809 nes
375 2777 532 2817 deuotos,
549 2777 633 2820 quia
649 2778 864 2820 loquebatur
880 2777 1011 2811 cotidie
1026 2777 1154 2811 deuote
1171 2777 1215 2811 de
1232 2777 1305 2810 Deo
1322 2778 1357 2810 et
1373 2775 1450 2810 eius
1467 2775 1729 2817 misericordia,
1745 2776 1931 2820 paciencia

297 2838 331 2865 et
348 2842 469 2865 amore
485 2843 572 2876 erga
588 2832 761 2873 homines,
780 2833 823 2867 de
839 2833 1044 2866 humilitate
1060 2832 1228 2866 sectanda
1246 2834 1281 2866 et
1297 2831 1340 2865 de
1356 2830 1548 2865 dilectione
1566 2830 1631 2865 Dei
1649 2834 1684 2866 et
1700 2830 1868 2875 proximi.

346 2886 374 2919 L‘
380 2886 447 2920 nde
472 2892 505 2921 et
533 2898 575 2920 ex
602 2887 670 2921 hoc
694 2886 825 2920 coniici
853 2889 967 2929 potest
989 2886 1084 2929 quod
1108 2885 1258 2919 heretici
1282 2895 1365 2919 vere
1395 2884 1643 2919 assimilantur
1673 2884 1779 2928 lupis.
1808 2884 1929 2928 Lupus

302 2941 457 2988 quidem,
478 2945 515 2977 ut
539 2942 674 2977 dicitur
696 2942 735 2976 in
759 2941 852 2976 libro
868 2942 911 2977 de
927 2940 1157 2982 animalibus,
1182 2939 1377 2983 aliquando
1401 2939 1507 2984 fingit
1529 2951 1652 2974 vocem
1669 2939 1770 2974 canis
1791 2941 1831 2974 ut
1857 2949 1930 2974 non
