2097 3466
799 253 930 287 ANNO
960 255 1055 287 1:311
1686 255 1745 286 1137

115 345 152 380 id
169 345 436 390 negligentibus
451 358 570 390 agere,
590 346 760 390 premissa
776 346 895 380 omnia
912 346 1074 380 nunciari
1095 357 1156 389 per
1170 345 1347 388 predictos
1365 345 1525 378 locorum
1540 345 1743 379 ordinarios

114 401 290 441 volumus,
309 400 438 445 quibus
455 405 494 435 ut
517 413 559 435 ca
584 401 619 435 in
648 401 840 445 apostolico
868 401 959 435 sedis
985 401 1152 435 noticiam
1184 400 1364 443 perforant
1393 399 1427 433 in
1457 400 1589 434 virtute
1620 403 1743 434 sancto

113 455 314 490 obedientie
329 455 490 491 districto
507 456 723 500 precipimus
739 463 773 491 ct
788 457 1017 498 mandamus-3
1035 468 1140 500 porro
1155 455 1427 498 inquisitorilms
1443 455 1526 499 ipsis
1539 455 1740 490 districtius

113 510 318 545 inhibemus
341 514 381 546 ut
397 522 461 545 nec
478 512 675 546 abutantur
698 512 963 555 quomodolibet
989 511 1217 545 concessione
1236 510 1448 554 portationis
1472 522 1656 545 armorum
1678 523 1744 545 nec

114 565 284 600 officiales
301 565 368 600 nisi
386 565 452 600 sibi
471 566 687 601 necessarios
703 567 859 601 habeant.
876 567 1035 610 talesque
1052 566 1112 611 qui
1130 578 1166 601 se
1183 567 1369 601 conserant
1387 567 1429 600 ad
1448 578 1512 600 sua
1529 579 1609 600 cum
1629 566 1747 610 inqui-

113 620 284 656 sitoribus
300 621 385 666 ipsis
399 621 517 657 officia
533 621 751 665 exequenda.

464 698 745 733 Constitutiomts
777 697 1038 739 clementinae,
1070 698 1148 733 Lib.
1186 698 1228 739 V,
1258 697 1370 733 Titul.
1402 698 1465 739 III,
1497 697 1643 743 uitgavc
1674 711 1743 734 van

506 753 624 798 Parijs
640 755 762 795 (1506),
779 754 838 788 sol.
858 756 899 788 55
912 766 956 788 cn
970 754 1064 798 volg.

873 912 979 958 171.

176 1039 315 1090 1311,
357 1039 626 1092 November,
673 1041 851 1083 Vz'cmze.
893 1040 1094 1083 Statuten
1127 1053 1211 1082 van
1245 1040 1444 1083 Clemens
1480 1040 1534 1091 V,
1574 1043 1662 1084 met
1694 1041 1747 1083 de

113 1109 412 1167 goedkeuring
434 1123 518 1152 van
541 1109 617 1152 het
639 1109 875 1165 Algemeen
901 1109 1088 1153 Concilie
1113 1108 1456 1165 uitgevaardigd,
1484 1110 1664 1169 waarbij
1691 1110 1743 1154 de

113 1179 432 1237 Begijnenorde
455 1179 698 1236 afgeschaft
721 1180 880 1223 werdt.
915 1205 954 1210 -—
988 1180 1061 1222 Uit
1083 1178 1413 1223 vertrouwbare
1436 1178 1545 1223 bron
1570 1182 1670 1237 zegt
1691 1180 1744 1223 de

112 1263 220 1306 paus
241 1263 479 1293 vernomen
503 1252 547 1292 te
570 1249 755 1300 hebben,
785 1250 860 1293 dat
882 1249 933 1292 de
956 1248 1226 1305 zoogezegde
1260 1249 1486 1305 Begijnen,
1509 1249 1619 1291 wier
1641 1248 1744 1292 orde

113 1319 218 1364 door
247 1319 299 1363 de
322 1319 444 1363 Kerk
477 1333 563 1376 nog
586 1320 675 1363 niet
708 1320 744 1362 is
778 1319 958 1370 erkend,
992 1333 1097 1362 over
1131 1318 1183 1361 de
1215 1319 1270 1360 H.
1306 1318 1658 1375 Drievuldigheid
1690 1333 1745 1362 en

113 1387 274 1431 andere
320 1391 486 1445 punten
539 1402 624 1432 van
677 1389 752 1432 het
804 1387 952 1445 geloof
997 1388 1194 1437 twisten,
1251 1385 1375 1429 dolen
1432 1400 1486 1428 en
1541 1386 1744 1443 dolingen

112 1455 384 1501 verbreiden.
412 1459 596 1501 Daarom
613 1458 758 1501 wordt
776 1458 924 1500 hunne
943 1456 1047 1500 orde
1068 1455 1326 1512 opgeheven
1351 1468 1403 1511 op
1427 1455 1542 1498 straf
1558 1469 1644 1500 van
1662 1457 1745 1500 den

113 1526 387 1585 kerkelijken
432 1527 536 1572 ban.
592 1529 651 1572 De
695 1528 946 1579 monniken,
1001 1527 1068 1569 die
1109 1526 1160 1569 de
1209 1524 1420 1582 Begijnen
1462 1525 1526 1568 tot
1575 1525 1745 1569 hiertoe

114 1595 407 1640 ondersteund
440 1597 625 1649 hebben,
663 1611 818 1653 mogen
842 1597 966 1640 zulks
991 1610 1043 1652 op
1079 1593 1270 1638 dezelfde
1295 1592 1409 1637 straf
1435 1593 1480 1635 in
1501 1593 1531 1636 ’t
1563 1595 1744 1650 vervolg

113 1665 203 1710 niet
236 1680 354 1709 meer
386 1667 512 1710 doen.
552 1668 648 1726 Zijn
672 1681 719 1710 er
752 1667 902 1711 echter
937 1664 1254 1721 godvruchtige
1286 1676 1515 1714 vrouwen‚
1552 1663 1620 1706 die
1652 1664 1745 1707 God

114 1737 357 1793 ootmoedig
387 1738 534 1780 willen
571 1738 727 1781 dienen
761 1737 921 1780 zonder
952 1739 1085 1792 tegen
1107 1735 1137 1778 't
1170 1732 1318 1791 geloof
1345 1747 1398 1790 op
1430 1734 1474 1776 te
1508 1736 1651 1786 staan,
1689 1733 1741 1793 zij

113 1806 292 1851 kunnen
314 1808 358 1851 in
380 1809 528 1851 hunne
550 1807 798 1864 gestichten
822 1807 963 1863 rustig
985 1805 1258 1848 voortleven.

573 1931 736 1967 Clemens
769 1933 802 1966 V
821 1934 861 1965 in
884 1931 1039 1966 concilio
1074 1930 1283 1964 Viennensi.

157 2010 248 2046 Cum
274 2009 318 2045 de
345 2009 559 2054 quibusdam
585 2010 798 2046 mulieribus
826 2009 1058 2055 Beguinabus
1085 2008 1288 2053 vulgariter
1312 2006 1528 2051 nuncupatis
1544 2009 1638 2051 (que,
1661 2020 1744 2043 cum

113 2066 205 2102 nulli
222 2065 434 2110 promittant
449 2066 689 2102 obedientiam
707 2079 772 2102 nec
789 2066 944 2111 propriis
961 2065 1176 2101 renuncient
1198 2076 1313 2108 neque
1330 2064 1568 2108 profiteantur
1584 2063 1744 2109 aliquam

112 2121 278 2167 regulam
305 2122 552 2166 approbatam,
578 2121 748 2166 religiose
773 2133 1000 2165 nequaquam
1028 2120 1198 2161 existunt,
1228 2130 1448 2163 quamquam
1475 2118 1653 2161 habitum,
1685 2119 1747 2163 qui

114 2176 362 2221 Beguinarum
375 2176 520 2219 dicitur,
535 2178 698 2213 deferant
715 2180 749 2213 et
759 2177 957 2212 adhereant
972 2175 1151 2220 religiosis
1167 2174 1362 2219 aliquibus,
1381 2174 1427 2208 ad
1444 2185 1531 2218 quos
1541 2173 1746 2218 specialiter

112 2233 272 2268 trahitur
286 2232 428 2268 affectio
444 2234 652 2275 earundem)
669 2233 772 2268 nobis
789 2233 858 2268 fide
874 2233 986 2277 digna
1009 2231 1185 2267 relatione
1211 2230 1433 2265 insinuatum
1449 2228 1621 2270 extiterit,
1650 2230 1746 2273 quod

113 2299 238 2324 earum
255 2287 376 2332 alique
391 2288 493 2332 quasi
509 2289 680 2333 perducte
696 2288 734 2322 in
750 2287 880 2323 mentis
898 2286 1075 2322 insaniam
1103 2286 1148 2321 de
1171 2296 1311 2320 summa
1339 2284 1368 2319 T
1372 2285 1520 2319 rinitate
1544 2295 1586 2318 ac
1613 2283 1745 2319 Divina

114 2342 266 2378 essentia
281 2342 463 2387 disputent
479 2346 514 2378 et
529 2343 715 2387 predicent
731 2354 773 2377 ac
789 2342 888 2377 circa
904 2342 988 2377 fidei
1013 2341 1185 2376 articulos
1201 2343 1238 2375 et
1261 2339 1505 2375 ecclesiastica
1521 2343 1746 2375 sacramenta

114 2397 300 2442 opiniones
314 2398 490 2433 catholice
508 2398 591 2433 fidei
608 2397 808 2433 contrarias
835 2398 1069 2433 introducant
1092 2400 1128 2432 et
1155 2396 1286 2431 multos
1313 2406 1421 2439 super
1447 2394 1504 2429 his
1526 2394 1745 2439 decipientes

113 2453 294 2498 simplices
316 2465 377 2489 eos
392 2453 431 2488 in
447 2465 587 2489 errores
602 2453 761 2488 diversos
778 2453 952 2488 inducant
974 2453 1118 2496 aliaque
1135 2463 1244 2496 quam
1260 2452 1366 2495 plura
1389 2450 1592 2494 periculum
1609 2449 1744 2485 anima-

113 2519 195 2543 rum
208 2507 387 2552 parientia
403 2509 468 2543 sub
485 2509 640 2552 quodam
653 2508 830 2543 velamine
845 2508 1046 2543 sanctitatis
1063 2507 1198 2542 faciant
1213 2509 1249 2542 et
1261 2505 1507 2548 committant3
1522 2516 1597 2546 n05,
1616 2508 1690 2540 tam
1703 2516 1747 2540 ex

113 2563 170 2598 his
194 2575 301 2608 quam
325 2575 368 2599 ex
384 2563 466 2598 aliis
489 2564 532 2599 de
557 2564 716 2608 ipsarum
744 2563 913 2607 opinione
941 2563 1084 2598 sinistre
1112 2563 1324 2606 frequentur
1351 2560 1496 2601 auditis,
1526 2572 1587 2595 eas
1616 2561 1746 2596 merito

113 2622 294 2663 suspectas
302 2619 473 2655 habentes
485 2623 617 2655 statum
630 2619 850 2660 carumdem,
863 2630 964 2653 sacro
977 2619 1199 2662 approbante
1211 2616 1377 2657 concilio,
1391 2618 1563 2659 perpetuo
1576 2615 1745 2650 duximus

114 2675 377 2718 prohibendum
405 2678 441 2710 et
463 2688 485 2709 a
510 2674 574 2710 Dei
603 2674 753 2709 ccclesia
781 2675 922 2718 penitus
953 2675 1181 2715 abolendum,
1200 2673 1332 2708 eisdem
1364 2674 1399 2705 ct
1425 2670 1505 2704 aliis
1532 2671 1746 2706 mulieribus

114 2732 400 2776 quibuscumque
416 2732 481 2766 sub
499 2743 590 2775 pena
605 2731 999 2769 excommunicationis,
1019 2742 1125 2774 quam
1140 2730 1177 2764 in
1195 2728 1417 2764 contrarium
1436 2727 1606 2763 facientes
1623 2727 1743 2762 incur—

114 2799 194 2823 rere
210 2788 375 2822 volumus
391 2787 468 2831 ipso
484 2788 590 2827 facto,
610 2787 840 2831 injungentes
856 2798 1019 2830 expresse
1038 2798 1080 2821 ne
1102 2788 1234 2820 statum
1258 2785 1464 2829 hujusmodi
1492 2784 1629 2819 dudum
1655 2785 1746 2818 sorte

113 2843 159 2878 ab
177 2842 261 2887 ipsis
274 2845 495 2887 assumptum
513 2854 655 2886 quoquo
672 2842 777 2877 modo
794 2844 975 2877 sectentur
987 2840 1139 2876 ulterius
1152 2841 1207 2875 vel
1222 2840 1339 2884 ipsum
1356 2839 1584 2884 aliquatenus
1599 2839 1642 2874 de
1654 2850 1745 2873 novo

114 2901 309 2934 assumant.

158 2953 336 2990 Predictis
352 2964 437 2989 vero
461 2952 652 2999 religiosis,
683 2963 746 2998 per
773 2964 860 2997 quos
887 2952 1010 2988 ecdem
1034 2951 1202 2987 mulieres
1234 2951 1272 2987 in
1295 2950 1502 2995 huiusmodi
1526 2949 1746 2995 Beguinagii
