2097 3466
333 249 394 284 25?
1007 249 1138 286 ANNO
1165 251 1263 286 1395

330 346 444 386 staat
480 356 534 385 en
561 342 614 385 de
645 343 922 401 levenswijze
954 344 1030 388 der
1060 357 1147 388 van
1178 346 1352 404 ketterij
1386 346 1621 394 verdachte
1654 350 1946 408 zustergezel-

332 413 550 467 sehappen
583 411 659 454 der
689 412 959 456 Gerardinen
991 417 1035 457 te
1057 415 1240 459 Utrecht
1261 429 1316 458 en
1347 416 1618 474 omliggende
1639 419 1853 475 plaatsen,
1884 420 1952 464 die

331 479 538 522 bestuurd
579 481 755 524 werden
797 482 902 524 door
937 482 1191 526 Wermbold
1234 497 1319 527 van
1351 486 1534 542 Buscop,
1573 489 1718 530 rector
1755 501 1837 531 van
1874 488 1951 532 het

331 548 383 591 S¹‘
396 549 751 593 Caeciliaconvent
767 554 810 594 te
828 552 1026 595 Utrecht.
1047 578 1103 584 —
1120 554 1179 596 De
1197 555 1452 609 inquisiteur
1469 554 1636 598 bevond
1656 569 1704 598 ze
1723 555 1951 612 geenszins

330 617 600 673 onschuldig,
628 617 813 676 bliJkens
835 621 946 677 zijne
981 621 1097 664 Acta
1122 623 1426 677 inquisitionis
1449 623 1494 666 in
1521 623 1951 680 tegenwoordigheid

333 700 415 729 van
449 700 584 729 eenen
608 688 773 730 notaris
806 702 857 730 en
892 703 974 732 van
1007 691 1210 746 getuigen
1242 692 1518 747 opgemaakt,
1544 692 1611 735 die
1643 692 1772 744 later,
1809 705 1952 736 waar-

333 756 551 814 sehijnlijk
569 757 669 800 kort
686 772 742 800 na
765 757 889 808 1398,
912 758 1089 801 werden
1107 758 1310 814 gebruikt
1324 759 1428 802 door
1447 773 1584 803 eenen
1602 761 1795 804 anderen
1813 762 1951 817 inqui-

330 823 478 873 siteur‚
505 822 573 866 die
599 824 847 880 Inquisitor
869 827 1075 882 Belyicus
1107 827 1250 870 wordt
1281 827 1495 883 geheeten
1518 840 1571 870 en
1594 827 1793 882 opkwam
1818 831 1950 884 tegen

330 905 434 933 eene
457 892 751 949 goedkeuring
774 894 851 936 der
871 895 1245 938 Gerardinenorde
1268 896 1310 938 in
1353 896 1467 939 1398
1496 895 1824 952 uitgevaardigd
1846 895 1951 940 door

327 961 515 1003 Herman
535 961 883 1018 Stakfflwegghe,
907 967 1053 1017 proost
1071 977 1154 1007 van
1174 964 1212 1007 S¹
1229 965 1343 1008 Joris
1378 968 1421 1008 te
1451 966 1636 1016 Keulen,
1657 966 1738 1009 Jan
1758 965 1810 1008 de
1828 966 1949 1010 Novo

330 1029 500 1084 Lapide,
542 1029 769 1073 kanunnik
806 1045 890 1073 van
927 1031 1069 1083 Aken,
1112 1034 1194 1076 Jan
1232 1033 1394 1089 gezegd
1437 1035 1544 1086 Bau,
1585 1033 1828 1076 scholaster
1864 1047 1949 1077 van

333 1097 571 1145 Mechelen,
600 1097 749 1140 doctor
770 1099 812 1140 in
835 1099 886 1141 de
907 1100 1102 1150 rechten,
1130 1102 1235 1143 11661·
1255 1101 1434 1152 Α11101(1,
1456 1101 1532 1144 abt
1553 1115 1636 1144 van
1659 1100 1944 1156 Dikeninghe‚

327 1165 524 1207 Gerhard
543 1179 625 1208 van
649 1166 920 1222 Gruningen,
947 1169 1029 1211 Jan
1057 1183 1139 1212 van
1164 1168 1427 1221 Vortborch,
1457 1169 1630 1212 doctors
1663 1168 1706 1210 in
1729 1167 1782 1210 de
1803 1167 1950 1211 decre-

328 1240 417 1284 1611,
462 1235 713 1289 Radulphus
747 1235 798 1277 de
831 1237 937 1286 Inio,
980 1237 1119 1279 deken
1163 1246 1261 1279 van·
1289 1238 1531 1293 Tongeren‚
1570 1236 1789 1279 licentiaat
1821 1237 1866 1279 in
1898 1236 1949 1279 de

328 1304 521 1353 rechten,
549 1318 602 1345 en
627 1304 816 1346 Tileman
840 1305 1002 1347 Eckart
1035 1319 1117 1348 van
1140 1305 1403 1356 Attendorn,
1430 1305 1655 1348 licentiaat
1676 1305 1720 1346 in
1753 1304 1804 1347 de
1826 1305 1950 1348 rech-

330 1375 420 1422 ten,
461 1372 576 1414 allen
610 1372 845 1416 advocaten
877 1376 920 1415 te
963 1374 1148 1425 Keulen,
1186 1374 1372 1417 alsmede
1406 1374 1488 1416 den
1526 1374 1632 1416 11661·
1674 1386 1727 1415 611
1764 1375 1951 1416 111663161·

324 1440 599 1482 Everhardus
617 1441 773 1492 Foeck,
815 1441 956 1484 deken
979 1456 1064 1485 van
1086 1442 1124 1485 S²
1145 1442 1344 1485 Salvator
1366 1445 1409 1485 te
1437 1442 1635 1492 Utreeht,
1662 1442 1883 1486 licentiaat
1904 1441 1949 1484 in

326 1509 378 1551 de
399 1509 519 1551 beide
542 1509 736 1552 rechten.
764 1534 815 1541 —
843 1511 1011 1553 Ziehier
1046 1511 1098 1553 de
1130 1511 1296 1554 aanhef
1313 1524 1365 1553 en
1389 1511 1464 1554 het
1487 1511 1570 1554 slot
1594 1524 1679 1553 van
1701 1511 1777 1553 het
1798 1514 1949 1567 tegen-

329 1577 484 1620 schrist
505 1578 578 1620 des
601 1578 878 1633 inquisiteurs
907 1593 914 1621 :

377 1702 649 1736 Observationes
672 1703 904 1746 inquisitoris
924 1702 1069 1747 Belqici
1085 1705 1125 1736 in
1147 1704 1412 1747 mayistrorum
1431 1702 1703 1738 Coloniensium
1718 1712 1947 1746 responsum.

373 1757 578 1792 Notandum
606 1768 670 1800 pro
694 1758 892 1792 detectione
909 1758 1162 1802 figmentorum
1186 1761 1302 1793 sectae
1320 1758 1637 1798 Gherardinarum,
1657 1769 1748 1801 quae
1771 1768 1836 1801 per
1857 1757 1951 1792 dioe-

329 1811 425 1846 cesin
444 1812 472 1845 T
475 1811 708 1846 raieetensem
732 1811 770 1846 in
794 1812 947 1856 singulis
963 1812 1168 1847 civitatibus
1185 1812 1343 1856 quotidie
1366 1811 1564 1853 invalescit,
1583 1811 1802 1855 praescripta
1817 1811 1948 1856 magis-

327 1870 464 1901 trorum
494 1866 759 1900 Coloniensium
791 1867 1087 1901 determinatione
1117 1867 1252 1901 muniri
1283 1879 1320 1902 se
1349 1867 1499 1901 afferens
1530 1869 1565 1901 et
1595 1866 1650 1900 sui
1682 1865 1878 1902 tentionem
1908 1869 1949 1902 ut

327 1921 463 1955 licitam
487 1920 672 1954 roborari:
704 1921 799 1963 quod
823 1921 951 1955 falsum
975 1932 1060 1962 6336,
1090 1921 1162 1955 11110
1189 1921 1322 1956 dictam
1350 1920 1684 1956 determinationem
1700 1921 1746 1955 ad
1762 1920 1948 1957 munimen

328 1975 486 2009 eiusdem
514 1974 708 2017 improprie
734 1978 769 2009 et
797 1978 922 2009 eontra
949 1975 1184 2010 intentionem
1212 1975 1370 2019 ipsorum
1398 1974 1714 2010 determinantium
1742 1974 1949 2019 detorqueri

328 2032 425 2072 patet
447 2028 631 2063 evidenter
653 2029 762 2063 verba
790 2029 956 2064 thematis
983 2029 1094 2073 ipsius
1118 2029 1322 2073 praedictae
1345 2029 1654 2065 determinationis
1676 2029 1890 2073 ponderanti
1913 2033 1949 2066 et

328 2083 524 2117 conserenti
541 2083 586 2117 ad
603 2094 655 2124 ea,
675 2094 765 2126 quae
782 2087 981 2127 sequuntur
996 2086 1155 2118 extracta
1177 2084 1221 2118 de
1241 2083 1341 2119 Actis
1363 2082 1605 2127 inquisitionis
1621 2094 1685 2127 per
1699 2083 1948 2119 honorabilem

327 2149 449 2172 sacrae
477 2137 679 2181 theologiae
706 2138 918 2182 magistrum
946 2139 1094 2172 fratrem
1123 2138 1320 2182 Eylardum
1348 2138 1602 2179 Schoeneveld,
1631 2137 1767 2173 ordinis
1793 2138 1947 2173 fratrum

328 2192 627 2236 praedicatorum,
646 2192 894 2235 inquisitorem
913 2192 1089 2227 Saxoniae
1103 2205 1196 2228 anno
1217 2196 1282 2228 13..
1300 2194 1337 2227 in
1355 2193 1521 2228 Traiecto
1537 2195 1572 2227 et
1587 2192 1674 2227 loeis
1690 2192 1946 2228 circumiacen-

326 2247 421 2281 tibus
446 2247 605 2291 legitime
629 2248 755 2282 factae.
786 2247 947 2282 Habetur
970 2247 1066 2282 enim
1092 2259 1135 2282 ex
1153 2247 1252 2283 Actis
1274 2247 1481 2282 huiusmodi
1504 2247 1688 2282 evidenter
1703 2250 1738 2283 et
1761 2247 1948 2283 manifeste

329 2301 434 2344 quod,
454 2304 563 2335 etc...
590 2302 646 2342 (1).
678 2301 790 2335 Prout
821 2301 909 2335 11666
934 2301 1055 2335 01111116
1081 2301 1286 2344 supradicta
1313 2312 1433 2335 coram
1462 2300 1602 2335 notario
1629 2303 1665 2335 et
1689 2300 1839 2336 testibus
1864 2303 1948 2336 sunt

328 2355 533 2399 inquisitori
558 2354 739 2399 praedicto
756 2355 935 2390 mediante
958 2355 1159 2390 iuramento
1183 2355 1301 2390 delata
1317 2355 1362 2389 ab
1385 2354 1468 2396 illis,
1487 2365 1578 2398 quae
1598 2354 1654 2388 his
1669 2355 1833 2390 omnibus
1849 2366 1948 2400 prae-

329 2413 443 2445 sentes
467 2410 708 2445 interfuerunt
732 2412 766 2445 et
790 2409 953 2444 consciae
969 2409 1174 2445 extiterunt.
1195 2411 1239 2444 Et
1262 2409 1384 2444 omnia
1399 2412 1434 2444 et
1457 2410 1562 2453 plura
1577 2408 1649 2443 alia
1671 2408 1827 2444 inveniri
1849 2410 1945 2453 pote-

327 2468 412 2499 runt
441 2465 486 2499 ab
512 2464 648 2505 eismet,
677 2475 768 2508 quae
796 2463 835 2498 in
861 2463 1202 2508 congregationibus
1227 2463 1395 2505 existunt,
1421 2463 1451 2497 si
1477 2474 1584 2507 super
1606 2463 1662 2498 his
1685 2463 1803 2498 debite
1827 2462 1945 2507 inqui-

328 2524 466 2554 rantur'
672 2562 861 2603 Mosheim,
879 2562 945 2596 blz.
965 2564 1119 2596 443-450.
1138 2562 1222 2603 (Het
1244 2561 1327 2596 stuk
1350 2562 1414 2596 der
1436 2561 1614 2596 Keulsche
1638 2560 1726 2596 God-
1748 2572 1793 2596 en
1815 2561 1947 2596 1661113-

715 2618 905 2661 geleerden
936 2617 1007 2652 ook
1035 2617 1160 2652 aldaar
1187 2617 1226 2652 in
1256 2619 1326 2660 zijn
1356 2617 1493 2662 geheel,
1523 2617 1589 2651 blz.
1622 2618 1793 2659 433-442.)
1814 2634 1858 2642 —
1883 2614 1946 2650 Zie

715 2672 817 2714 Mon,
836 2671 1201 2717 Kerkyeschiedenis,
1219 2674 1246 2707 t.
1264 2672 1309 2714 II,
1328 2674 1365 2707 3e
1381 2673 1476 2715 stuk,
1494 2673 1559 2707 blz.
1578 2673 1690 2706 90-96.

373 2862 418 2903 (1)
443 2861 531 2896 Hier
545 2863 674 2906 volgen
690 2862 734 2897 de
753 2862 897 2905 talrijke
920 2863 1104 2897 bezwaren
1120 2874 1189 2897 van
1212 2862 1281 2897 den
1304 2860 1519 2905 inquisiteur
1535 2859 1756 2896 Schoneveld
1779 2862 1886 2906 tegen
1899 2858 1944 2895 de

331 2915 530 2960 inrichting
546 2917 609 2951 der
626 2916 1034 2952 Gerardinenkloosters.
