2097 3466
338 253 398 284 1ῒο
1007 252 1137 286 ΑΝΝΟ
1164 254 1262 286 1320

336 347 532 388 drukken
556 346 632 389 der
654 347 845 403 ketterij.
872 373 928 378 —
951 348 1008 389 De
1042 346 1239 402 hisschop
1271 347 1439 390 beveelt
1476 362 1558 391 33η
1598 349 1650 392 de
1692 350 1854 393 dekens
1895 364 1948 392 en

338 415 518 457 hoesden
552 415 690 471 zijner
712 415 1054 471 geestelijltlieitl,
1082 415 1154 458 dat
1187 416 1238 472 zij
1271 416 1322 458 de
1346 416 1514 459 nieuwe
1538 418 1774 474 pauselijke
1805 418 1950 461 decre-

335 484 450 525 talen
474 483 574 540 (van
598 483 794 526 Clemens
815 484 869 538 V)
892 485 932 526 in
957 483 1154 527 assellmst
1177 483 1364 527 bezitten
1389 499 1441 527 en
1470 486 1667 537 naleven,
1696 486 1952 530 waaronder

334 553 376 594 in
399 551 428 593 't
451 551 669 608 bij20nder
689 552 866 607 degene,
895 552 960 594 die
983 551 1152 608 gericht
1175 553 1210 595 is
1236 556 1366 608 tegen
1391 553 1441 596 de
1464 553 1638 612 ketterij
1663 555 1740 597 der
1762 556 1949 611 Beggar-

335 620 416 662 den
440 634 494 662 en
518 619 818 678 Begijnen(l).

379 744 571 778 Sciendum
611 746 705 788 quod
743 749 814 780 tam
853 745 977 779 decani
1015 745 1295 781 Christianitatis
1330 757 1437 790 quam
1472 746 1682 790 provisores,
1720 748 1952 784 eeclesiarum

336 804 491 833 rectores
507 799 701 834 decretales
718 799 799 834 libri
825 800 965 843 septimi
984 800 1123 834 noviter
1138 803 1331 841 emanatas,
1351 813 1437 844 quas
1461 801 1563 835 nobis
1579 801 1639 835 hic
1655 801 1854 837 astantibus
1870 815 1951 838 eum

337 866 377 888 ea
395 866 463 897 qua
480 855 579 889 decet
593 855 793 890 reverentia
810 855 1044 899 publicamus,
1060 855 1152 890 sicut
1175 855 1211 889 in
1229 857 1305 899 ejus
1321 858 1468 890 cavetur
1481 855 1659 899 principio
1671 859 1706 891 et
1722 856 1760 891 in
1772 857 1903 892 scholis
1917 861 1953 894 et.

338 908 535 951 injudieiis
558 910 836 951 observandunn
855 921 1006 952 quarum
1029 909 1262 944 decretalium
1282 937 1288 943 .
1312 937 1318 943 .
1340 938 1346 943 .
1366 910 1494 944 .tertia
1516 910 1639 945 eodem
1662 910 1755 945 libro
1766 908 1814 946 'de
1829 911 1951 947 haere-

335 963 416 997 ticis
433 967 555 997 eontra
575 963 772 998 haereticos
791 964 974 1007 Bagardos
991 966 1026 998 et
1043 964 1235 1008 Beghinas,
1255 963 1316 1007 qui
1333 963 1461 1008 incipit
1477 964 1535 998 Ad
1551 969 1729 1006 nostrum,
1744 976 1850 1009 penes
1866 977 1903 1001 se
1917 968 1954 1002 et,

337 1031 418 1053 suas
432 1019 598 1053 eeclesias
614 1020 769 1054 habeant.
785 1023 819 1054 et
835 1021 1033 1054 observent.

380 1075 521 1115 Actum,
535 1074 767 1118 publicatum,
782 1075 905 1109 datum
921 1086 1015 1108 anno
1033 1073 1177 1108 Domini
1193 1073 1455 1116 MCCCXVIII,
1475 1073 1565 1109 feria
1581 1077 1680 1110 sexta
1695 1077 1774 1119 post
1790 1075 1948 1111 Domini-

337 1143 415 1165 eam
434 1131 547 1166 Oculi.

680 1196 748 1219 van
766 1185 925 1219 Heussen
952 1196 996 1219 en
1013 1196 1081 1218 van
1110 1185 1207 1227 RiJn,
1234 1185 1397 1218 Batavia
1420 1195 1540 1225 sacra,
1559 1184 1637 1219 deel
1660 1185 1688 1226 I,
1714 1185 1779 1220 blz.
1808 1188 1882 1221 180.
1908 1204 1951 1210 -

726 1239 786 1274 Zie
802 1240 902 1280 Moll,
921 1239 1281 1283 Kerlzqesclziedenis,
1300 1239 1378 1274 deel
1400 1239 1445 1280 II,
1467 1243 1501 1274 1ο
1526 1239 1621 1280 stuk,
1640 1239 1706 1274 blz.
1725 1241 1800 1281 237,
1826 1243 1911 1275 noot,
1933 1243 1951 1274 l

725 1307 769 1329 en
785 1295 850 1329 blz.
870 1297 944 1336 357,
963 1295 1086 1329 alsook
1110 1297 1146 1329 3⁰
1170 1294 1265 1336 stuk,
1284 1295 1349 1329 blz.
1370 1297 1432 1330 109
1449 1305 1493 1329 en
1510 1297 1584 1329 110.
1603 1314 1646 1320 -
1661 1294 1722 1329 Zie
1742 1305 1806 1330 ons
1821 1301 1859 1330 nr
1876 1297 1949 1331 172.

1096 1442 1210 1487 175.

400 1571 537 1623 1320,
563 1570 807 1613 December
828 1570 906 1623 30,
932 1570 1159 1627 Aviynon.
1182 1570 1261 1612 Bul
1285 1581 1370 1612 van
1388 1570 1611 1613 Johannes
1628 1571 1761 1614 XXII
1781 1572 1849 1614 tot
1870 1571 1953 1616 den

338 1640 536 1695 bissehop
560 1652 646 1682 van
678 1639 867 1682 Doornik
907 1640 1078 1695 gerieht
1099 1652 1205 1682 over
1242 1639 1293 1681 de
1326 1638 1554 1696 Begijnen,
1581 1638 1648 1682 die
1669 1653 1755 1682 van
1776 1639 1950 1698 ketterij

338 1709 547 1752 verdaeht
567 1708 760 1752 werden.
786 1732 833 1739 -
863 1709 922 1750 De
944 1722 1049 1764 paus
1067 1710 1180 1763 zegt,
1202 1707 1275 1751 dat
1292 1707 1379 1765 zijn
1402 1720 1677 1763 voorganger
1692 1708 1890 1752 Clemens
1915 1710 1954 1753 V

338 1778 389 1821 de
428 1777 637 1834 Begijnen
677 1776 918 1833 afgeschaft
956 1777 1090 1828 heeft,
1112 1776 1256 1820 omdat
1292 1777 1344 1833 zij
1384 1777 1608 1832 algemeen
1649 1767 1735 1820 ven
1775 1777 1951 1836 ketterij

336 1846 616 1902 beschuldigd
647 1846 839 1896 werden,
861 1846 1011 1889 vooral
1054 1846 1096 1888 in
1141 1846 1192 1888 de
1234 1845 1439 1888 Duitsehe
1476 1844 1650 1888 landen.
1674 1846 1954 1903 Integendeel

334 1916 557 1958 verklaart
576 1914 797 1958 Johannes
820 1915 965 1966 XXII,
993 1914 1066 1958 dat
1092 1914 1151 1971 hij
1176 1928 1262 1957 van
1294 1914 1346 1956 de
1368 1913 1577 1970 Begijnen
1603 1913 1666 1958 uit
1688 1915 1766 1958 het
1790 1915 1954 1959 bisdom

336 1983 524 2027 Doornik
547 1983 659 2026 niets
682 1983 765 2025 dan
789 1983 896 2039 goed
918 1983 1037 2026 heeft
1060 1983 1223 2025 hooren
1242 1996 1422 2038 zeggen.
1443 1983 1626 2024 Daarom
1642 1984 1783 2038 gelast
1799 1984 1878 2042 hij,
1901 1997 1952 2040 op

336 2066 441 2095 eene
462 2065 685 2108 aanvraag
717 2052 793 2094 der
830 2052 1056 2109 Begijnen,
1085 2052 1166 2094 den
1189 2051 1388 2107 bisschop
1412 2053 1501 2093 met
1534 2051 1609 2094 het
1645 2051 1847 2095 instellen
1868 2065 1952 2096 van

336 2135 415 2163 een
454 2120 710 2163 onderzoek.
738 2121 933 2164 Worden
967 2121 1018 2163 de
1050 2121 1260 2177 Begijnen
1298 2119 1554 2175 onschuldig
1592 2118 1832 2172 bevonden,
1869 2121 1952 2164 dan

335 2193 449 2233 moet
471 2190 523 2233 de
546 2189 744 2245 bisschop
762 2203 809 2232 ze
833 2192 963 2245 tegen
984 2190 1026 2232 al
1044 2190 1192 2232 hunne
1215 2190 1467 2245 vervolgers
1490 2187 1751 2244 verdedigen
1775 2203 1828 2232 en
1845 2191 1954 2233 haar

337 2262 488 2302 tevens
512 2272 563 2315 op
588 2258 663 2301 het
685 2258 786 2302 hart
808 2258 1022 2311 drukken,
1059 2258 1131 2302 dat
1154 2259 1206 2316 zij
1233 2257 1328 2300 zieh
1358 2256 1506 2301 buiten
1528 2257 1613 2299 alle
1635 2257 1953 2315 godsdienstige

337 2328 515 2371 twisten
541 2330 711 2370 moeten
733 2326 919 2370 houden.

381 2441 400 2475 J
403 2441 560 2475 ohannes
576 2439 772 2483 episcopus,
784 2450 906 2474 servus
921 2450 1105 2474 servorum
1120 2438 1196 2479 Dei,
1209 2437 1406 2473 venerabili
1422 2437 1526 2473 fratri
1539 2437 1704 2482 episeopo
1719 2437 1950 2480 Tornaeensi,

336 2496 485 2530 salutem
503 2499 538 2530 et
553 2494 785 2538 apostolicam
800 2494 1097 2529 benedictionem.

379 2661 423 2699 (1)
449 2659 542 2692 Over
568 2659 649 2693 deze
677 2660 893 2703 zoogezegde
917 2659 1061 2698 ketters‚
1095 2657 1151 2691 die
1179 2658 1268 2692 door
1296 2657 1469 2702 sommige
1493 2669 1626 2702 pausen
1654 2655 1837 2700 vervolgd‚
1865 2655 1954 2690 door

333 2714 488 2747 anderen
507 2713 543 2746 in
562 2713 810 2757 besoherming
826 2724 1001 2757 genomen
1017 2713 1171 2753 werden,
1190 2712 1240 2747 zio
1262 2712 1322 2746 het
1339 2712 1542 2756 belangrijk
1559 2712 1658 2747 werk
1673 2722 1744 2745 van
1762 2709 1950 2750 Mosheim,

337 2769 389 2801 De
407 2767 615 2811 Beyhardis
639 2773 670 2801 et
694 2768 929 2812 Beyuinabus
946 2769 1230 2801 commentarius
1255 2766 1414 2811 (Leipzig
1438 2769 1545 2809 1790),
1564 2767 1626 2801 dat
1642 2780 1657 2793 α
1676 2777 1749 2810 nog
1771 2763 1953 2809 geenszins

335 2823 534 2857 verouderd
549 2839 564 2851 n
592 2824 631 2863 is,
659 2824 774 2857 zooals
791 2824 888 2858 Prof.
904 2822 966 2857 W.
986 2823 1074 2856 Moll
1089 2825 1122 2857 te
1138 2822 1239 2857 recht
1255 2822 1343 2856 deed
1359 2822 1554 2865 opmerken
1571 2820 1950 2865 (Kerkyeschiedenis,

337 2877 414 2911 deel
431 2877 475 2918 ΙΙ,
491 2880 526 2911 3⁰
544 2878 637 2918 stuk,
654 2877 718 2911 blz.
737 2880 791 2918 60,
811 2881 895 2912 noot
912 2878 956 2918 1.)
968 2896 1011 2900 —
1027 2875 1087 2910 Zie
1104 2875 1173 2910 ook
1189 2875 1242 2909 dit
1257 2876 1383 2911 laatste
1399 2875 1509 2916 werk,
1529 2874 1630 2916 ibid„
1649 2875 1715 2910 blz.
1735 2876 1776 2909 84
1792 2885 1837 2910 en
1852 2873 1949 2919 volg.

338 2943 382 2968 en
399 2933 482 2974 Lea,
501 2932 653 2977 History
667 2933 714 2977 of
723 2932 780 2967 the
795 2933 1030 2977 Inquisitimz,
1049 2933 1127 2968 deel
1143 2932 1187 2974 Η,
1207 2933 1273 2967 blz.
1292 2934 1355 2967 350
1371 2943 1416 2966 en
1431 2931 1527 2975 volg.
