2097 3466
827 227 959 262 ANNO
986 229 1087 262 1374
1712 229 1775 263 235

139 321 316 367 capitibus
340 319 571 365 applicabant
593 321 651 357 vel
675 331 696 357 e
717 319 885 356 manibus
912 321 1107 357 videndum
1135 322 1423 366 praesentabant,
1454 321 1636 367 aliquibus
1665 323 1775 360 etiam

137 387 232 422 aqua
247 375 436 411 benedicta
459 377 517 411 vel
540 376 740 412 exorcisata
763 377 919 413 bibenda
942 378 1203 422 propinabatur
1223 378 1280 412 vel
1308 377 1433 413 inuitis
1460 378 1514 413 ori
1543 379 1769 415 obsessorum

137 432 338 468 sacerdotes
358 431 592 476 imponebant
607 432 784 468 dicentes:
805 433 891 474 Exi,
912 433 1106 467 immunde
1121 435 1277 478 spiritus
1306 436 1342 468 ct
1369 444 1462 477 quae
1484 437 1707 478 sequuntur3
1735 435 1773 469 in

137 488 260 525 oribus
277 499 418 533 quoque
434 489 577 532 Effoeta
593 489 689 532 quod
705 492 757 524 est
773 488 962 533 adaperire
978 488 1267 533 pronunciabant
1284 490 1319 523 et
1336 488 1373 523 in
1390 488 1519 523 facicm
1535 490 1774 526 exsufflabant

136 543 308 579 virtutem
324 542 464 577 inimici
481 546 559 578 tum
576 543 768 579 irridentes
783 547 861 579 tum
878 547 1103 580 eneruantes.

179 597 223 633 In
238 597 390 634 ecclesia
406 597 448 632 D.
476 598 736 639 Bartholomei,
754 599 798 633 dc
823 610 894 642 quo
918 600 1026 643 paulo
1054 601 1149 640 ante,
1169 610 1252 633 cum
1277 598 1442 633 sacerdos
1457 599 1711 644 accingeretur
1726 600 1772 635 ad

136 652 424 694 exorcisandum,
443 651 535 688 dixit
550 653 703 688 daemon
721 665 784 697 per
800 665 838 689 os
853 654 1003 690 obsessi:
1024 669 1039 682 ιι
1060 656 1113 690 Ne
1131 666 1187 689 me
1203 653 1392 695 exorciseS‚
1417 666 1484 699 ego
1501 654 1657 690 libenter
1672 667 1772 700 egre-

136 708 228 750 diar,
248 709 331 743 nolo
344 707 497 743 ulterius
513 708 688 751 torqueri.
708 728 752 734 —
765 709 910 752 Loquar
925 709 1025 753 prius
1042 709 1107 745 tibi
1125 709 1257 753 (inquit
1274 710 1470 753 presbyter)
1484 723 1492 752 ;
1510 722 1547 745 es
1564 714 1602 745 tu
1621 711 1737 746 solus?
1757 728 1772 741 ὀ

137 763 337 809 Respondit
352 764 526 798 daemon:
551 778 566 790 ..
586 763 666 798 Duo
682 775 837 808 eramus,
855 765 917 799 sed
933 764 1052 800 socius
1073 776 1129 800 me
1147 765 1300 808 nequior
1316 764 1389 799 iam
1405 765 1531 800 exiuit.
1552 765 1638 801 Sine
1654 767 1772 807 modo,

136 821 275 862 abeam,
305 819 413 854 nimis
436 819 475 854 in
501 819 571 854 hoc
598 830 749 863 corpore
777 823 969 864 torque0r3
997 832 1162 865 egressus
1188 831 1374 863 nunquam
1403 820 1558 855 alieuius
1583 821 1773 857 christiani

136 876 266 919 c‘orpus
282 874 482 920 ingrediar.
500 895 544 900 —
561 876 635 911 Cur
659 887 747 920 ergo
773 875 905 920 (inquit
920 877 1098 919 sacerdos)
1123 875 1358 921 ingredimini
1388 888 1541 921 corpora
1567 877 1775 913 huiusmodi

135 929 264 964 vilium
295 932 331 965 et
361 929 577 964 miserarum
593 931 850 974 personarum?
866 950 910 956 —
927 932 1080 966 Eramus
1105 930 1248 975 (inquit)
1265 934 1300 966 et
1323 931 1478 966 divitum
1506 935 1541 967 et
1571 932 1776 977 principum

136 996 288 1030 corpora
305 984 507 1029 ingressuri
523 988 559 1021 et
575 997 639 1030 per
656 986 721 1021 hos
744 989 859 1022 totum
886 988 1024 1023 clerum
1051 987 1185 1022 Leodio
1210 987 1409 1031 expulsuri,
1429 987 1497 1022 nisi
1521 989 1648 1024 vestris
1672 1002 1773 1025 exor-

135 1039 256 1076 cismis
272 1042 307 1076 et
323 1040 614 1076 adiurationibus
632 1052 695 1076 nos
713 1041 874 1086 migrare
891 1041 1109 1087 coegissetis.
1129 1058 1146 1072 n
1166 1042 1265 1077 Haec
1289 1054 1311 1077 a
1334 1043 1612 1086 quamplurimis
1629 1045 1771 1089 presby-

134 1094 221 1131 teris
237 1094 361 1130 audita
378 1097 413 1130 et
428 1106 493 1139 per
508 1106 568 1130 eos
585 1095 688 1130 nobis
705 1099 853 1132 narrata
866 1097 1025 1132 fuerunt.

179 1149 365 1191 Quaedam
382 1150 503 1194 puella
526 1150 664 1185 dudum
692 1151 833 1185 obsessa
859 1163 924 1195 per
951 1150 1111 1187 diversos
1132 1151 1334 1186 sacerdotes
1361 1152 1497 1186 frustra
1524 1152 1643 1188 fuerat
1671 1165 1771 1188 exor-

135 1205 266 1248 cisata3
286 1204 432 1240 tandem
448 1204 722 1250 Aquisgranum
739 1206 847 1240 ducta
863 1217 928 1250 per
943 1206 1165 1241 sacerdotem
1182 1205 1328 1241 nomine
1345 1205 1538 1250 Symonem
1568 1207 1637 1242 hoc
1665 1209 1772 1243 modo

134 1260 204 1296 fuit
220 1262 357 1295 sanata.
378 1259 553 1295 Sacerdos
569 1272 648 1295 eam
673 1261 757 1295 alba
781 1261 995 1296 sacerdotali
1026 1260 1147 1296 induit
1170 1261 1332 1305 stolaque
1356 1261 1471 1296 cinxit
1494 1265 1529 1297 et
1546 1261 1584 1296 in
1600 1274 1662 1297 vas
1678 1275 1774 1307 aqua

135 1313 336 1351 exorcisata
352 1314 499 1358 plenum
515 1315 562 1350 ad
578 1326 616 1350 os
634 1327 747 1359 usque
771 1315 907 1351 mersit.
929 1315 994 1350 His
1020 1314 1188 1359 peractis,
1207 1315 1415 1350 coniurauit
1443 1317 1607 1351 sacerdos
1634 1318 1775 1352 daemo-

135 1381 218 1406 nem
244 1368 364 1405 dicere
388 1372 523 1414 quanto
546 1373 706 1414 tempore
723 1371 881 1414 puellam
897 1370 1129 1415 possedisset;
1147 1370 1348 1414 respondit:
1370 1385 1385 1398 ‘⁶
1405 1370 1560 1406 Biennio
1580 1388 1608 1406 n.
1629 1372 1769 1408 Rursus

135 1426 282 1461 coactus
296 1424 418 1460 dicere
433 1424 582 1460 ubinam
597 1428 700 1467 esset,
720 1437 803 1460 cum
820 1426 884 1460 illa
899 1425 958 1461 die
974 1426 1063 1461 festo
1079 1426 1242 1461 Paschae
1257 1437 1396 1460 sacram
1413 1429 1571 1462 sumeret
1594 1427 1748 1462 hostiam
1762 1440 1769 1462 ε

136 1495 152 1510 u
169 1480 244 1516 Sub
259 1479 298 1515 id
313 1482 454 1524 tempus
470 1480 612 1524 (inquit)
626 1480 664 1515 in
677 1483 855 1516 extremos
868 1481 999 1525 pedum
1011 1481 1144 1526 digitos
1157 1481 1337 1522 descendi,
1353 1481 1466 1516 donec
1483 1482 1619 1526 species
1634 1483 1773 1518 hostiae

136 1537 446 1571 consumerentur.
464 1551 479 1564 „
499 1534 701 1571 Adiuratus
716 1535 832 1580 igitur
847 1538 889 1571 ut
903 1547 987 1571 mox
1010 1536 1256 1580 egrederetur,
1284 1538 1387 1580 petijt
1414 1537 1622 1572 facultatem
1653 1537 1774 1582 ingre-

135 1589 257 1626 diendi
274 1592 434 1625 castrum
449 1589 611 1625 vicinum
628 1591 672 1625 de
687 1590 941 1626 Schoemborst
954 1590 1166 1634 promittens
1178 1590 1349 1625 excubias
1365 1602 1402 1626 se
1418 1591 1499 1627 istic
1516 1596 1624 1628 noctu
1639 1592 1774 1638 diuque

136 1648 263 1682 contra
287 1645 446 1681 latrones
469 1648 504 1681 et
528 1646 775 1690 exploratores
802 1649 981 1681 acturum.
1001 1645 1166 1690 Rogatus
1194 1657 1281 1680 num
1309 1645 1464 1681 buccina
1489 1647 1592 1682 scirit
1619 1659 1771 1683 canere:

135 1715 151 1730 u
173 1700 317 1746 Optime
336 1716 365 1742 2⁵,
391 1701 578 1745 respondit
595 1704 631 1736 et
646 1713 781 1746 magno
798 1701 918 1736 sonitu
935 1700 1102 1736 omnibus
1118 1700 1180 1745 qui
1197 1701 1363 1736 astabant
1391 1702 1621 1738 audientibus
1654 1703 1774 1738 bucci-

134 1757 250 1794 nauit.
271 1756 434 1792 Tandem
459 1769 541 1792 cum
573 1768 639 1792 nec
664 1757 850 1802 ingressus
882 1757 920 1792 in
950 1757 1116 1792 Castrum
1147 1768 1213 1791 nec
1245 1756 1284 1791 in
1316 1758 1493 1792 Balneum
1527 1758 1660 1801 Caroli,
1680 1760 1776 1803 quod

134 1811 357 1858 Aquisgrani
374 1815 438 1854 est,
457 1812 512 1847 illi
529 1813 812 1857 permitteretur,
832 1815 977 1848 coactus
1001 1811 1200 1848 exorcismo
1224 1812 1360 1857 egredi,
1380 1812 1481 1856 prius
1504 1813 1618 1849 eiecto
1642 1826 1707 1858 per
1737 1826 1776 1849 os

134 1868 276 1913 puellae
303 1866 410 1912 nigro
441 1868 609 1909 carbone,
628 1879 762 1912 magno
795 1879 878 1902 cum
910 1866 1057 1902 fremitu
1085 1869 1121 1903 et
1144 1866 1298 1902 stridore
1329 1868 1493 1903 abcessit.
1514 1868 1676 1913 Contigit
1702 1880 1775 1904 non

133 1924 248 1959 multo
263 1925 343 1967 post
355 1922 446 1957 duos
462 1923 520 1958 vel
535 1926 608 1958 tres
624 1923 663 1958 in
680 1923 778 1958 dicto
797 1922 919 1958 Caroli
936 1923 1073 1957 Balneo
1097 1921 1294 1967 submergi,
1314 1934 1403 1965 quos
1419 1922 1506 1966 quia
1523 1934 1544 1957 a
1559 1923 1774 1967 quibusdam

133 1977 377 2014 existimatum
408 1976 479 2012 fuit
509 1978 554 2012 ab
584 1978 654 2013 hoc
677 1978 852 2013 daemone
883 1977 1073 2012 suffocatos
1104 1976 1226 2018 fuisse,
1262 1977 1439 2012 Balneum
1467 1978 1513 2012 ab
1545 1989 1586 2013 eo
1614 1981 1775 2023 tempore

134 2032 302 2069 omnibus
325 2031 364 2066 in
390 2031 610 2068 hodiernum
638 2045 752 2077 usque
783 2032 879 2068 diem
907 2032 1071 2067 clausum
1102 2031 1183 2067 fuit.
1210 2032 1336 2075 Nuper
1366 2044 1449 2067 cum
1480 2032 1576 2068 idem
1609 2034 1775 2069 sacerdos

134 2089 345 2123 daemonem
362 2098 405 2122 ex
422 2087 611 2122 cuiusdam
624 2099 775 2132 corpore
792 2087 957 2131 nequiret
970 2087 1114 2131 pellere,
1130 2085 1340 2121 exorcismis
1354 2086 1535 2122 orationes
1548 2090 1583 2122 et
1596 2087 1773 2123 ieiunium

134 2141 303 2178 adhibuit
319 2144 354 2177 et
369 2141 492 2177 statim
508 2141 613 2177 illum
631 2141 855 2188 profligauit,
874 2141 960 2186 quia
977 2141 1150 2177 nimirum
1167 2143 1246 2176 erat
1268 2140 1312 2176 de
1336 2152 1470 2186 genere
1498 2142 1773 2178 daemoniorum

134 2198 179 2234 de
195 2209 266 2243 quo
282 2197 376 2234 dixit
393 2197 556 2234 Chistus:
575 2198 654 2233 Hoc
667 2209 786 2244 qenus
804 2198 1090 2233 daemoniorum
1106 2208 1183 2232 non
1207 2197 1351 2241 etjcitur
1376 2198 1453 2231 nisi
1478 2199 1518 2231 in
1543 2200 1712 2233 oratione
1740 2204 1774 2233 et

135 2255 289 2288 ieiunio.

180 2307 245 2343 His
260 2309 413 2353 alijsque
428 2307 548 2345 eiusce
563 2309 706 2354 generis
723 2308 975 2345 ecclesiasticis
1000 2309 1167 2353 remedijs
1191 2312 1287 2345 secta
1303 2310 1405 2351 hace,
1421 2319 1514 2353 quae
1530 2307 1645 2352 spatio
1663 2309 1771 2344 unius

133 2363 221 2399 anni
246 2365 445 2408 plurimum
462 2365 680 2406 inualuerat,
700 2364 874 2409 paulatim
891 2364 1059 2399 imminui
1087 2365 1223 2409 coepit3
1242 2368 1277 2401 et
1302 2364 1469 2410 quamuis
1496 2375 1560 2408 per
1585 2367 1657 2399 tres
1685 2376 1770 2408 qua-

133 2422 264 2456 tuorue
286 2432 399 2456 annos
415 2421 567 2457 subinde
583 2420 730 2465 quidam
746 2420 954 2455 huiusmodi
970 2421 1186 2455 daemonum
1203 2420 1370 2463 ludibrijs
1388 2419 1510 2455 vexari
1529 2419 1769 2463 deprehende-

134 2478 272 2517 rentur,
293 2479 414 2512 tamen
438 2477 665 2512 sacerdotum
693 2475 860 2520 precibus
889 2478 925 2511 et
951 2475 1161 2511 exorcismis
1188 2475 1360 2520 perfacile
1388 2475 1638 2518 eijciebantur,
1657 2486 1772 2509 sacer-

134 2531 259 2566 dotum
283 2534 319 2567 et
342 2531 430 2567 cleri
455 2531 662 2567 Leodiensis
688 2532 796 2576 longe
819 2531 960 2575 lateque
984 2534 1184 2576 propagato
1213 2532 1305 2566 bono
1334 2531 1454 2566 odore.
1474 2530 1578 2565 Absit
1604 2533 1724 2564 tamen
1751 2542 1772 2563 a

135 2586 252 2629 nobis,
283 2587 345 2632 qui
377 2588 423 2624 ad
455 2588 607 2623 solidam
638 2589 782 2623 futurae
811 2587 907 2622 vitae
937 2586 1093 2631 gloriam
1125 2587 1339 2631 aspiramus,
1374 2599 1418 2622 nc
1450 2585 1552 2621 vanis
1584 2586 1772 2621 hominum

138 2645 326 2686 propterea
354 2643 523 2678 laudibus
553 2642 638 2678 elati
668 2641 928 2677 obliuiscamur
954 2641 1053 2677 illius
1085 2642 1243 2678 Christi:
1263 2643 1380 2677 Amen
1408 2641 1490 2676 dico
1522 2641 1636 2682 vobis,
1664 2641 1775 2674 mulli

137 2695 259 2731 dicent
277 2696 373 2731 mihi
390 2700 432 2732 in
449 2696 517 2731 illa
542 2696 622 2730 die:
640 2710 654 2722 u
674 2696 844 2736 Domine,
865 2705 986 2729 nonne
1002 2697 1043 2727 in
1060 2696 1210 2728 nominc
1233 2700 1294 2728 tuo
1319 2694 1518 2728 daemonia
1538 2695 1713 2727 eiecimus
1743 2698 1772 2726 ct

135 2753 289 2787 virtutes
306 2753 444 2787 multas
467 2753 646 2796 fecimus?
666 2766 680 2779 n
705 2750 837 2795 quibus
861 2749 926 2784 illc
946 2748 1203 2794 respondebit:
1221 2759 1237 2777 α
1258 2748 1442 2783 Discedite
1461 2760 1484 2782 a
1508 2759 1579 2790 me,
1608 2748 1773 2792 operamj'

135 2808 364 2853 iniquitatis,
384 2809 473 2853 quia
490 2807 612 2840 nescio
625 2815 698 2839 vos.
719 2822 736 2840 n

484 2870 680 2917 Radulphz·
718 2870 762 2905 de
800 2871 906 2911 Rito,
953 2871 1086 2906 decani
1132 2871 1366 2915 Tonyrensz’s,
1405 2875 1510 2914 qesta
1551 2869 1770 2915 pontificum

527 2927 792 2962 Leodiensium
820 2927 865 2961 ab
893 2938 988 2962 anno
1005 2926 1112 2962 tertio
1131 2926 1340 2971 [ingelberti
1370 2937 1391 2960 a
1407 2925 1559 2961 Marcka
1585 2936 1697 2969 usque
1725 2926 1770 2962 ad

525 2983 701 3018 Joannem
717 2993 739 3018 a
755 2982 925 3023 Bauaria,
946 2983 992 3026 bij
1012 2982 1254 3029 Chapeaville‚
1273 2982 1351 3019 deel
1367 2981 1430 3024 III,
1453 2982 1516 3017 blz.
1538 2983 1645 3017 19-22.
