2097 3466
744 240 878 276 ANNO
905 239 1016 281 1376,
1042 239 1142 275 1377
1688 236 1757 272 237

121 335 273 393 diking
289 336 584 393 aanmafigen,
605 336 795 392 hetgeen
819 339 972 391 streng
988 333 1208 378 ver-boden
1230 333 1281 377 is.
1304 335 1487 377 Daarom
1504 332 1679 376 beveelt
1700 332 1753 375 de

120 419 242 462 pauS,
271 406 344 449 dat
367 407 418 449 de
441 405 720 461 inquisiteurs
738 405 888 448 overal
912 405 979 447 die
1001 403 1268 460 geschriften
1291 404 1436 446 zullen
1459 415 1671 459 opsporen
1696 415 1749 444 en

120 475 416 519 onderzoeken
437 489 506 519 om
529 475 580 518 de
602 474 852 518 kettersche
870 473 1166 516 volksboeken
1184 473 1249 516 als
1271 472 1483 528 dusdanig
1506 476 1550 514 te
1573 472 1751 515 kunnen

120 543 230 587 doen
247 545 422 588 kennen
441 558 494 588 en
514 543 587 587 dat
606 544 656 601 zij
679 548 833 587 tevens
849 556 1030 586 namens
1048 543 1130 585 den
1149 543 1200 584 H.
1224 541 1339 585 Stoel
1363 540 1604 598 dergelijke
1627 553 1754 582 νοοῖ·-

119 613 320 670 lezingen
354 627 407 657 en
439 613 727 670 predikingen
769 613 913 656 zullen
946 611 1178 655 verbieden
1209 611 1361 654 alsook
1395 611 1470 653 het
1503 610 1755 653 aanhooren

119 681 318 726 derzelve
357 696 410 739 op
444 682 560 726 straf
586 696 671 726 van
701 681 784 725 den
824 680 1100 738 kerkelijken
1139 679 1222 724 ban
1255 694 1309 723 en
1347 678 1756 736 niettegenstaande

118 752 261 796 welke
282 752 577 809 dispensatie‘n
600 751 697 813 ook.

166 884 362 930 Gregorius
387 884 586 929 episcopus,
612 896 737 920 servus
760 895 948 920 servornm
976 884 1054 926 Dei,
1073 883 1215 920 dilectis
1231 883 1316 919 filiis
1340 882 1617 928 inquisitoribus
1633 882 1757 917 haere-

119 939 214 976 ticae
230 939 420 985 pravitatis
433 951 498 984 per
510 939 738 974 Alemaniam
755 939 970 982 constitutis,
990 940 1143 975 salutem
1160 943 1196 975 et
1208 940 1442 984 apostolicam
1456 939 1756 976 benedictionem.

164 995 221 1030 Ad
237 995 458 1040 apostolatus
485 996 598 1030 nostri
626 995 790 1040 pervenit
810 996 987 1037 auditum,
1007 996 1103 1039 quod
1120 996 1158 1031 in
1175 996 1360 1031 nonnullis
1377 996 1552 1040 partibus,
1570 996 1608 1030 in
1628 995 1759 1039 quibus

121 1051 370 1096 Inquisitionis
385 1051 589 1086 haereticae
605 1051 795 1096 pravitatis
811 1051 969 1087 officium
988 1051 1173 1093 exercetis,
1189 1055 1273 1087 sunt
1285 1051 1451 1086 nonnulli
1464 1051 1558 1096 layci
1575 1050 1756 1095 simplices

121 1109 158 1142 et
169 1105 411 1151 utplurimum
428 1106 605 1148 illiterati,
627 1105 689 1149 qui
707 1107 879 1149 quosdam
896 1106 1007 1142 libros
1023 1118 1230 1142 sermonum
1246 1107 1285 1141 in
1309 1107 1453 1151 vulgari
1470 1107 1700 1151 scriptorum,
1719 1105 1758 1141 in

120 1161 251 1206 quibus
278 1161 527 1203 haereticales,
558 1165 666 1206 prout
689 1161 836 1204 dicitur,
870 1163 1102 1198 continentur
1129 1174 1281 1204 erroreS,
1310 1163 1471 1207 legentes
1500 1174 1562 1198 seu
1586 1162 1655 1197 sibi
1682 1161 1757 1206 legi

120 1216 294 1253 facientes
326 1217 560 1253 interdictum
585 1217 637 1252 eis
657 1217 818 1252 officium
840 1217 1122 1261 praedicationis
1144 1221 1332 1262 usurpant,
1351 1218 1496 1262 publice
1522 1219 1761 1262 proponentes

121 1272 255 1316 populo
271 1271 487 1314 doctrinam,
509 1283 617 1316 quam
635 1272 812 1314 nesciunt,
833 1285 916 1308 cum
942 1284 1022 1308 eam
1049 1284 1121 1308 non
1147 1272 1354 1316 didicerint,
1373 1275 1409 1308 et
1434 1273 1521 1308 dum
1551 1273 1678 1318 legunt
1704 1272 1762 1307 vel

121 1327 275 1363 audiunt
301 1328 398 1372 quod
424 1339 498 1363 non
523 1326 746 1372 intelligunt,
772 1327 939 1373 magistri
963 1329 1056 1364 fiunt
1079 1328 1226 1371 erroris,
1251 1331 1445 1373 antequam
1483 1328 1555 1364 sint
1588 1327 1759 1372 discipuli

120 1382 296 1419 veritatis,

165 1439 258 1474 Cum
274 1443 396 1476 autem
411 1439 621 1485 hujusmodi
636 1440 722 1475 libri
738 1440 908 1485 vulgares
923 1440 1118 1485 periculosi
1134 1441 1206 1476 sint
1221 1440 1387 1483 nimium,
1406 1443 1442 1476 et
1457 1440 1668 1485 praedicare
1684 1451 1757 1475 non

120 1493 230 1530 liceat
252 1495 323 1530 nisi
345 1495 415 1537 his,
433 1496 563 1540 quibus
580 1507 789 1531 concessum
805 1499 859 1532 est
881 1508 924 1531 ex
949 1496 1142 1541 privilegio
1169 1497 1226 1532 vel
1253 1508 1275 1531 a
1296 1498 1394 1542 jure,
1420 1507 1462 1531 ac
1489 1508 1533 1532 ex
1557 1495 1759 1531 temerariis

122 1551 475 1595 praesumptionibus
505 1552 629 1587 taliter
655 1562 721 1586 sua
747 1554 874 1595 sponte
902 1552 1191 1596 praedicantium
1217 1563 1357 1588 errores
1384 1554 1420 1587 et
1445 1552 1611 1587 haereses
1636 1550 1760 1586 variae

122 1607 291 1642 subortae
306 1607 378 1642 sint
400 1607 575 1642 hactenus
599 1613 635 1642 et
657 1607 746 1642 oriri
762 1607 960 1642 timeantur
976 1607 1014 1642 in
1031 1610 1226 1651 posterum,
1245 1607 1314 1641 nisi
1331 1607 1383 1642 eis
1399 1606 1565 1642 celeriter
1590 1617 1757 1641 occurra-

121 1665 205 1706 tur3
223 1662 433 1698 discretioni
453 1667 592 1698 vestrae
620 1674 684 1706 per
710 1662 907 1707 apostolica
933 1662 1069 1707 scripta
1096 1663 1320 1704 mandamus,
1347 1665 1524 1706 quatenus
1546 1661 1756 1707 hujusmodi

122 1716 234 1752 libros
250 1718 351 1753 vobis
366 1721 402 1753 et
425 1717 575 1753 cuilibet
601 1722 759 1752 vestrum
777 1717 817 1752 in
843 1718 932 1753 locis
960 1717 999 1752 in
1023 1717 1154 1761 quibus
1176 1718 1315 1753 dictum
1330 1716 1579 1761 Inquisitionis
1595 1717 1755 1752 officium

123 1773 309 1815 exercetis,
326 1773 482 1809 revelari
499 1785 541 1808 ac
556 1773 720 1808 exhiberi
744 1773 915 1808 facientes
939 1773 1034 1809 inter
1050 1785 1112 1808 vos
1135 1773 1291 1808 invicem
1319 1776 1355 1808 et
1381 1784 1445 1816 per
1471 1772 1561 1807 alios
1588 1771 1757 1817 diligenti

123 1827 282 1862 examini
310 1827 482 1870 subdatis,
512 1828 654 1863 eosdem
681 1832 717 1863 et
745 1828 840 1872 ipsos
879 1839 941 1863 seu
971 1839 1052 1863 eam
1082 1828 1244 1872 ipsorum
1275 1831 1426 1873 partem,
1445 1829 1485 1864 in
1515 1840 1587 1873 qua
1617 1840 1759 1864 errores

124 1882 360 1918 haereticales
376 1882 598 1925 inveneritis,
617 1883 833 1919 auctoritate
848 1883 1045 1928 apostolica
1061 1883 1261 1928 reprobetis
1283 1887 1320 1919 et
1342 1887 1516 1928 tanquam
1531 1895 1702 1920 erroneos
1725 1886 1761 1918 et

124 1939 334 1982 reprobatos
350 1939 493 1983 populis
516 1939 554 1974 in
578 1938 907 1983 praedicationibus
931 1939 1117 1981 nuntietis,
1136 1939 1261 1974 eadem
1285 1939 1501 1975 auctoritate
1529 1939 1760 1984 prohibentes

125 2005 171 2029 ne
186 1995 232 2030 de
253 1998 373 2031 cetero
404 1995 479 2030 ulla
506 1994 589 2030 talis
616 1994 765 2038 laycalis
791 2006 944 2038 persona
968 1994 1179 2039 praedicare
1201 1997 1407 2039 praesumat
1430 1997 1494 2030 aut
1521 1994 1639 2038 quivis
1665 1993 1759 2028 alius

126 2049 238 2085 libros
261 2062 323 2086 seu
351 2062 531 2086 sermones
562 2051 772 2094 reprobatos
787 2051 995 2097 hujusmodi
1020 2052 1151 2086 audeat
1177 2051 1347 2093 scribere,
1365 2063 1496 2092 emere,
1522 2051 1677 2086 vendere
1703 2050 1761 2085 vel

126 2108 260 2147 tenere,
278 2118 340 2141 seu
357 2107 490 2151 dogma
506 2107 544 2141 in
560 2106 612 2141 eis
628 2106 802 2150 scriptum
827 2107 984 2149 credere,
1003 2118 1162 2142 asserere
1185 2106 1242 2142 vel
1266 2107 1535 2151 quomodolibet
1557 2106 1760 2150 divulgare,

127 2162 410 2197 contradictores
426 2173 490 2206 per
505 2173 694 2197 censuram
711 2162 1003 2204 ecelesiasticam,
1022 2162 1263 2206 appellatione
1277 2161 1482 2206 postposita,
1504 2161 1761 2205 compescendo

127 2227 200 2251 non
212 2218 375 2253 obstante
390 2217 420 2251 si
437 2217 619 2260 aliquibus
635 2217 877 2252 communiter
892 2218 949 2252 vel
965 2217 1109 2252 divisim
1133 2229 1155 2252 a
1180 2218 1262 2253 sede
1285 2216 1483 2261 apostolica
1506 2216 1553 2252 sit
1576 2216 1758 2250 indultum

127 2272 223 2315 quod
238 2272 419 2314 interdici,
437 2272 606 2316 suspendi
623 2273 680 2307 vel
702 2273 1010 2308 excommunicari
1032 2285 1104 2308 non
1128 2273 1265 2317 possint
1288 2285 1352 2317 per
1376 2273 1515 2308 litteras
1542 2271 1757 2316 apostolicas

127 2338 201 2362 non
215 2327 387 2364 facientes
400 2328 543 2373 plenam
555 2330 591 2363 et
607 2339 810 2372 expressam
825 2338 868 2363 ac
883 2328 928 2364 de
943 2328 1053 2364 verbo
1069 2328 1116 2364 ad
1137 2329 1289 2364 verbum
1311 2329 1356 2364 de
1382 2328 1523 2365 indulto
1548 2326 1758 2374 hujusmodi

127 2382 359 2419 mentionem.

172 2438 306 2476 Datum
321 2438 518 2482 Avenione‚
533 2440 569 2475 X
585 2439 658 2475 kal.
676 2423 779 2481 Maii,
798 2438 1028 2484 pontificatus
1043 2439 1157 2477 nostri
1173 2450 1269 2476 anno
1281 2438 1444 2485 septimo.

458 2494 667 2559 'Moshem
686 2516 753 2552 biz.
771 2518 836 2552 378
853 2527 898 2551 en
913 2517 990 2552 379.

892 2653 1013 2699 225.

195 2780 333 2831 1377,
361 2779 608 2825 December
629 2781 674 2834 2,
698 2780 853 2826 Rome.
875 2782 956 2826 Bul
982 2794 1066 2825 van
1087 2781 1326 2839 Gregorius
1349 2782 1415 2826 XI
1436 2781 1607 2839 gerieht
1628 2785 1694 2827 tot
1714 2781 1767 2826 de

133 2849 541 2908 aartsbisschoppen
573 2863 660 2894 van
691 2851 879 2906 Keulen,
919 2851 1057 2904 Trier,
1094 2851 1237 2895 Mainz
1275 2866 1331 2895 en
1366 2852 1528 2896 andere
1559 2852 1767 2896 Duitsche

131 2919 331 2975 prelaten
361 2919 551 2964 alsmede
583 2922 650 2965 tot
673 2919 821 2966 hunne
845 2919 1124 2979 suffraganen
1157 2935 1211 2965 en
1243 2922 1328 2966 alle
1360 2920 1648 2980 bisschoppen
1679 2935 1764 2966 van
