2097 3466
348 279 366 310 ,2
1036 270 1168 306 ANNO
1195 272 1294 305 1025

348 371 489 411 mereri,
512 370 582 405 nisi
598 373 745 405 renatus
762 370 853 404 foret
882 380 925 404 ex
951 379 1043 411 aqua
1068 370 1103 402 et
1126 366 1272 411 spiritu.
1295 366 1398 407 Quod
1415 365 1561 409 quidem
1578 365 1864 410 regenerationis
1878 375 1967 409 nup-

348 426 480 460 terium
504 437 566 459 vos
589 429 650 459 aut
674 424 827 468 pleniter
850 423 1013 467 recipere
1043 425 1107 457 aut
1135 420 1356 465 evangelicis
1378 420 1498 455 verbis
1525 419 1706 455 contraire
1734 430 1875 455 necesse
1903 423 1967 462 est,

349 492 430 515 cum
448 484 586 514 constet
601 491 683 514 vere
699 479 787 513 haec
803 478 926 513 Jesum
944 476 1093 511 dixisse.
1113 493 1129 512 n

390 534 445 569 Ad
461 534 550 569 haec
575 533 629 567 illi
646 533 822 568 dederunt
837 530 1044 575 hujusmodi
1068 541 1299 574 responsum:
1321 544 1336 558 «ι
1358 530 1432 565 Lex
1449 532 1484 564 et
1499 528 1692 573 disciplina
1708 531 1842 571 nostra,
1861 539 1969 572 quam

348 602 369 624 a
393 590 567 634 magistro
598 589 812 632 accepimus,
843 599 908 623 nec
939 586 1160 630 evangelicis
1202 586 1355 621 decretis
1384 596 1451 620 nec
1481 585 1687 628 apostolicis
1723 585 1971 621 sanctionibus

347 645 527 680 contraire
555 644 748 685 videbitur,
775 644 804 677 si
829 642 910 686 quis
934 654 1012 677 eam
1040 642 1236 685 diligenter
1259 640 1349 675 velit
1370 640 1522 675 intueri.
1547 639 1643 674 Haec
1667 651 1823 684 namque
1844 640 1969 684 hujus-

347 699 443 733 modi
459 703 528 732 est:
548 699 722 733 mundum
748 698 964 740 relinquere,
983 707 1130 730 carnem
1152 706 1173 728 a
1195 693 1498 739 concupiscentiis
1523 695 1701 736 fraenare,
1720 695 1764 730 de
1786 695 1971 730 laboribus

348 765 520 788 manuum
548 764 695 787 suarum
721 753 856 788 victum
884 762 1024 795 parare,
1051 750 1144 785 nulli
1171 750 1365 785 laesionem
1390 760 1576 795 quaerere,
1601 749 1816 785 charitatem
1831 749 1972 785 cunctis

348 821 437 851 quos
460 809 556 844 zelus
580 809 686 852 hujus
711 808 824 842 nostri
849 806 1021 851 propositi
1047 809 1178 846 teneat,
1207 805 1392 840 exhibere.
1416 805 1565 840 Servata
1588 804 1704 848 igitur
1725 804 1794 840 hac
1813 805 1969 850 justitia,

349 865 490 898 nullum
521 875 609 907 opus
640 876 714 898 esse
744 863 935 906 baptismi3
970 861 1217 906 praevaricata
1246 871 1332 895 vero
1370 861 1450 902 ista,
1483 860 1702 904 baptismum
1748 860 1793 894 ad
1832 860 1971 896 nullam

351 921 526 964 proficere
551 921 718 954 salutem.
750 919 847 953 Haec
873 923 924 953 est
951 921 1093 952 nostrae
1113 917 1387 960 ‚iustificationis
1413 928 1566 957 summa,
1594 916 1638 950 ad
1662 927 1772 959 quam
1799 915 1893 951 nihil
1919 918 1972 951 est

349 977 443 1019 quod
480 975 646 1018 baptismi
675 986 760 1008 usus
786 974 1026 1018 superaddere
1057 972 1177 1016 possit,
1208 983 1291 1006 cum
1323 971 1439 1006 omnis
1470 971 1669 1014 apostolica
1697 975 1732 1006 et
1760 971 1973 1016 evangelica

351 1031 531 1065 institutio
548 1029 757 1072 hujusmodi
784 1029 854 1063 fine
870 1028 1078 1063 claudatur.
1100 1027 1136 1061 Si
1161 1027 1241 1069 quis
1265 1030 1386 1061 autem
1409 1027 1448 1061 in
1471 1026 1686 1070 baptismate
1705 1027 1851 1071 aliquod
1875 1027 1973 1062 dicat

352 1084 464 1118 latere
495 1088 774 1123 sacramentum,
800 1082 868 1116 hoc
893 1082 1008 1115 tribus
1035 1092 1078 1115 ex
1102 1080 1219 1114 causis
1244 1085 1456 1114 evacuatur.
1487 1080 1579 1121 Una,
1606 1080 1692 1124 quia
1717 1081 1793 1115 vita
1818 1081 1973 1124 reproba

351 1139 599 1173 ministrorum
649 1136 872 1180 baptizandis
901 1136 1042 1170 nullum
1073 1139 1190 1178 potest
1220 1135 1394 1178 praebere
1423 1135 1550 1169 salutis
1581 1134 1798 1170 remedium.
1833 1135 1970 1177 Altera,

350 1197 435 1238 quia
463 1193 636 1237 quidquid
668 1193 839 1227 vitiorum
870 1192 908 1225 in
939 1192 1037 1225 fonte
1067 1190 1311 1231 renuntiatur,
1343 1190 1569 1234 postmodum
1600 1190 1640 1224 in
1669 1190 1744 1224 vita
1775 1190 1966 1234 repetitur.

351 1250 485 1290 Tertia,
504 1249 589 1292 quia
606 1248 649 1282 ad
670 1247 862 1291 parvulum
879 1257 951 1281 non
968 1247 1146 1280 volentem
1164 1257 1279 1287 neque
1296 1248 1514 1287 currentem,
1530 1245 1613 1280 fidei
1630 1245 1792 1280 nescium
1815 1256 1972 1288 suaeque

349 1305 476 1339 salutis
502 1310 610 1346 atque
639 1302 806 1337 utilitatis
832 1302 1015 1345 ignarum,
1044 1300 1083 1334 in
1113 1311 1220 1343 quem
1252 1300 1352 1334 nulla
1383 1299 1671 1344 regenerationis
1701 1300 1839 1344 petitio,
1871 1300 1974 1335 nulla

354 1360 436 1394 fidei
466 1364 582 1403 potest
611 1357 726 1392 inesse
757 1355 949 1396 confessio,
983 1355 1101 1389 aliena
1131 1354 1314 1396 voluntas,
1349 1354 1468 1388 aliena
1499 1354 1603 1396 fides,
1633 1354 1753 1390 aliena
1783 1354 1969 1397 confessio,

351 1426 576 1458 nequaquam
601 1413 782 1457 pertinere
806 1411 965 1445 videtur.
985 1427 1001 1445 n
1028 1409 1166 1450 Quibus
1191 1421 1210 1444 e
1234 1414 1361 1445 contra
1384 1410 1571 1454 episcopus
1593 1409 1666 1444 ait:

411 1507 588 1564 (Hierop
613 1504 733 1559 volgt
759 1502 842 1544 dan
867 1501 917 1543 de
941 1499 1210 1555 omstandige
1233 1500 1334 1542 rede
1357 1513 1441 1543 van
1464 1500 1548 1543 den
1569 1498 1784 1555 bisschop,
1809 1499 1972 1546 hande—

351 1577 476 1619 lende
499 1588 603 1617 over
625 1573 676 1615 de
699 1570 910 1626 volgende
931 1572 1096 1625 punten
1118 1583 1126 1611 :
1154 1568 1220 1611 De
1242 1567 1467 1625 baptismo,
1494 1566 1561 1610 De
1592 1569 1784 1623 corporis
1804 1572 1845 1612 et
1869 1581 1971 1613 san-

346 1645 495 1704 quinis
516 1641 713 1690 Domini,
740 1640 806 1682 De
827 1639 991 1683 Sancta
1013 1637 1228 1688 Ecclesia,
1254 1649 1363 1694 quae
1384 1641 1445 1679 esc
1467 1635 1616 1679 domus
1637 1635 1738 1688 Dei,
1763 1635 1831 1680 De
1850 1649 1971 1681 sacro

352 1713 505 1764 altari,
533 1711 599 1754 De
632 1709 930 1766 thymiamate,
957 1706 1024 1750 De
1049 1706 1200 1764 siquis,
1229 1705 1296 1749 De
1319 1705 1460 1749 sacris
1481 1703 1718 1757 ordinibus,
1745 1704 1812 1748 ,De
1832 1705 1971 1762 sepul-

352 1788 469 1833 tura,
505 1780 571 1823 De
598 1777 878 1836 poenitentia,
920 1774 1042 1828 Quod
1067 1775 1334 1831 poenitentia
1361 1779 1464 1831 post
1500 1777 1680 1817 mortem
1714 1774 1867 1829 prosit,
1902 1774 1971 1818 De

351 1849 582 1899 connubiis,
618 1847 686 1890 De
717 1843 1039 1898 confessoribus,
1075 1843 1142 1886 De
1170 1842 1386 1900 psallendi·
1418 1842 1564 1899 officio,
1599 1841 1666 1885 De
1701 1843 1972 1887 venerationi

349 1917 604 1963 Dominicae
635 1915 786 1966 crucis,
813 1914 878 1957 De
908 1913 1096 1971 imaqine
1127 1911 1380 1956 Salvatoris
1408 1911 1457 1954 in
1491 1924 1624 1962 cruce,
1650 1911 1718 1955 De
1748 1911 1972 1958 ordinibus

349 1986 622 2031 ecclesiastici
643 1984 883 2042 reqimiiiis,
911 1983 976 2026 De
998 1993 1142 2025 eorum
1164 1980 1512 2038 (haereticorum)
1528 1980 1653 2037 falsa
1663 1980 1884 2039 justitia).

392 2081 474 2114 Jam
502 2079 576 2113 dies
602 2079 646 2112 ad
677 2079 852 2111 occasum
868 2075 1041 2110 declivior
1066 2077 1154 2115 erat,
1181 2077 1216 2108 et
1238 2073 1391 2107 domnus
1415 2073 1602 2117 episcopus
1624 2072 1681 2107 his
1703 2073 1768 2116 qui
1798 2073 1970 2108 audiendi

349 2136 469 2181 gratia
495 2136 749 2174 convenerant,
775 2131 1093 2166 circumstantibus
1116 2129 1188 2164 ait:
1224 2138 1240 2156 α
1259 2129 1419 2164 Fuerant
1443 2128 1539 2170 satis,
1558 2129 1700 2172 fratres,
1718 2140 1811 2172 quae
1837 2129 1881 2163 de
1911 2128 1969 2164 his

351 2204 415 2227 nos
445 2192 653 2234 oportuerat
683 2189 727 2222 ad
759 2188 1043 2222 confirmandam
1076 2186 1183 2220 fidem
1213 2188 1368 2220 vestram
1401 2184 1601 2224 enuntiare,
1631 2184 1691 2218 sed
1723 2196 1768 2219 ne
1798 2196 1860 2219 vos
1888 2185 1970 2229 plus

349 2260 458 2283 onere
486 2247 677 2280 verborum
708 2254 911 2288 gravemus,
943 2241 1125 2276 sufficiant
1155 2240 1234 2274 ista.
1266 2240 1343 2274 Hoc
1373 2243 1516 2274 tantum
1547 2242 1684 2273 servate
1715 2238 1800 2273 fidei
1830 2243 1969 2275 vestrae

350 2303 605 2337 intemeratum
633 2297 871 2343 signaculum,
902 2296 1100 2331 recolentes
1126 2295 1195 2328 hoc
1222 2294 1317 2337 quod
1348 2293 1483 2328 Paulus
1518 2294 1700 2336 apostolus
1726 2294 1967 2336 praedixerat,

351 2358 435 2401 quia
460 2358 497 2391 in
523 2355 725 2390 novissimis
741 2353 866 2387 diebus
882 2352 1064 2386 discedent
1079 2350 1226 2394 quidam
1244 2362 1263 2383 a
1281 2350 1362 2391 fide,
1381 2350 1605 2384 attendentes
1627 2348 1814 2393 spiritibus
1837 2351 1970 2386 erroris

352 2419 386 2447 et
409 2410 583 2446 doctrinis
607 2409 879 2443 daemoniorum
903 2406 942 2440 in
967 2405 1150 2449 hypocrisi
1176 2405 1412 2447 loquentium,
1439 2408 1473 2438 et
1497 2404 1734 2438 cauteriatam
1757 2403 1968 2440 habentium

349 2467 605 2503 conscientiam
634 2476 747 2505 suam,
772 2462 1043 2507 prohibentium
1067 2461 1214 2501 nubere,
1233 2460 1411 2505 abstinere
1435 2471 1456 2494 a
1480 2458 1580 2501 cibis,
1599 2470 1689 2502 quos
1714 2459 1809 2494 Deus
1832 2458 1969 2494 creavit

348 2523 391 2556 ad
410 2521 680 2565 percipiendum
697 2530 779 2553 cum
794 2517 997 2562 gratiarum
1014 2515 1155 2550 actione
1171 2515 1349 2549 fidelibus.
1369 2532 1385 2549 n

389 2577 523 2611 Verum
545 2576 677 2609 talibus
697 2573 802 2607 dictis
827 2571 949 2606 domni
967 2569 1135 2614 episcopi,
1153 2569 1192 2603 hi
1216 2569 1278 2612 qui
1305 2570 1411 2612 paulo
1436 2571 1519 2603 ante
1541 2569 1610 2604 sibi
1636 2568 1852 2604 videbantur
1874 2569 1968 2604 insu-

346 2632 522 2676 perabiles
552 2631 660 2663 verbo
684 2640 750 2663 nec
773 2628 848 2661 ullo
872 2626 973 2661 verbi
997 2636 1129 2670 genere
1152 2636 1252 2668 posse
1277 2623 1490 2667 constringi,
1508 2624 1702 2658 verborum
1728 2623 1908 2668 gravitate
1931 2627 1968 2658 et

347 2687 535 2722 manifesta
559 2686 623 2719 Dei
651 2685 784 2718 virtute
807 2684 859 2718 ita
885 2682 1132 2726 obstupefacta
1155 2684 1341 2722 steterunt,
1369 2692 1410 2714 ac
1433 2680 1463 2714 si
1486 2691 1672 2724 nunquam
1695 2680 1811 2715 ullum
1834 2691 1966 2715 sermo-

346 2755 427 2778 nem
452 2739 957 2779 didicissentcontradicendi,
977 2737 1139 2780 mutique
1163 2737 1207 2770 ad
1235 2736 1357 2770 omnia
1379 2735 1449 2770 hoc
1472 2736 1588 2770 solum
1612 2739 1808 2780 potuerunt
1822 2746 1966 2779 respon-

344 2800 439 2839 dere,
474 2798 524 2832 ita
554 2796 622 2831 sibi
652 2796 768 2829 videri
799 2805 865 2828 nec
895 2793 966 2827 alio
998 2792 1225 2827 Christianae
1268 2791 1395 2825 salutis
1424 2802 1602 2825 summam
1642 2801 1743 2834 posse
1771 2790 1965 2825 consistere

344 2864 451 2895 quam
475 2852 513 2885 in
536 2851 593 2885 his
617 2861 708 2893 quae
733 2849 772 2882 in
794 2847 999 2891 praesentia
1014 2846 1202 2890 episcopus
1222 2848 1439 2880 enarrasset.
1463 2845 1518 2880 Ad
1541 2856 1630 2888 quos
1653 2845 1862 2889 episcopus:
1891 2852 1909 2872 α
1927 2844 1966 2879 Si

342 2907 443 2947 haec,
462 2905 591 2948 inquit,
612 2906 662 2938 ita
678 2915 752 2938 esse
776 2903 934 2944 creditis,
953 2903 1171 2944 deponentes
1195 2903 1316 2935 tantae
1347 2899 1538 2944 perfidiam
1562 2899 1828 2935 incredulitatis
1846 2899 1964 2934 nobis-

344 2974 426 2998 cum
451 2961 545 2997 hanc
572 2959 750 2995 haeresim
778 2969 861 2993 cum
889 2958 963 2993 suis
989 2956 1209 2998 auctoribus,
1235 2955 1306 2991 nisi
1333 2953 1563 2999 resipuerint,
1592 2955 1807 2991 damnantes
1830 2965 1966 2990 excom·
