2097 3466
353 269 415 305 198
973 270 1104 306 ANNO
1130 269 1345 306 1349-1350

360 362 452 397 scire
469 361 597 406 potuit,
617 362 677 406 qui
701 362 794 398 hanc.
821 366 951 398 sectam
975 366 1088 398 essent
1112 363 1319 399 inchoantes
1341 365 1397 399 vel
1419 375 1462 400 ex
1485 375 1555 409 qua
1570 363 1687 409 patria
1700 364 1961 409 processissent.

363 417 451 450 Cum
471 416 532 450 tali
549 428 636 460 ergo
649 417 865 460 poenitentia
882 417 1042 452 civitates
1057 421 1091 452 et
1107 417 1210 452 villas
1225 418 1432 453 catervatim
1449 418 1556 454 simul
1571 421 1790 463 peragentes,
1815 421 1856 454 30
1871 421 1908 455 et
1921 422 1964 456 40

361 471 436 504 dios
454 470 490 504 in
508 471 723 514 poenitentia
741 475 967 516 peregerunt.
984 471 1025 506 Et
1039 471 1142 506 multi
1155 472 1243 507 haec
1255 472 1413 508 videntes
1428 484 1464 508 se
1479 473 1608 508 eisdem
1625 472 1900 515 associaverunt,
1914 476 1961 516 et,

363 539 372 557 ‹
385 525 547 568 onipletis
564 525 688 560 dicbus
703 537 786 561 suae
803 526 1052 570 poenitentiae,
1070 527 1131 560 alii
1149 531 1183 561 ct
1205 527 1267 561 alii
1283 528 1327 562 de
1350 539 1441 562 novo
1463 527 1712 571 reincipientes
1736 527 1963 563 continuave-
2005 523 2014 532 ⁶

362 584 458 614 runt.
493 580 609 614 Etiam
641 581 762 623 aliqua
796 581 899 621 bona,
933 580 1068 615 scilicet.
1097 581 1260 616 odiorum
1297 584 1333 616 et
1361 581 1632 616 inimicitiarum
1673 580 1894 616 dimissiones
1928 583 1965 617 et

360 634 576 669 iniustorum
594 635 768 669 bonorum
792 635 1033 669 restitutiones
1059 635 1102 668 ad
1130 635 1223 678 ipsos
1250 639 1499 679 pervenerunt.
1525 636 1593 671 Sed
1620 647 1711 680 papa
1738 636 1899 671 Clemens
1913 636 1964 672 VI

360 692 505 732 propter
528 688 649 732 peiora
677 689 758 723 inde
781 691 931 722 ventura
955 689 1061 722 talem
1078 689 1331 732 poenitentiam
1348 690 1526 733 publicam
1543 689 1725 725 damnavit
1746 692 1782 725 et
1803 690 1963 726 districte

354 741 422 774 sub
453 740 678 775 anathemate
701 740 896 775 interdixit.
917 740 959 774 Et
978 739 1027 773 sic
1051 741 1193 775 tandem
1209 741 1428 785 poenitentia
1452 746 1488 778 et
1503 743 1694 779 multitudo
1715 744 1780 779 illa
1804 744 1961 780 evanuit.

697 817 878 852 Jolianncs
891 828 911 850 a
925 815 1286 859 Leydissshronicon,
1297 817 1334 853 in
1347 818 1390 853 de
1398 818 1536 854 Rerum
1546 820 1782 865 Belyicarum
1795 821 1961 865 annales,

739 872 816 907 decl
833 871 860 912 1,
879 871 944 906 blz.
964 873 1037 906 ⁶272.

1098 1029 1217 1073 201.

414 1164 561 1207 1349-
571 1163 705 1214 1350,
753 1163 1049 1206 Vlaanderen.
1106 1163 1343 1206 Uittreksel
1395 1164 1459 1207 uit
1510 1164 1722 1221 Meyerus'
1760 1165 1962 1210 Annales

351 1233 600 1275 Flandrz'ae
622 1245 726 1274 over
756 1231 807 1273 de
829 1232 1095 1275 Geeselaars.
1122 1257 1179 1263 —
1204 1232 1276 1274 Uit
1307 1232 1588 1275 Duitschland
1610 1232 1844 1290 afkomstig
1865 1247 1962 1277 ver-

349 1300 555 1356 eenigden
580 1300 631 1357 zij
657 1300 750 1342 zich
773 1300 813 1342 in
836 1300 1108 1342 Vlaanderen
1132 1302 1220 1342 met
1240 1300 1401 1343 andere
1424 1301 1592 1344 nieuwe
1615 1305 1762 1345 secten
1779 1302 1961 1357 (Lollar-

348 1369 445 1420 den,
472 1368 691 1419 Cellanen‚
717 1368 966 1424 Beggarden
993 1382 1046 1411 en
1071 1369 1363 1421 Lutezusters)
1385 1383 1438 1411 en
1471 1369 1552 1411 ook
1575 1370 1739 1412 weldra
1767 1373 1854 1414 met
1883 1370 1960 1414 het

348 1437 534 1481 uitschot
566 1437 642 1478 der
663 1436 909 1492 bevolking,
936 1436 1078 1480 totdat
1108 1437 1159 1493 zij
1181 1436 1284 1479 door
1316 1437 1366 1479 de
1388 1437 1532 1480 macht
1553 1437 1628 1480 der
1648 1437 1955 1494 kerkprelaten

344 1520 398 1549 en
420 1505 687 1563 wereldlijke
711 1508 885 1548 vorsten
903 1506 1014 1548 alom
1030 1504 1264 1561 uitgeroeid
1286 1505 1478 1550 werden.

396 1631 561 1666 Profecta
584 1633 636 1665 est
659 1641 701 1664 ex
724 1629 914 1665 Germania
931 1629 1114 1674 superiore
1143 1630 1238 1664 mala
1261 1629 1435 1673 quaedam
1461 1632 1497 1664 et
1524 1629 1726 1665 miseranda
1751 1629 1958 1667 mortalium

351 1690 456 1727 secta,
483 1686 543 1730 qui
568 1686 697 1719 fratres
727 1685 895 1720 cruciferi
922 1687 957 1719 et
983 1685 1220 1729 flagellatores
1246 1685 1478 1720 vocabantur.
1512 1683 1685 1719 Crucibus
1711 1685 1830 1720 rubris
1856 1688 1959 1721 erant

348 1741 481 1785 signati
509 1753 530 1775 a
557 1741 674 1775 fronte
689 1743 724 1775 et
747 1751 767 1774 a
783 1743 896 1784 tergo.
927 1740 1162 1784 Vagabantur
1183 1750 1248 1783 per
1262 1738 1380 1773 varias
1396 1739 1534 1773 classes..
1553 1738 1614 1773 Bis
1629 1750 1666 1774 se
1680 1740 1799 1784 palam
1821 1739 1860 1774 in
1885 1739 1956 1781 die,

350 1796 458 1830 semel
475 1795 512 1830 in
528 1798 632 1829 nocte
648 1795 739 1829 clam
757 1795 870 1829 nudos
886 1795 931 1828 ad
947 1794 1156 1838 sanguinem
1174 1805 1284 1837 usque
1301 1793 1541 1837 flagellabant.
1560 1794 1672 1828 Nemo
1694 1805 1738 1829 ex
1764 1793 1836 1829 illis
1862 1806 1958 1830 men·

350 1851 504 1885 dicabat.
523 1851 636 1885 Nemo
652 1850 690 1884 in
707 1850 924 1884 consortium
941 1850 1195 1884 admittebatur
1210 1848 1355 1883 omnino
1370 1847 1483 1892 inops.
1502 1849 1615 1883 Nemo
1630 1849 1699 1883 nisi
1714 1852 1860 1893 peccata
1874 1861 1960 1886 suae

353 1905 487 1947 uxoris,
513 1905 581 1940 nisi
605 1905 775 1939 iniuriam
803 1916 943 1939 omnem
970 1904 1126 1938 inimicis
1147 1903 1349 1938 remisisset.
1365 1903 1437 1937 Hos
1453 1903 1540 1937 adeo
1566 1905 1649 1938 sunt
1663 1904 1829 1940 admirati
1855 1904 1960 1941 initio

354 1961 535 2002 Germani,
554 1964 594 1995 ut
610 1960 771 1995 certatim
789 1971 911 1995 omnes
925 1960 1058 2003 ubique
1073 1960 1119 1993 ad
1134 1971 1272 1994 mensas
1288 1970 1369 1993 suas
1384 1958 1592 1993 inuitarent.
1619 1958 1687 1994 Sed
1707 1971 1883 2003 nusquam
1906 1960 1960 1995 bis

354 2016 474 2060 pransi
499 2019 579 2050 sunt
606 2018 669 2050 aut
691 2015 821 2050 morati
846 2016 942 2050 ultra
967 2015 1061 2049 diem
1086 2018 1148 2049 aut
1171 2017 1311 2049 noctem
1335 2025 1456 2048 unam.
1475 2013 1598 2058 Coepit
1609 2026 1646 2049 se
1665 2013 1736 2048 illis
1751 2013 1902 2059 iungere
1916 2027 1961 2050 ex

356 2071 452 2105 omni
470 2071 543 2105 fere
559 2070 684 2105 ordine
705 2073 739 2104 et
755 2072 869 2104 aetate
885 2081 1017 2113 magna
1031 2069 1217 2103 hominum
1238 2068 1442 2103 multitudo.
1461 2068 1501 2103 In
1518 2068 1690 2103 Flandria
1711 2080 1747 2103 se
1762 2068 1835 2104 illis
1850 2069 1959 2104 socia-

353 2126 439 2160 bant
453 2128 568 2160 sectae
585 2125 758 2168 quaedam
775 2136 902 2166 nouae,
920 2135 1011 2167 quae
1028 2123 1197 2164 Lollardi,
1215 2123 1350 2158 Cellani
1364 2126 1398 2158 et
1411 2123 1591 2167 Beggardi
1600 2124 1837 2167 vocabantur3
1854 2124 1962 2160 simul

355 2181 551 2216 monachae
567 2181 739 2225 quaedam
757 2192 883 2221 nouae,
903 2191 990 2223 quas
1003 2180 1162 2221 Lutasss)
1177 2191 1219 2214 ea
1235 2180 1436 2223 appellabat
1449 2183 1557 2214 aetas.

399 2236 600 2279 Coeperunt
616 2239 651 2270 et
667 2236 871 2271 concionari
888 2236 982 2279 apud
998 2235 1168 2278 populum
1181 2247 1189 2277 ς
1207 2235 1267 2269 sed
1283 2246 1347 2269 nec
1360 2234 1558 2270 sacerdotes
1569 2245 1635 2269 nec
1647 2233 1883 2279 Evangelium
1895 2246 1962 2269 neo

355 2302 431 2326 rem
455 2290 616 2325 diuinam
633 2290 820 2334 ipsumque
837 2302 965 2334 corpus
982 2289 1124 2324 Domini
1141 2290 1409 2324 reuerebantur.
1429 2288 1503 2324 Soli
1518 2300 1603 2323 suae
1617 2289 1774 2324 fidebant
1787 2288 1959 2324 insaniae.

356 2346 571 2381 Asserebant
593 2345 687 2380 inter
713 2345 785 2379 alia
811 2355 875 2378 sua
901 2343 1040 2385 deliria,
1058 2343 1087 2377 si
1105 2343 1183 2387 quis
1199 2355 1275 2377 eam
1307 2342 1583 2388 flagellationem
1609 2354 1673 2386 per
1696 2342 1772 2377 dies
1799 2343 1961 2379 XXXIII

357 2400 608 2442 continuasset,
627 2399 723 2434 omni
741 2399 891 2434 crimine
913 2410 988 2433 esse
1011 2401 1215 2442 purgatum,
1237 2409 1378 2433 omnem
1405 2397 1459 2432 illi
1485 2408 1634 2442 poenam
1660 2399 1696 2432 et,
1723 2397 1866 2441 culpam
1888 2408 1962 2432 esse

397 2591 442 2631 (1)
458 2589 498 2624 In
515 2601 580 2624 een
597 2589 807 2633 schimplied
823 2589 887 2624 der
903 2591 960 2624 14e
977 2601 1077 2624 eeuw
1092 2589 1193 2624 komt
1207 2587 1265 2623 die
1281 2599 1385 2622 naam
1402 2599 1505 2631 voor3
1522 2587 1583 2622 het
1598 2585 1859 2631 terugkeerend
1873 2586 1961 2621 refe·

348 2642 426 2678 rein
438 2643 530 2678 luidt
541 2655 580 2678 er
594 2655 601 2677 :

884 2698 1007 2732 Peinst
1021 2709 1078 2732 om
1095 2697 1157 2739 mi,
1175 2699 1290 2731 zuster
1312 2697 1413 2730 Lute.

883 2771 926 2777 —
944 2752 1097 2794 Gherne,
1115 2752 1266 2787 broeder
1286 2751 1454 2785 Lollaert.

398 2829 459 2863 Dit
489 2840 569 2864 zeer
596 2829 843 2874 eigenaardig,
876 2829 967 2863 doch
995 2829 1177 2873 geenszins
1206 2828 1410 2872 fatsoenliJk
1435 2827 1508 2862 lied
1536 2826 1633 2861 werd
1658 2826 1747 2861 door
1774 2823 1964 2860 kanunnik

360 2884 491 2918 Carton
521 2895 610 2918 naar
637 2895 702 2918 een
725 2884 949 2920 handschrift
972 2884 1036 2919 der
1060 2885 1115 2918 15e
1138 2894 1238 2918 eeuvs⁷
1260 2883 1474 2928 uitgegeven
1501 2881 1539 2916 in
1564 2882 1654 2927 zijne
1681 2878 1964 2916 Oudeaemsche

354 2937 526 2980 la‘ederen,
543 2939 609 2974 blz.
629 2941 781 2975 156-158.
