<?xml version="1.0" encoding="UTF-8"?>
<!DOCTYPE html PUBLIC "-//W3C//DTD XHTML 1.0 Transitional//EN"
    "http://www.w3.org/TR/xhtml1/DTD/xhtml1-transitional.dtd">
<html xmlns="http://www.w3.org/1999/xhtml" xml:lang="en" lang="en">
 <head>
  <title>
</title>
<meta http-equiv="Content-Type" content="text/html;charset=utf-8" />
  <meta name='ocr-system' content='tesseract 3.04.00' />
  <meta name='ocr-capabilities' content='ocr_page ocr_carea ocr_par ocr_line ocrx_word'/>
</head>
<body>
  <div class='ocr_page' id='page_1' title='image "./corpusdocumentor01fruoft_0569.png"; bbox 0 0 2097 3466; ppageno 0'>
   <div class='ocr_carea' id='block_1_1' title="bbox 665 439 1275 510">
    <p class='ocr_par' dir='ltr' id='par_1_1' title="bbox 665 439 1275 510">
     <span class='ocr_line' id='line_1_1' title="bbox 665 439 1275 510; baseline 0.005 -4"><span class='ocrx_word' id='word_1_1' title='bbox 665 439 1275 510; x_wconf 80' lang='lat' dir='ltr'><strong>AANHANGSEL</strong></span> 
     </span>
    </p>
   </div>
   <div class='ocr_carea' id='block_1_2' title="bbox 935 592 1005 616">
    <p class='ocr_par' dir='ltr' id='par_1_2' title="bbox 935 592 1005 616">
     <span class='ocr_line' id='line_1_2' title="bbox 935 592 1005 616; baseline 0.057 -3"><span class='ocrx_word' id='word_1_2' title='bbox 935 592 956 613; x_wconf 81' lang='lat' dir='ltr'>V</span> <span class='ocrx_word' id='word_1_3' title='bbox 960 594 981 616; x_wconf 67' lang='grc' dir='ltr'>Α</span> <span class='ocrx_word' id='word_1_4' title='bbox 984 592 1005 616; x_wconf 72' lang='lat' dir='ltr'>N</span> 
     </span>
    </p>
   </div>
   <div class='ocr_carea' id='block_1_3' title="bbox 243 693 1701 758">
    <p class='ocr_par' dir='ltr' id='par_1_3' title="bbox 243 693 1701 758">
     <span class='ocr_line' id='line_1_3' title="bbox 243 693 1701 758; baseline 0.003 -15"><span class='ocrx_word' id='word_1_5' title='bbox 243 693 1001 744; x_wconf 86' lang='lat' dir='ltr'>NAGEKOMEN</span> <span class='ocrx_word' id='word_1_6' title='bbox 1108 696 1701 758; x_wconf 80' lang='lat' dir='ltr'>STUKKEN,</span> 
     </span>
    </p>
   </div>
   <div class='ocr_carea' id='block_1_4' title="bbox 945 824 1005 849">
    <p class='ocr_par' dir='ltr' id='par_1_4' title="bbox 945 824 1005 849">
     <span class='ocr_line' id='line_1_4' title="bbox 945 824 1005 849; baseline -0.017 0"><span class='ocrx_word' id='word_1_7' title='bbox 945 824 1005 849; x_wconf 82' lang='lat' dir='ltr'>DIE</span> 
     </span>
    </p>
   </div>
   <div class='ocr_carea' id='block_1_5' title="bbox 377 921 1565 967">
    <p class='ocr_par' dir='ltr' id='par_1_5' title="bbox 377 921 1565 967">
     <span class='ocr_line' id='line_1_5' title="bbox 377 921 1565 967; baseline 0.003 -4"><span class='ocrx_word' id='word_1_8' title='bbox 377 921 675 965; x_wconf 87' lang='lat' dir='ltr'>HIERBOVEN</span> <span class='ocrx_word' id='word_1_9' title='bbox 719 923 928 965; x_wconf 87' lang='lat' dir='ltr'>MOETEN</span> <span class='ocrx_word' id='word_1_10' title='bbox 966 923 1288 966; x_wconf 75' lang='lat' dir='ltr'><strong>INGELASCHT</strong></span> <span class='ocrx_word' id='word_1_11' title='bbox 1322 924 1565 967; x_wconf 85' lang='lat' dir='ltr'>WORDEN.</span> 
     </span>
    </p>
   </div>
   <div class='ocr_carea' id='block_1_6' title="bbox 906 1159 1043 1210">
    <p class='ocr_par' dir='ltr' id='par_1_6' title="bbox 906 1159 1043 1210">
     <span class='ocr_line' id='line_1_6' title="bbox 906 1159 1043 1210; baseline -0.015 0"><span class='ocrx_word' id='word_1_12' title='bbox 906 1159 1043 1210; x_wconf 59' lang='lat' dir='ltr'>64bis.</span> 
     </span>
    </p>
   </div>
   <div class='ocr_carea' id='block_1_7' title="bbox 161 1294 1791 1492">
    <p class='ocr_par' dir='ltr' id='par_1_7' title="bbox 161 1294 1791 1492">
     <span class='ocr_line' id='line_1_7' title="bbox 220 1294 1791 1352; baseline 0.001 -12"><span class='ocrx_word' id='word_1_13' title='bbox 220 1296 359 1348; x_wconf 87' lang='grc'><em>1209,</em></span> <span class='ocrx_word' id='word_1_14' title='bbox 397 1295 556 1338; x_wconf 75' lang='lat' dir='ltr'>Maart</span> <span class='ocrx_word' id='word_1_15' title='bbox 594 1297 672 1347; x_wconf 91' lang='grc'>22,</span> <span class='ocrx_word' id='word_1_16' title='bbox 696 1295 866 1352; x_wconf 67' lang='lat' dir='ltr'>Spiers.</span> <span class='ocrx_word' id='word_1_17' title='bbox 909 1294 1146 1338; x_wconf 77' lang='lat' dir='ltr'>Uittreksel</span> <span class='ocrx_word' id='word_1_18' title='bbox 1184 1295 1248 1337; x_wconf 81' lang='lat' dir='ltr'>uit</span> <span class='ocrx_word' id='word_1_19' title='bbox 1284 1294 1336 1338; x_wconf 89' lang='lat' dir='ltr'>de</span> <span class='ocrx_word' id='word_1_20' title='bbox 1372 1294 1531 1339; x_wconf 83' lang='lat' dir='ltr'>beloste</span> <span class='ocrx_word' id='word_1_21' title='bbox 1567 1296 1671 1340; x_wconf 87' lang='lat' dir='ltr'>door</span> <span class='ocrx_word' id='word_1_22' title='bbox 1706 1297 1791 1342; x_wconf 91' lang='lat' dir='ltr'>den</span> 
     </span>
     <span class='ocr_line' id='line_1_8' title="bbox 161 1364 1788 1424; baseline -0.001 -15"><span class='ocrx_word' id='word_1_23' title='bbox 161 1365 432 1409; x_wconf 88' lang='lat' dir='ltr'>Roomschen</span> <span class='ocrx_word' id='word_1_24' title='bbox 458 1365 622 1421; x_wconf 78' lang='lat' dir='ltr'>koning</span> <span class='ocrx_word' id='word_1_25' title='bbox 643 1365 743 1409; x_wconf 75' lang='lat' dir='ltr'>Otto</span> <span class='ocrx_word' id='word_1_26' title='bbox 764 1366 825 1408; x_wconf 95' lang='lat' dir='ltr'>IV</span> <span class='ocrx_word' id='word_1_27' title='bbox 849 1378 930 1408; x_wconf 81' lang='lat' dir='ltr'>aan</span> <span class='ocrx_word' id='word_1_28' title='bbox 954 1377 1059 1420; x_wconf 87' lang='lat' dir='ltr'>paus</span> <span class='ocrx_word' id='word_1_29' title='bbox 1083 1364 1363 1407; x_wconf 82' lang='lat' dir='ltr'>Innocentius</span> <span class='ocrx_word' id='word_1_30' title='bbox 1385 1365 1445 1407; x_wconf 94' lang='lat' dir='ltr'>III</span> <span class='ocrx_word' id='word_1_31' title='bbox 1464 1366 1596 1409; x_wconf 84' lang='lat' dir='ltr'>onder</span> <span class='ocrx_word' id='word_1_32' title='bbox 1613 1367 1716 1410; x_wconf 88' lang='lat' dir='ltr'>eede</span> <span class='ocrx_word' id='word_1_33' title='bbox 1732 1366 1788 1424; x_wconf 84' lang='lat' dir='ltr'>bij</span> 
     </span>
     <span class='ocr_line' id='line_1_9' title="bbox 161 1433 1445 1492; baseline 0 -15"><span class='ocrx_word' id='word_1_34' title='bbox 161 1435 274 1492; x_wconf 89' lang='lat' dir='ltr'>zijne</span> <span class='ocrx_word' id='word_1_35' title='bbox 291 1434 481 1490; x_wconf 81' lang='lat' dir='ltr'>kroning</span> <span class='ocrx_word' id='word_1_36' title='bbox 502 1434 670 1490; x_wconf 83' lang='lat' dir='ltr'>gedaan</span> <span class='ocrx_word' id='word_1_37' title='bbox 693 1447 796 1476; x_wconf 85' lang='lat' dir='ltr'>over</span> <span class='ocrx_word' id='word_1_38' title='bbox 817 1434 895 1478; x_wconf 79' lang='lat' dir='ltr'>het</span> <span class='ocrx_word' id='word_1_39' title='bbox 917 1433 1130 1477; x_wconf 79' lang='lat' dir='ltr'>uitroeien</span> <span class='ocrx_word' id='word_1_40' title='bbox 1152 1433 1229 1476; x_wconf 86' lang='lat' dir='ltr'>der·</span> <span class='ocrx_word' id='word_1_41' title='bbox 1250 1433 1445 1491; x_wconf 81' lang='lat' dir='ltr'>ketterij.</span> 
     </span>
    </p>
   </div>
   <div class='ocr_carea' id='block_1_8' title="bbox 154 1559 1793 2048">
    <p class='ocr_par' dir='ltr' id='par_1_8' title="bbox 205 1559 952 1603">
     <span class='ocr_line' id='line_1_10' title="bbox 205 1559 952 1603; baseline -0.001 -9"><span class='ocrx_word' id='word_1_42' title='bbox 205 1559 400 1594; x_wconf 74' lang='lat' dir='ltr'>Coronatio</span> <span class='ocrx_word' id='word_1_43' title='bbox 419 1559 601 1594; x_wconf 70' lang='lat' dir='ltr'>Romana.</span> <span class='ocrx_word' id='word_1_44' title='bbox 618 1559 825 1594; x_wconf 80' lang='lat' dir='ltr'>Promissio</span> <span class='ocrx_word' id='word_1_45' title='bbox 841 1560 952 1603; x_wconf 60' lang='lat' dir='ltr'>reglis.</span> 
     </span>
    </p>

    <p class='ocr_par' dir='ltr' id='par_1_9' title="bbox 160 1613 1793 1714">
     <span class='ocr_line' id='line_1_11' title="bbox 199 1613 1793 1658; baseline 0.003 -9"><span class='ocrx_word' id='word_1_46' title='bbox 199 1614 241 1649; x_wconf 96' lang='lat' dir='ltr'>In</span> <span class='ocrx_word' id='word_1_47' title='bbox 256 1613 401 1649; x_wconf 91' lang='lat' dir='ltr'>nomine</span> <span class='ocrx_word' id='word_1_48' title='bbox 416 1618 561 1650; x_wconf 79' lang='lat' dir='ltr'>sanetae</span> <span class='ocrx_word' id='word_1_49' title='bbox 578 1617 611 1650; x_wconf 83' lang='lat' dir='ltr'>et</span> <span class='ocrx_word' id='word_1_50' title='bbox 629 1614 838 1649; x_wconf 78' lang='lat' dir='ltr'>individuae</span> <span class='ocrx_word' id='word_1_51' title='bbox 852 1613 1053 1655; x_wconf 70' lang='lat' dir='ltr'>Trinitatis,</span> <span class='ocrx_word' id='word_1_52' title='bbox 1072 1614 1155 1649; x_wconf 83' lang='lat' dir='ltr'>Otto</span> <span class='ocrx_word' id='word_1_53' title='bbox 1170 1616 1331 1658; x_wconf 76' lang='lat' dir='ltr'>quartus,</span> <span class='ocrx_word' id='word_1_54' title='bbox 1345 1614 1470 1650; x_wconf 84' lang='lat' dir='ltr'>divina</span> <span class='ocrx_word' id='word_1_55' title='bbox 1483 1616 1624 1652; x_wconf 85' lang='lat' dir='ltr'>favente</span> <span class='ocrx_word' id='word_1_56' title='bbox 1639 1617 1793 1653; x_wconf 86' lang='lat' dir='ltr'>elemen-</span> 
     </span>
     <span class='ocr_line' id='line_1_12' title="bbox 160 1669 966 1714; baseline -0.001 -10"><span class='ocrx_word' id='word_1_57' title='bbox 160 1669 211 1704; x_wconf 81' lang='lat' dir='ltr'>tia</span> <span class='ocrx_word' id='word_1_58' title='bbox 228 1669 478 1704; x_wconf 84' lang='lat' dir='ltr'>Romanorum</span> <span class='ocrx_word' id='word_1_59' title='bbox 494 1682 558 1704; x_wconf 80' lang='lat' dir='ltr'>rex</span> <span class='ocrx_word' id='word_1_60' title='bbox 574 1673 609 1705; x_wconf 84' lang='lat' dir='ltr'>et</span> <span class='ocrx_word' id='word_1_61' title='bbox 625 1681 764 1713; x_wconf 68' lang='lat' dir='ltr'>semper</span> <span class='ocrx_word' id='word_1_62' title='bbox 779 1672 966 1714; x_wconf 74' lang='lat' dir='ltr'>augustus.</span> 
     </span>
    </p>

    <p class='ocr_par' dir='ltr' id='par_1_10' title="bbox 154 1725 1793 1938">
     <span class='ocr_line' id='line_1_13' title="bbox 274 1725 1793 1773; baseline 0.001 -11.911"><span class='ocrx_word' id='word_1_63' title='bbox 274 1725 431 1761; x_wconf 86' lang='lat' dir='ltr'>Proinde</span> <span class='ocrx_word' id='word_1_64' title='bbox 448 1725 560 1768; x_wconf 83' lang='lat' dir='ltr'>vobis,</span> <span class='ocrx_word' id='word_1_65' title='bbox 576 1725 872 1761; x_wconf 76' lang='lat' dir='ltr'>reverendissime</span> <span class='ocrx_word' id='word_1_66' title='bbox 900 1728 1002 1769; x_wconf 79' lang='lat' dir='ltr'>pater</span> <span class='ocrx_word' id='word_1_67' title='bbox 1026 1728 1060 1760; x_wconf 74' lang='lat' dir='ltr'>et</span> <span class='ocrx_word' id='word_1_68' title='bbox 1084 1725 1228 1761; x_wconf 88' lang='lat' dir='ltr'>domine</span> <span class='ocrx_word' id='word_1_69' title='bbox 1245 1738 1383 1762; x_wconf 79' lang='lat' dir='ltr'>summe</span> <span class='ocrx_word' id='word_1_70' title='bbox 1407 1727 1567 1772; x_wconf 78' lang='lat' dir='ltr'>pontifex</span> <span class='ocrx_word' id='word_1_71' title='bbox 1591 1728 1793 1773; x_wconf 74' lang='lat' dir='ltr'>Innocenti,</span> 
     </span>
     <span class='ocr_line' id='line_1_14' title="bbox 155 1780 1789 1826; baseline 0.003 -11"><span class='ocrx_word' id='word_1_72' title='bbox 155 1793 244 1826; x_wconf 81' lang='lat' dir='ltr'>quos</span> <span class='ocrx_word' id='word_1_73' title='bbox 260 1793 325 1825; x_wconf 85' lang='lat' dir='ltr'>pro</span> <span class='ocrx_word' id='word_1_74' title='bbox 340 1781 464 1816; x_wconf 80' lang='lat' dir='ltr'>multis</span> <span class='ocrx_word' id='word_1_75' title='bbox 481 1781 663 1816; x_wconf 79' lang='lat' dir='ltr'>benefieiis</span> <span class='ocrx_word' id='word_1_76' title='bbox 682 1781 784 1816; x_wconf 84' lang='lat' dir='ltr'>nobis</span> <span class='ocrx_word' id='word_1_77' title='bbox 799 1780 963 1824; x_wconf 74' lang='lat' dir='ltr'>expensis</span> <span class='ocrx_word' id='word_1_78' title='bbox 989 1780 1231 1816; x_wconf 75' lang='lat' dir='ltr'>sincerissimo</span> <span class='ocrx_word' id='word_1_79' title='bbox 1248 1794 1464 1818; x_wconf 80' lang='lat' dir='ltr'>veneramur</span> <span class='ocrx_word' id='word_1_80' title='bbox 1486 1784 1629 1826; x_wconf 80' lang='lat' dir='ltr'>affeetu,</span> <span class='ocrx_word' id='word_1_81' title='bbox 1648 1785 1789 1820; x_wconf 81' lang='lat' dir='ltr'>vestris-</span> 
     </span>
     <span class='ocr_line' id='line_1_15' title="bbox 154 1835 1791 1882; baseline 0.002 -11"><span class='ocrx_word' id='word_1_82' title='bbox 154 1850 223 1882; x_wconf 82' lang='lat' dir='ltr'>que</span> <span class='ocrx_word' id='word_1_83' title='bbox 241 1837 428 1873; x_wconf 78' lang='lat' dir='ltr'>catholicis</span> <span class='ocrx_word' id='word_1_84' title='bbox 445 1836 710 1872; x_wconf 74' lang='lat' dir='ltr'>suecessoribus</span> <span class='ocrx_word' id='word_1_85' title='bbox 726 1840 761 1871; x_wconf 84' lang='lat' dir='ltr'>et</span> <span class='ocrx_word' id='word_1_86' title='bbox 785 1835 958 1871; x_wconf 75' lang='lat' dir='ltr'>ecelesiae</span> <span class='ocrx_word' id='word_1_87' title='bbox 978 1836 1165 1871; x_wconf 79' lang='lat' dir='ltr'>Romanae</span> <span class='ocrx_word' id='word_1_88' title='bbox 1181 1849 1323 1872; x_wconf 91' lang='lat' dir='ltr'>omnem</span> <span class='ocrx_word' id='word_1_89' title='bbox 1340 1838 1594 1881; x_wconf 83' lang='lat' dir='ltr'>obedientiam,</span> <span class='ocrx_word' id='word_1_90' title='bbox 1619 1839 1791 1875; x_wconf 86' lang='lat' dir='ltr'>honorifi-</span> 
     </span>
     <span class='ocr_line' id='line_1_16' title="bbox 156 1891 1716 1938; baseline 0.001 -10"><span class='ocrx_word' id='word_1_91' title='bbox 156 1893 312 1929; x_wconf 74' lang='lat' dir='ltr'>centiam</span> <span class='ocrx_word' id='word_1_92' title='bbox 324 1896 359 1929; x_wconf 79' lang='lat' dir='ltr'>et</span> <span class='ocrx_word' id='word_1_93' title='bbox 378 1891 617 1928; x_wconf 81' lang='lat' dir='ltr'>reverentiam</span> <span class='ocrx_word' id='word_1_94' title='bbox 634 1903 774 1936; x_wconf 78' lang='lat' dir='ltr'>semper</span> <span class='ocrx_word' id='word_1_95' title='bbox 789 1891 920 1926; x_wconf 88' lang='lat' dir='ltr'>humili</span> <span class='ocrx_word' id='word_1_96' title='bbox 937 1892 1047 1926; x_wconf 87' lang='lat' dir='ltr'>eorde</span> <span class='ocrx_word' id='word_1_97' title='bbox 1064 1903 1105 1925; x_wconf 80' lang='lat' dir='ltr'>ae</span> <span class='ocrx_word' id='word_1_98' title='bbox 1122 1892 1251 1927; x_wconf 81' lang='lat' dir='ltr'>devoto</span> <span class='ocrx_word' id='word_1_99' title='bbox 1267 1892 1397 1936; x_wconf 82' lang='lat' dir='ltr'>spiritu</span> <span class='ocrx_word' id='word_1_100' title='bbox 1413 1893 1716 1938; x_wconf 83' lang='lat' dir='ltr'>impendemus....</span> 
     </span>
    </p>

    <p class='ocr_par' dir='ltr' id='par_1_11' title="bbox 154 1945 1792 2048">
     <span class='ocr_line' id='line_1_17' title="bbox 199 1945 1792 1992; baseline 0.002 -9"><span class='ocrx_word' id='word_1_101' title='bbox 199 1948 316 1992; x_wconf 88' lang='lat' dir='ltr'>Super</span> <span class='ocrx_word' id='word_1_102' title='bbox 343 1947 560 1983; x_wconf 76' lang='lat' dir='ltr'>eradicando</span> <span class='ocrx_word' id='word_1_103' title='bbox 591 1949 712 1981; x_wconf 80' lang='lat' dir='ltr'>autem</span> <span class='ocrx_word' id='word_1_104' title='bbox 742 1945 946 1982; x_wconf 77' lang='lat' dir='ltr'>haereticae</span> <span class='ocrx_word' id='word_1_105' title='bbox 980 1946 1168 1989; x_wconf 64' lang='lat' dir='ltr'>pravitatis</span> <span class='ocrx_word' id='word_1_106' title='bbox 1200 1958 1322 1982; x_wconf 84' lang='lat' dir='ltr'>errore</span> <span class='ocrx_word' id='word_1_107' title='bbox 1354 1948 1532 1985; x_wconf 67' lang='lat' dir='ltr'>auxilium</span> <span class='ocrx_word' id='word_1_108' title='bbox 1561 1950 1727 1986; x_wconf 76' lang='lat' dir='ltr'>dabimus</span> <span class='ocrx_word' id='word_1_109' title='bbox 1757 1953 1792 1986; x_wconf 76' lang='lat' dir='ltr'>et</span> 
     </span>
     <span class='ocr_line' id='line_1_18' title="bbox 154 2004 512 2048; baseline -0.006 -10"><span class='ocrx_word' id='word_1_110' title='bbox 154 2015 300 2048; x_wconf 83' lang='lat' dir='ltr'>operam</span> <span class='ocrx_word' id='word_1_111' title='bbox 317 2004 512 2039; x_wconf 82' lang='lat' dir='ltr'>efficacem.</span> 
     </span>
    </p>
   </div>
   <div class='ocr_carea' id='block_1_9' title="bbox 507 2077 1527 2122">
    <p class='ocr_par' dir='ltr' id='par_1_12' title="bbox 507 2077 1527 2122">
     <span class='ocr_line' id='line_1_19' title="bbox 507 2077 1527 2122; baseline 0.004 -8"><span class='ocrx_word' id='word_1_112' title='bbox 507 2079 626 2120; x_wconf 78' lang='lat' dir='ltr'>Pertz,</span> <span class='ocrx_word' id='word_1_113' title='bbox 647 2079 904 2120; x_wconf 61' lang='lat' dir='ltr'>Monzcmmzta,</span> <span class='ocrx_word' id='word_1_114' title='bbox 923 2077 1049 2122; x_wconf 46' lang='lat' dir='ltr'>Leve&amp;</span> <span class='ocrx_word' id='word_1_115' title='bbox 1067 2079 1145 2116; x_wconf 85' lang='lat' dir='ltr'>decl</span> <span class='ocrx_word' id='word_1_116' title='bbox 1162 2079 1208 2121; x_wconf 84' lang='grc' dir='ltr'>ΙΙ,</span> <span class='ocrx_word' id='word_1_117' title='bbox 1227 2081 1293 2116; x_wconf 89' lang='lat' dir='ltr'>blz.</span> <span class='ocrx_word' id='word_1_118' title='bbox 1313 2084 1375 2118; x_wconf 77' lang='lat'><strong>:216</strong></span> <span class='ocrx_word' id='word_1_119' title='bbox 1391 2094 1436 2118; x_wconf 90' lang='lat' dir='ltr'>en</span> <span class='ocrx_word' id='word_1_120' title='bbox 1452 2085 1527 2119; x_wconf 80' lang='lat'><strong>217.</strong></span> 
     </span>
    </p>
   </div>
   <div class='ocr_carea' id='block_1_10' title="bbox 904 2202 1040 2251">
    <p class='ocr_par' dir='ltr' id='par_1_13' title="bbox 904 2202 1040 2251">
     <span class='ocr_line' id='line_1_20' title="bbox 904 2202 1040 2251; baseline 0 0"><span class='ocrx_word' id='word_1_121' title='bbox 904 2202 1040 2251; x_wconf 53' lang='lat'>64‘02</span> 
     </span>
    </p>
   </div>
   <div class='ocr_carea' id='block_1_11' title="bbox 153 2333 1792 2656">
    <p class='ocr_par' dir='ltr' id='par_1_14' title="bbox 153 2333 1792 2656">
     <span class='ocr_line' id='line_1_21' title="bbox 218 2333 1791 2392; baseline 0.004 -15"><span class='ocrx_word' id='word_1_122' title='bbox 218 2335 358 2386; x_wconf 86' lang='grc'><em>1210,</em></span> <span class='ocrx_word' id='word_1_123' title='bbox 381 2334 540 2378; x_wconf 71' lang='grc' dir='ltr'><em>Μαανι</em></span> <span class='ocrx_word' id='word_1_124' title='bbox 562 2333 641 2386; x_wconf 87' lang='grc'>25,</span> <span class='ocrx_word' id='word_1_125' title='bbox 669 2334 916 2392; x_wconf 74' lang='lat' dir='ltr'>(Ferrara)</span> <span class='ocrx_word' id='word_1_126' title='bbox 939 2333 1021 2391; x_wconf 88' lang='lat'>(1).</span> <span class='ocrx_word' id='word_1_127' title='bbox 1049 2333 1171 2376; x_wconf 85' lang='lat' dir='ltr'>Brief</span> <span class='ocrx_word' id='word_1_128' title='bbox 1187 2347 1270 2377; x_wconf 83' lang='lat' dir='ltr'>van</span> <span class='ocrx_word' id='word_1_129' title='bbox 1305 2334 1450 2378; x_wconf 86' lang='lat' dir='ltr'>keizer</span> <span class='ocrx_word' id='word_1_130' title='bbox 1481 2336 1583 2380; x_wconf 85' lang='lat' dir='ltr'>Otto</span> <span class='ocrx_word' id='word_1_131' title='bbox 1615 2338 1677 2381; x_wconf 95' lang='lat' dir='ltr'>IV</span> <span class='ocrx_word' id='word_1_132' title='bbox 1708 2353 1791 2383; x_wconf 86' lang='lat' dir='ltr'>aan</span> 
     </span>
     <span class='ocr_line' id='line_1_22' title="bbox 154 2403 1792 2461; baseline 0.003 -15"><span class='ocrx_word' id='word_1_133' title='bbox 154 2403 237 2446; x_wconf 90' lang='lat' dir='ltr'>den</span> <span class='ocrx_word' id='word_1_134' title='bbox 274 2403 475 2460; x_wconf 87' lang='lat' dir='ltr'>bissehop</span> <span class='ocrx_word' id='word_1_135' title='bbox 510 2417 595 2447; x_wconf 85' lang='lat' dir='ltr'>van</span> <span class='ocrx_word' id='word_1_136' title='bbox 636 2403 787 2461; x_wconf 74' lang='lat' dir='ltr'>TuriJn</span> <span class='ocrx_word' id='word_1_137' title='bbox 821 2417 925 2446; x_wconf 83' lang='lat' dir='ltr'>over</span> <span class='ocrx_word' id='word_1_138' title='bbox 962 2403 1038 2446; x_wconf 83' lang='lat' dir='ltr'>het</span> <span class='ocrx_word' id='word_1_139' title='bbox 1060 2403 1296 2459; x_wconf 80' lang='lat' dir='ltr'>vervolgen</span> <span class='ocrx_word' id='word_1_140' title='bbox 1331 2404 1408 2447; x_wconf 89' lang='lat' dir='ltr'>der</span> <span class='ocrx_word' id='word_1_141' title='bbox 1431 2406 1614 2450; x_wconf 82' lang='lat' dir='ltr'>ketters.</span> <span class='ocrx_word' id='word_1_142' title='bbox 1657 2432 1711 2439; x_wconf 91' lang='lat'>—</span> <span class='ocrx_word' id='word_1_143' title='bbox 1732 2409 1792 2452; x_wconf 93' lang='lat' dir='ltr'>De</span> 
     </span>
     <span class='ocr_line' id='line_1_23' title="bbox 155 2471 1791 2530; baseline 0.004 -16"><span class='ocrx_word' id='word_1_144' title='bbox 155 2472 301 2515; x_wconf 85' lang='lat' dir='ltr'>keizer</span> <span class='ocrx_word' id='word_1_145' title='bbox 325 2472 550 2515; x_wconf 81' lang='lat' dir='ltr'>verklaart</span> <span class='ocrx_word' id='word_1_146' title='bbox 575 2472 710 2515; x_wconf 85' lang='lat' dir='ltr'>onder</span> <span class='ocrx_word' id='word_1_147' title='bbox 733 2473 942 2524; x_wconf 85' lang='lat' dir='ltr'>anderen,</span> <span class='ocrx_word' id='word_1_148' title='bbox 967 2471 1042 2515; x_wconf 82' lang='lat' dir='ltr'>dat</span> <span class='ocrx_word' id='word_1_149' title='bbox 1065 2472 1122 2530; x_wconf 91' lang='lat' dir='ltr'>hij</span> <span class='ocrx_word' id='word_1_150' title='bbox 1144 2477 1241 2518; x_wconf 83' lang='lat' dir='ltr'><strong>vast</strong></span> <span class='ocrx_word' id='word_1_151' title='bbox 1264 2473 1457 2518; x_wconf 85' lang='lat' dir='ltr'>besloten</span> <span class='ocrx_word' id='word_1_152' title='bbox 1481 2475 1517 2518; x_wconf 89' lang='lat' dir='ltr'>is</span> <span class='ocrx_word' id='word_1_153' title='bbox 1549 2475 1589 2518; x_wconf 85' lang='lat' dir='ltr'>al</span> <span class='ocrx_word' id='word_1_154' title='bbox 1613 2475 1665 2519; x_wconf 94' lang='lat' dir='ltr'>de</span> <span class='ocrx_word' id='word_1_155' title='bbox 1696 2476 1791 2520; x_wconf 83' lang='lat' dir='ltr'>ket-</span> 
     </span>
     <span class='ocr_line' id='line_1_24' title="bbox 153 2540 1792 2602; baseline 0.003 -18"><span class='ocrx_word' id='word_1_156' title='bbox 153 2544 247 2585; x_wconf 84' lang='lat' dir='ltr'>ters</span> <span class='ocrx_word' id='word_1_157' title='bbox 271 2555 357 2584; x_wconf 84' lang='lat' dir='ltr'>van</span> <span class='ocrx_word' id='word_1_158' title='bbox 381 2541 456 2585; x_wconf 85' lang='lat' dir='ltr'>het</span> <span class='ocrx_word' id='word_1_159' title='bbox 480 2541 582 2599; x_wconf 85' lang='lat' dir='ltr'>Rijk</span> <span class='ocrx_word' id='word_1_160' title='bbox 618 2544 771 2598; x_wconf 80' lang='lat' dir='ltr'>streng</span> <span class='ocrx_word' id='word_1_161' title='bbox 794 2545 838 2585; x_wconf 83' lang='lat' dir='ltr'>te</span> <span class='ocrx_word' id='word_1_162' title='bbox 872 2540 1068 2584; x_wconf 82' lang='lat' dir='ltr'>straffen.</span> <span class='ocrx_word' id='word_1_163' title='bbox 1096 2543 1146 2584; x_wconf 92' lang='lat' dir='ltr'>In</span> <span class='ocrx_word' id='word_1_164' title='bbox 1169 2543 1255 2600; x_wconf 78' lang='lat' dir='ltr'>ziJn</span> <span class='ocrx_word' id='word_1_165' title='bbox 1277 2542 1440 2588; x_wconf 88' lang='lat' dir='ltr'>bisdom</span> <span class='ocrx_word' id='word_1_166' title='bbox 1461 2546 1527 2589; x_wconf 79' lang='lat' dir='ltr'>zal</span> <span class='ocrx_word' id='word_1_167' title='bbox 1550 2544 1602 2588; x_wconf 91' lang='lat' dir='ltr'>de</span> <span class='ocrx_word' id='word_1_168' title='bbox 1623 2546 1792 2602; x_wconf 82' lang='lat' dir='ltr'>prelaat</span> 
     </span>
     <span class='ocr_line' id='line_1_25' title="bbox 154 2611 1200 2656; baseline 0.001 -3"><span class='ocrx_word' id='word_1_169' title='bbox 154 2611 206 2654; x_wconf 91' lang='lat' dir='ltr'>de</span> <span class='ocrx_word' id='word_1_170' title='bbox 233 2611 507 2656; x_wconf 81' lang='lat' dir='ltr'>Waldenzen</span> <span class='ocrx_word' id='word_1_171' title='bbox 526 2624 579 2654; x_wconf 93' lang='lat' dir='ltr'>en</span> <span class='ocrx_word' id='word_1_172' title='bbox 599 2611 759 2654; x_wconf 85' lang='lat' dir='ltr'>andere</span> <span class='ocrx_word' id='word_1_173' title='bbox 783 2612 951 2655; x_wconf 81' lang='lat' dir='ltr'>ketters</span> <span class='ocrx_word' id='word_1_174' title='bbox 974 2611 1200 2655; x_wconf 84' lang='lat' dir='ltr'>uitroeien.</span> 
     </span>
    </p>
   </div>
   <div class='ocr_carea' id='block_1_12' title="bbox 154 2734 1792 2834">
    <p class='ocr_par' dir='ltr' id='par_1_15' title="bbox 154 2734 1792 2834">
     <span class='ocr_line' id='line_1_26' title="bbox 199 2734 1792 2781; baseline 0.003 -11"><span class='ocrx_word' id='word_1_175' title='bbox 199 2736 296 2776; x_wconf 84' lang='lat' dir='ltr'>Otto,</span> <span class='ocrx_word' id='word_1_176' title='bbox 325 2734 390 2770; x_wconf 89' lang='lat' dir='ltr'>Dei</span> <span class='ocrx_word' id='word_1_177' title='bbox 417 2734 537 2779; x_wconf 81' lang='lat' dir='ltr'>gratia</span> <span class='ocrx_word' id='word_1_178' title='bbox 562 2735 810 2770; x_wconf 84' lang='lat' dir='ltr'>Romanorum</span> <span class='ocrx_word' id='word_1_179' title='bbox 846 2735 1044 2780; x_wconf 84' lang='lat' dir='ltr'>imperator</span> <span class='ocrx_word' id='word_1_180' title='bbox 1074 2747 1214 2780; x_wconf 84' lang='lat' dir='ltr'>semper</span> <span class='ocrx_word' id='word_1_181' title='bbox 1237 2739 1423 2781; x_wconf 73' lang='lat' dir='ltr'>augustus,</span> <span class='ocrx_word' id='word_1_182' title='bbox 1448 2736 1580 2773; x_wconf 84' lang='lat' dir='ltr'>dilecto</span> <span class='ocrx_word' id='word_1_183' title='bbox 1608 2737 1704 2774; x_wconf 69' lang='lat' dir='ltr'>fideli·</span> <span class='ocrx_word' id='word_1_184' title='bbox 1729 2750 1792 2773; x_wconf 78' lang='lat' dir='ltr'>suo</span> 
     </span>
     <span class='ocr_line' id='line_1_27' title="bbox 154 2789 1319 2834; baseline 0.001 -9"><span class='ocrx_word' id='word_1_185' title='bbox 154 2791 324 2834; x_wconf 78' lang='lat' dir='ltr'>episeopo</span> <span class='ocrx_word' id='word_1_186' title='bbox 345 2789 574 2831; x_wconf 69' lang='lat' dir='ltr'>Tanrinensi,</span> <span class='ocrx_word' id='word_1_187' title='bbox 594 2790 751 2834; x_wconf 82' lang='lat' dir='ltr'>gratiam</span> <span class='ocrx_word' id='word_1_188' title='bbox 768 2803 870 2826; x_wconf 74' lang='lat' dir='ltr'>suam</span> <span class='ocrx_word' id='word_1_189' title='bbox 887 2794 921 2827; x_wconf 84' lang='lat' dir='ltr'>et</span> <span class='ocrx_word' id='word_1_190' title='bbox 939 2793 1069 2827; x_wconf 81' lang='lat' dir='ltr'>bonam</span> <span class='ocrx_word' id='word_1_191' title='bbox 1085 2792 1319 2827; x_wconf 74' lang='lat' dir='ltr'>voluntatem.</span> 
     </span>
    </p>
   </div>
   <div class='ocr_carea' id='block_1_13' title="bbox 199 2934 1652 2982">
    <p class='ocr_par' dir='ltr' id='par_1_16' title="bbox 199 2934 1652 2982">
     <span class='ocr_line' id='line_1_28' title="bbox 199 2934 1652 2982; baseline 0.003 -14"><span class='ocrx_word' id='word_1_192' title='bbox 199 2935 245 2976; x_wconf 88' lang='lat' dir='ltr'>(l)</span> <span class='ocrx_word' id='word_1_193' title='bbox 268 2934 381 2970; x_wconf 72' lang='lat' dir='ltr'>Aldus</span> <span class='ocrx_word' id='word_1_194' title='bbox 398 2934 670 2978; x_wconf 72' lang='lat' dir='ltr'>gedagteekend</span> <span class='ocrx_word' id='word_1_195' title='bbox 689 2936 736 2978; x_wconf 86' lang='lat' dir='ltr'>bij</span> <span class='ocrx_word' id='word_1_196' title='bbox 757 2936 947 2978; x_wconf 87' lang='lat' dir='ltr'>Boehmer,</span> <span class='ocrx_word' id='word_1_197' title='bbox 965 2937 1117 2980; x_wconf 61' lang='lat' dir='ltr'>Rqrsesta</span> <span class='ocrx_word' id='word_1_198' title='bbox 1136 2939 1296 2982; x_wconf 74' lang='lat' dir='ltr'>imperii,</span> <span class='ocrx_word' id='word_1_199' title='bbox 1316 2938 1394 2974; x_wconf 85' lang='lat' dir='ltr'>decl</span> <span class='ocrx_word' id='word_1_200' title='bbox 1408 2937 1451 2980; x_wconf 90' lang='lat' dir='ltr'>V,</span> <span class='ocrx_word' id='word_1_201' title='bbox 1471 2937 1536 2972; x_wconf 88' lang='lat' dir='ltr'>blz.</span> <span class='ocrx_word' id='word_1_202' title='bbox 1557 2939 1630 2973; x_wconf 88' lang='lat'>110.</span> <span class='ocrx_word' id='word_1_203' title='bbox 1648 2948 1652 2952; x_wconf 88' lang='grc'><strong>’</strong></span> 
     </span>
    </p>
   </div>
  </div>
 </body>
</html>
