2097 3466
866 216 998 252 ANNO
1026 218 1124 252 1374
1749 223 1808 256 231

173 313 414 350 communiter
445 313 502 348 vel
524 308 669 347 divisim
693 322 714 346 a
738 310 820 347 sede
836 310 1034 355 apostolica
1050 311 1096 348 sit
1113 311 1309 356 indultum,
1329 314 1424 358 quod
1441 314 1621 357 interdici,
1640 316 1807 360 suspendi

171 369 228 404 vel
251 367 558 404 excommunicari
584 379 656 402 non
680 366 816 411 possint
843 378 907 410 per
930 366 1053 402 literas
1078 368 1293 411 apostolicas
1311 380 1382 404 non
1409 370 1580 406 facientes
1605 371 1747 414 plenam
1772 376 1807 407 et

169 435 373 468 expressam
391 434 434 457 ac
450 422 493 456 de
510 423 618 457 verbo
635 422 680 457 ad
697 422 847 457 verbum
864 422 907 456 de
924 422 1065 458 indulto
1082 423 1288 466 hujusmodi
1312 425 1542 460 mentionem.

214 479 347 513 Datum
364 477 561 518 Avenione,
582 476 648 511 VII
666 475 746 511 idus
763 475 910 519 Aprilis,
932 476 1163 520 pontificatus
1180 478 1293 513 nostri
1311 490 1406 513 aimo
1424 483 1563 522 quarto.
1600 466 1613 530 ᾗ

214 535 259 569 Et
282 545 350 578 ego
375 533 564 573 Rudolfus,
583 532 701 567 dietus
725 532 768 567 de
793 532 958 575 Rynach,
977 532 1130 567 clericus
1154 533 1438 569 Constansiensis
1465 525 1648 576 dioecesis,
1667 537 1804 580 Argen-

167 590 265 626 tinae
281 600 518 629 commorans,
535 587 700 632 publicus
718 587 895 631 imperiali
914 588 1131 623 auctoritate
1150 601 1193 623 ae
1210 589 1333 625 curiae
1350 590 1624 634 Argentinensis
1642 592 1802 626 notarius

161 646 320 689 juratus,
354 643 439 688 quia
467 643 646 678 dictarum
670 642 859 677 literarum
897 643 1177 686 apostolicarum
1205 644 1417 679 exhibitioni
1445 648 1479 679 et.
1511 647 1801 689 praesentationi,

165 699 377 740 assuntioni‚
397 697 562 742 petitioni
587 701 622 732 et
645 697 779 733 decreti
808 698 1075 741 interpositioni
1109 699 1346 744 omnibusque
1371 704 1406 735 et
1429 700 1582 744 singulis
1598 701 1679 735 aliis
1704 714 1802 745 prae-

164 754 294 796 missis,
327 755 413 789 dum
442 756 482 788 ut
513 752 769 797 praemittitur,
800 764 863 796 per
889 752 1028 788 dietum
1060 753 1247 788 dominum
1293 755 1482 790 officialem
1523 760 1558 791 et
1600 769 1720 791 ceram
1760 770 1802 792 eo

164 813 325 854 tempore
340 812 376 844 et
396 810 475 843 loco
492 807 685 852 praedictis
717 810 913 852 agerentur
936 812 971 843 et
995 809 1134 849 fierent,
1151 821 1223 844 una
1240 821 1322 844 cum
1348 811 1627 854 praenominatis
1652 812 1801 847 testibus

164 876 331 910 praesens
353 864 406 899 fui
438 864 586 907 ipsaque
602 862 654 896 sie
671 862 749 896 fieri
767 862 841 896 vidi
865 866 900 897 et
925 863 1060 904 audivi,
1086 863 1223 898 ideireo
1239 865 1308 899 hoe
1333 876 1498 908 praesens
1515 869 1799 911 transsumptum

163 933 206 956 ex
223 919 452 964 praescriptis
476 919 591 955 literis
619 919 860 963 originalibus
884 920 927 954 de
952 921 1121 955 mandato
1139 921 1298 965 ejusdem
1316 921 1454 956 domini
1479 923 1643 958 officialis
1667 924 1802 968 sumpsi

162 979 198 1011 et
225 974 377 1019 explevi,
411 987 521 1010 manu
550 987 629 1009 mea
662 974 810 1019 propria
841 975 968 1019 scripsi
1011 979 1046 1010 et
1073 975 1111 1010 in
1145 976 1239 1010 hane
1271 977 1423 1011 formam
1452 978 1575 1022 redegi
1607 978 1800 1022 publicam,

161 1031 350 1075 ipsumque
366 1033 651 1074 transsumptum
668 1041 750 1063 eum
768 1029 1013 1074 originalibus
1031 1030 1149 1065 literis
1166 1030 1359 1074 praedietis
1376 1031 1570 1076 diligenter
1586 1034 1800 1069 conferendo

160 1085 361 1120 auscultavi
385 1085 561 1130 signoque
584 1095 663 1119 meo
691 1083 796 1118 solito
824 1087 860 1119 et
887 1087 1057 1120 consueto
1087 1097 1160 1119 una
1189 1097 1270 1120 eum
1300 1087 1518 1130 appensione
1545 1088 1658 1133 sigilli
1682 1089 1800 1124 dietae

160 1140 284 1176 curiae
307 1140 461 1185 signavi,
489 1140 527 1175 in
554 1139 801 1175 testimonium
825 1139 988 1175 omnium
1023 1144 1058 1175 et
1093 1141 1321 1185 singulorum
1348 1142 1626 1185 praemissorum
1650 1148 1798 1189 rogatus

159 1198 194 1232 et
209 1207 273 1242 per
288 1195 403 1232 dictos
420 1195 632 1236 Henrimim,
649 1194 882 1236 Dieterieum,
904 1195 1072 1231 Ottonem
1088 1199 1122 1232 et
1140 1196 1332 1242 Hugonem
1352 1196 1529 1233 instanter
1544 1198 1750 1243 requisitus

506 1273 697 1316 Mosheim,
716 1274 783 1309 blz.
802 1275 959 1309 394-398.

912 1391 1024 1436 221.

217 1509 356 1560 1374,
384 1509 533 1561 Aken,
566 1509 695 1560 Luik,
733 1510 1055 1568 Heneyozcwen
1078 1524 1132 1553 en
1158 1510 1430 1566 Frankrz‘jk.
1458 1510 1698 1554 Uittreksel
1727 1511 1792 1554 uit

154 1592 259 1622 eene
286 1580 388 1623 Vita
412 1577 627 1635 Greyorz'z‘
644 1580 716 1622 XI
734 1593 819 1622 van
840 1579 923 1622 den
947 1579 1267 1637 gelijktijdigen
1293 1579 1475 1623 monnik
1499 1594 1585 1623 van
1607 1580 1641 1622 F
1645 1579 1792 1623 loreffe

153 1647 227 1706 (bij
261 1649 449 1701 Namen)
473 1649 621 1692 Pieter
641 1662 726 1691 van
751 1649 1018 1692 Herenthals
1052 1648 1100 1706 (†
1129 1648 1261 1707 1390)
1285 1663 1388 1693 ever
1420 1663 1526 1693 eene
1558 1652 1674 1693 seete
1706 1663 1792 1692 van

151 1716 358 1760 bezetene
379 1719 569 1761 Dansers
593 1731 647 1761 en
670 1718 941 1769 Geeselaars,
965 1718 1033 1761 die
1056 1721 1100 1761 te
1124 1718 1232 1761 Luik
1256 1718 1361 1762 door
1384 1718 1434 1762 de
1459 1718 1791 1776 geestelijkheid

151 1787 420 1830 onderdrukt
431 1787 626 1840 werden,
642 1787 777 1830 nadat
794 1787 830 1830 zi
829 1788 846 1844 j
865 1787 916 1830 de
930 1788 1139 1844 priesters
1152 1788 1323 1831 hadden
1335 1788 1482 1831 willen
1497 1788 1789 1832 uitmoorden.

149 1881 206 1887 —
225 1856 300 1899 Uit
321 1856 447 1899 Aken
467 1856 747 1912 verspreidde
770 1857 863 1899 zich
883 1857 950 1899 die
969 1860 1086 1900 seete
1109 1870 1214 1900 over
1230 1857 1281 1900 de
1300 1857 1606 1901 Nederlanden
1622 1860 1689 1901 tot
1705 1873 1789 1902 aan

148 1925 462 1981 Henegouwen
486 1940 539 1968 en
563 1926 817 1983 Frankrijk.
834 1927 893 1969 De
911 1927 1189 1983 aanhangers
1207 1927 1300 1970 dier
1323 1930 1439 1970 seete
1455 1927 1604 1984 riepen
1621 1927 1786 1970 duivels

146 2008 245 2046 aan,
283 1995 469 2039 dansten
509 1995 626 2038 hand
660 2009 743 2038 aan
789 1995 921 2048 hand,
962 2009 1180 2052 sprongen
1214 1996 1257 2039 in
1290 1996 1342 2040 de
1374 1998 1534 2053 hoogte
1568 2010 1621 2039 en
1663 1997 1788 2040 leden

146 2066 300 2119 groote
324 2064 486 2121 pijnen.
517 2065 575 2107 Te
597 2065 706 2108 Luik
729 2065 906 2107 werden
925 2066 977 2122 zij
1005 2065 1110 2109 door
1128 2065 1179 2108 de
1195 2065 1503 2122 bezweringen
1522 2065 1598 2108 der
1615 2070 1784 2122 geeste-

145 2132 326 2190 lijkheid
360 2147 444 2176 van
479 2133 563 2176 den
598 2134 742 2176 duivel
768 2133 938 2192 bevrijd
971 2148 1023 2177 en
1057 2148 1264 2191 genezen.
1294 2136 1381 2178 Het
1403 2135 1503 2178 volk
1526 2135 1659 2191 zegde
1683 2135 1788 2178 daar

145 2205 276 2254 eerst‚
323 2202 397 2245 dat
437 2203 503 2246 die
536 2203 666 2259 plaag
699 2217 803 2246 over
836 2203 912 2246 het
945 2204 1045 2246 land
1083 2204 1245 2257 kwam,
1285 2205 1429 2248 omdat
1462 2218 1562 2248 men
1595 2204 1700 2248 door
1736 2205 1788 2248 de

144 2271 399 2328 ontuehtige
421 2272 634 2328 priesters
652 2273 855 2329 ongeldig
878 2273 1064 2330 gedoopt
1088 2274 1229 2326 werd;
1252 2274 1428 2317 daarom
1452 2274 1538 2317 had
1560 2288 1659 2317 men
1683 2288 1788 2318 eene

143 2341 491 2397 samenzwering
513 2342 715 2397 gesmeed
734 2356 801 2385 om
819 2342 870 2385 de
888 2343 1175 2401 geestelijken
1195 2347 1237 2386 te
1256 2344 1538 2387 vermoorden
1559 2358 1613 2386 en
1635 2344 1784 2387 hunne

141 2410 358 2466 goederen
389 2414 434 2454 te
457 2424 634 2461 rooven,
665 2411 850 2468 hetgeen
877 2412 969 2455 God
993 2413 1238 2456 verhoedde
1264 2417 1329 2457 tot
1352 2416 1554 2470 grootere
1577 2427 1676 2457 eere
1709 2413 1787 2456 der

141 2479 365 2535 priesters.
395 2481 452 2523 De
476 2481 871 2538 kronijksehrijver
909 2481 1024 2526 deelt
1050 2482 1213 2526 daarna
1247 2497 1326 2526 een
1360 2483 1583 2540 Latijnsch
1607 2482 1783 2539 gedicht

141 2549 278 2600 mede,
307 2549 381 2592 dat
414 2563 468 2606 op
491 2549 557 2593 die
582 2549 940 2606 gebeurtenissen
964 2552 1148 2609 gerijmd
1183 2553 1327 2605 werd;
1367 2553 1538 2596 daaruit
1560 2551 1687 2610 blijkt
1710 2553 1783 2596 dat

141 2617 192 2660 de
215 2619 404 2661 Dansers
425 2619 466 2662 al
491 2620 755 2675 springende
778 2621 958 2672 Friselz‚
985 2621 1181 2676 sriskes!
1202 2622 1394 2674 huilden,
1422 2622 1671 2665 zichzelven
1695 2626 1784 2666 met

141 2687 328 2730 stokken
344 2688 574 2744 geeselden
595 2703 646 2732 en
667 2689 718 2732 de
737 2690 1069 2747 geestelijkheid
1083 2694 1172 2734 met
1189 2691 1240 2734 de
1258 2693 1781 2736 sakramentenveracht-

138 2758 235 2809 ten;
263 2771 385 2801 maar
407 2759 451 2800 te
471 2758 580 2802 Luik
604 2758 725 2801 werd
750 2773 797 2802 er
821 2773 900 2802 een
925 2759 1049 2804 einde
1073 2774 1156 2804 aan
1179 2761 1362 2817 gesteld.

189 2861 277 2905 Ejus
293 2859 476 2905 [Gregorii
494 2861 547 2896 XI
566 2861 695 2906 papae]
719 2865 892 2907 tempore,
912 2864 1080 2900 videlicet
1105 2876 1199 2900 anno
1224 2865 1368 2900 Domini
1393 2865 1673 2908 MCCCLXXV,
1692 2866 1785 2902 mira

138 2918 237 2950 secta
253 2919 326 2951 tam
344 2915 506 2952 virorum
524 2928 631 2961 quam
651 2917 848 2953 mulierum
877 2919 975 2956 venit
1001 2919 1220 2965 Aquisgrani
1247 2921 1290 2956 de
1316 2921 1477 2966 partibus
1495 2921 1732 2958 Alamanniae
1748 2925 1782 2961 et
