2097 3466
313 258 374 290 108
1003 254 1136 290 ANNO
1162 256 1262 293 123ss

358 345 562 381 Friderieus
580 345 642 380 Dei
656 346 786 390 gratia,
805 358 879 381 enz.

356 401 607 436 inconsutilem
627 401 784 436 tunicam
803 402 866 435 Dei
885 401 995 436 nostri
1019 400 1170 435 diffuere
1195 403 1373 436 conantur
1387 401 1572 443 haeretiei,
1598 405 1634 437 et
1656 402 1822 437 vocabuli
1843 402 1932 438 vitio

312 457 516 495 servientes,
535 457 628 499 quod
646 456 944 499 significationem
974 456 1159 490 divisionis
1186 456 1361 497 enuntiat,
1392 456 1429 491 in
1455 457 1565 501 ipsius
1592 457 1822 492 indivisibilis
1849 457 1932 493 fidei

313 511 448 544 unitate
473 511 638 545 nituntur
654 511 822 545 inducere
845 511 1049 549 sectionem,
1069 514 1104 545 et
1131 523 1213 545 oves
1239 522 1261 545 a
1288 511 1386 546 Petri
1413 512 1585 553 custodia,
1615 512 1674 547 eui
1698 513 1895 556 pascendae
1911 523 1933 547 a

312 566 459 600 Pastore
476 566 567 599 bono
591 569 672 600 sunt
690 566 857 605 creditae,
872 576 1074 609 segregare.
1096 565 1139 598 Hi
1157 569 1239 599 sunt
1256 565 1331 608 lupi
1355 576 1502 609 rapaces
1519 565 1745 608 intrinsecus,
1762 578 1804 601 eo
1820 578 1933 610 usque

309 620 618 655 mansuetudinem
636 621 906 664 praetendentes
922 620 1055 657 ovium.
1075 632 1145 663 quo
1162 631 1273 663 usque
1292 619 1385 654 ovile
1402 620 1536 663 possint
1551 620 1755 655 subintrare
1773 620 1931 656 Domini-

311 687 404 709 cum.
426 675 470 708 Hi
484 679 565 709 sunt
582 676 700 717 augeli
720 675 873 719 pessimi.
895 675 938 709 Hi
958 678 1038 708 suut
1057 675 1121 708 filii
1140 674 1355 718 pravitatum
1374 686 1395 709 a
1411 678 1511 718 patre
1536 675 1715 718 nequitiae
1738 678 1774 711 et
1795 675 1933 711 fraudis

309 734 455 765 auctore
483 731 526 764 ad
555 731 692 765 animas
723 731 901 774 simplices
919 730 1097 764 destinati.
1119 730 1165 764 Hi
1196 730 1348 771 colubri,
1367 730 1428 774 qui
1456 731 1639 765 columbas
1662 730 1856 774 decipiunt.
1885 729 1933 766 Hi

308 790 499 828 serpentes,
519 786 579 829 qui
598 787 750 821 latenter
766 786 933 820 videntur
950 786 1129 828 inserpere
1153 788 1188 820 et
1203 786 1268 819 sub
1285 785 1401 820 mellis
1421 785 1610 820 dulcedine
1633 785 1732 820 virus
1754 797 1930 827 evomere,

311 850 348 874 ut
366 841 460 875 vitae
477 841 596 875 cibum
615 841 820 875 ministrare
840 853 876 874 se
893 841 1073 881 simulent,
1089 852 1110 874 a
1137 841 1251 874 cauda
1274 840 1421 881 feriunt,
1439 843 1475 875 et
1490 840 1616 875 mortis
1639 840 1819 884 poculum,
1834 841 1933 876 velut

311 896 487 938 quoddam
517 896 737 930 dirissimum
766 907 942 930 venenum
971 895 1184 930 immiscent.
1218 895 1354 929 Horum
1383 899 1500 930 sectae
1526 895 1718 936 veteribus,
1743 895 1801 929 vel
1827 906 1871 930 ne
1894 894 1933 930 in

310 950 493 994 publicum
512 952 694 994 prodeant,
715 962 783 985 non
802 954 883 984 sunt
901 954 1042 985 notatae
1059 950 1274 991 nominibus,
1294 951 1350 984 vel
1367 951 1460 994 quod
1473 953 1525 985 est
1541 951 1632 986 forte
1645 950 1845 992 nefandius,
1860 961 1932 986 non

311 1009 510 1045 contentae,
531 1008 568 1040 ut
585 1007 641 1040 vel
657 1007 702 1040 ab
719 1006 806 1040 Ario
822 1005 962 1046 Ariani,
981 1006 1037 1039 vel
1053 1017 1074 1039 a
1088 1007 1117 1040 N
1122 1005 1252 1040 estorio
1269 1005 1486 1046 Nestoriani,
1501 1008 1564 1040 aut
1576 1016 1597 1039 a
1609 1005 1786 1040 similibus
1798 1005 1933 1041 similes

311 1066 585 1104 nuncupentur;
611 1062 669 1095 sed
694 1060 732 1095 in
760 1061 962 1104 exemplum
989 1064 1201 1104 martyrum,
1235 1060 1297 1104 qui
1338 1072 1404 1105 pro
1445 1061 1514 1095 fide
1556 1060 1735 1095 catholica
1757 1060 1933 1105 martyria

310 1115 509 1155 subierunt,
540 1116 735 1150 patarenos
763 1127 799 1150 se
829 1115 1027 1156 nominant,
1045 1116 1144 1150 velut
1167 1115 1344 1159 expositos
1371 1115 1539 1159 passioni.
1566 1115 1783 1161 HujUsmodi
1807 1115 1931 1151 miseri

311 1170 493 1209 patareni,
513 1181 533 1203 a
560 1170 689 1213 quibus
705 1171 803 1205 abest
818 1173 941 1205 sancta
965 1170 1159 1205 credulitas
1183 1169 1389 1205 Divinitatis
1408 1173 1564 1211 eternae,
1582 1171 1648 1205 sub
1671 1182 1744 1205 uno
1762 1173 1930 1206 contextu

310 1224 490 1267 nequitiae
508 1224 653 1259 insimul
670 1228 741 1260 tres
753 1226 938 1260 offendunt
953 1237 960 1259 :
976 1226 1090 1260 Deum
1106 1225 1284 1266 videlicet,
1303 1225 1484 1269 proximos
1500 1227 1535 1260 et
1546 1225 1695 1269 seipsos:
1707 1227 1834 1268 Deum,
1844 1227 1930 1262 dum

311 1279 373 1313 Dei
411 1280 515 1313 fidem
554 1283 587 1313 et
612 1279 745 1314 Filium
773 1292 844 1315 non
871 1283 1090 1324 agnoscunt;
1123 1279 1308 1323 decipiunt
1333 1279 1526 1323 proximos,
1555 1280 1641 1314 dum
1669 1279 1755 1324 ipsis
1777 1281 1843 1315 sub
1869 1293 1931 1326 spe

309 1334 506 1377 spiritualis
544 1334 736 1369 alimoniae
768 1335 970 1369 haereticae
1001 1334 1188 1378 pravitatis
1215 1335 1476 1370 oblectamenta
1501 1334 1725 1378 ministrant3
1749 1336 1930 1372 crudelius

307 1389 414 1423 etiam
445 1389 610 1424 saeviunt
636 1389 673 1423 in
705 1389 848 1433 seipsos,
877 1391 963 1424 dum
990 1393 1069 1434 post
1098 1389 1301 1424 animarum
1325 1389 1564 1433 dispendium,
1594 1401 1745 1434 corpora
1775 1391 1930 1436 denique

309 1455 453 1478 severae
484 1445 609 1479 mortis
632 1445 822 1486 illecebris,
857 1457 963 1488 quam
988 1456 1051 1488 per
1077 1444 1299 1489 agnitionem
1329 1456 1451 1479 veram
1475 1447 1510 1479 et
1536 1456 1642 1480 verae
1674 1445 1758 1481 fidei
1788 1449 1931 1490 possent

305 1499 466 1539 evadere,
485 1499 580 1534 vitae
597 1499 740 1544 prodigi
756 1503 791 1535 et
807 1500 904 1535 necis
920 1499 1112 1544 improvidi
1143 1502 1334 1534 sectatores
1365 1499 1554 1534 involvunt
1577 1502 1623 1541 et,
1654 1501 1749 1543 quod
1771 1503 1825 1537 est
1850 1501 1927 1545 ipso

305 1553 402 1588 dictu
431 1554 664 1596 dirissimum,
691 1555 898 1598 superstites
924 1555 1032 1590 etiam
1064 1567 1135 1589 non
1162 1557 1346 1590 terrentur
1372 1555 1545 1598 exemplo.
1575 1555 1708 1590 Contra
1734 1556 1823 1591 tales
1846 1556 1926 1599 sibi,

305 1609 378 1643 Deo
409 1612 444 1643 et
473 1609 678 1644 hominibus
710 1610 761 1644 sic
792 1610 937 1645 infestos
965 1610 1149 1645 continere
1180 1621 1251 1644 non
1281 1621 1468 1653 possumus
1505 1611 1623 1645 motus
1660 1612 1810 1652 nostros
1839 1610 1928 1655 quin

305 1664 444 1698 debitae
484 1665 630 1699 ultionis
659 1665 696 1699 in
721 1677 780 1700 eos
803 1665 964 1709 gladium
993 1677 1179 1700 exeramus
1203 1667 1303 1699 tanto
1331 1665 1426 1708 ipsos
1456 1664 1649 1700 instantius
1677 1667 1929 1710 persequentes

304 1728 438 1762 quanto
455 1721 490 1753 in
509 1720 766 1754 evidentiorem
783 1720 991 1755 delisionem
1010 1720 1091 1754 fidei
1118 1719 1342 1755 Christianae
1365 1731 1476 1763 prope
1500 1720 1702 1754 Romanam
1726 1718 1926 1761 ecclesiam,

305 1785 395 1816 quae
427 1780 533 1818 caput
564 1776 796 1810 ecclesiarum
828 1775 989 1809 omnium
1014 1775 1214 1819 judicatur,
1240 1774 1503 1818 superstitionis
1532 1786 1617 1809 suae
1647 1775 1783 1810 scelera
1820 1773 1929 1809 latius

304 1839 470 1862 exercere
490 1833 698 1864 noscuntur.
718 1830 817 1864 Adeo
835 1830 928 1872 quod
945 1830 989 1864 ab
1013 1829 1139 1864 Italiae
1162 1829 1306 1870 finibus,
1341 1828 1551 1872 praesertim
1581 1839 1603 1862 a
1633 1828 1796 1872 partibus
1823 1829 1926 1864 Lom-

302 1884 459 1924 bardiae,
480 1884 515 1918 in
541 1884 669 1927 quilms
698 1896 761 1928 pro
790 1888 887 1919 certo
916 1884 1168 1928 perpendimus
1183 1883 1343 1927 ipsorum
1368 1883 1566 1927 nequitiam
1592 1883 1701 1918 latius
1729 1884 1925 1926 abundare,

292 1939 368 1980 jam
388 1949 498 1981 usque
515 1940 558 1972 ad
575 1950 727 1983 regnum
746 1942 907 1973 nostrum
933 1939 1089 1980 Siciliae,
1109 1950 1194 1973 suae
1217 1937 1388 1982 perfidiae
1410 1937 1547 1971 rimlos
1573 1937 1795 1973 derivarunt.
1821 1938 1926 1980 Quod

298 1991 569 2026 acerbissimum
587 1994 794 2035 reputantes
810 1991 999 2026 statuimus
1023 1991 1060 2025 in
1078 1990 1214 2034 primis,
1233 1994 1273 2025 ut
1296 1990 1435 2024 crimen
1461 1990 1648 2024 haereseos
1675 1993 1711 2026 et
1737 1991 1928 2026 damnatae

299 2051 416 2081 soemo
454 2047 659 2091 cujuslibet,
701 2058 915 2090 quocunque
946 2047 1090 2080 nomine
1122 2048 1346 2087 censeantur,
1375 2047 1579 2086 sectatores,
1611 2047 1719 2089 prout
1747 2045 1928 2085 veteribus

302 2102 442 2145 legibus
470 2105 520 2136 est
551 2101 738 2142 indictum,
767 2101 863 2135 inter
891 2101 1035 2144 publica
1058 2100 1211 2134 crimina
1232 2102 1478 2141 numerentur,
1496 2099 1606 2134 immo
1633 2099 1786 2135 crimine
1811 2101 1927 2137 laesae

298 2158 495 2200 majestatis
514 2161 655 2191 nostrae
687 2157 791 2191 debet
807 2158 852 2191 ab
869 2157 1035 2191 omnibus
1059 2155 1272 2190 horribilius
1282 2154 1454 2200 judicari,
1470 2155 1565 2198 quod
1581 2154 1619 2189 in
1635 2155 1786 2190 Divinae
1801 2158 1926 2200 majes,

298 2213 383 2248 tatis
402 2212 574 2255 injuriam
592 2212 754 2246 noscitur
776 2215 1002 2252 attentatum,
1021 2211 1183 2254 quamvis
1193 2210 1326 2256 judicii
1350 2212 1524 2254 potestate
1546 2210 1701 2245 alterum
1726 2210 1832 2246 alteri
1855 2222 1928 2246 non

299 2268 462 2301 excellat.
488 2268 517 2301 N
523 2278 579 2300 am
599 2266 706 2300 sicuti
724 2265 982 2309 perduellionis
999 2265 1136 2300 crimen
1152 2276 1321 2309 personas
1337 2264 1464 2298 adimit
1479 2264 1732 2299 damnatorum
1753 2267 1789 2300 et
1811 2265 1924 2307 bona,

300 2330 334 2357 ct
351 2323 497 2357 damnat
516 2325 591 2366 post
610 2322 747 2355 obitum
766 2321 975 2355 memoriam
992 2322 1255 2361 defunctorum,
1285 2320 1336 2354 sic
1366 2322 1401 2355 et
1428 2319 1466 2354 in
1489 2319 1650 2363 predicto
1674 2319 1837 2362 crimine,
1855 2332 1926 2364 quo

301 2378 471 2413 Patareni
498 2380 681 2418 notantur,
701 2389 765 2421 per
788 2377 908 2411 omnia
931 2378 1096 2411 volumus
1120 2376 1315 2411 observari.
1335 2376 1380 2410 Et
1404 2378 1443 2410 ut
1469 2375 1628 2419 ipsorum
1659 2375 1832 2419 nequitia,
1850 2370 1924 2420 qui,

297 2432 382 2474 quia
408 2431 600 2466 Dominum
626 2443 696 2466 non
721 2435 930 2475 sequuntur,
957 2431 995 2465 in
1018 2431 1174 2466 tenebris
1197 2431 1394 2471 ambulant,
1419 2431 1626 2474 detegatur:
1653 2430 1798 2466 nomine
1817 2430 1927 2466 etiam

298 2487 492 2527 deserente,
512 2487 724 2531 investigari
742 2487 906 2521 volumus
922 2486 1118 2530 diligenter
1139 2486 1346 2530 hujusmodi
1369 2485 1545 2520 scelerum
1569 2487 1780 2529 patratores,
1797 2488 1834 2521 et
1862 2497 1926 2530 per

298 2542 468 2575 officiales
487 2545 638 2583 nostros,
657 2542 748 2576 sicut
765 2545 798 2576 et
816 2542 918 2582 alios,
937 2542 1186 2576 malefactores
1202 2540 1351 2584 inquiri,
1369 2551 1412 2574 ac
1428 2539 1664 2583 Inquisitione
1690 2541 1842 2581 notatos,
1860 2539 1926 2575 etsi

298 2596 385 2631 levis
417 2596 680 2640 superstitionis
711 2599 925 2640 argumento
957 2598 1172 2640 tangantur,
1204 2606 1226 2629 a
1260 2593 1348 2628 viris
1392 2593 1642 2629 ecclesiasticis
1680 2596 1716 2629 et
1757 2593 1926 2638 praelatis

297 2651 496 2685 examinari
509 2652 702 2695 jubemus3
723 2662 787 2694 per
802 2662 901 2694 quos,
920 2650 949 2684 si
977 2650 1113 2684 inventi
1142 2649 1277 2684 fuerint
1301 2660 1323 2683 a
1338 2649 1408 2683 fide
1424 2648 1602 2683 catholica
1624 2649 1750 2683 saltem
1773 2649 1812 2684 in
1839 2649 1925 2685 arti-

297 2707 379 2739 culo
396 2705 552 2746 deviare,
580 2718 622 2740 ac
647 2718 711 2749 per
733 2706 827 2749 ipsos
851 2705 1021 2749 pastorali
1053 2716 1153 2739 more
1176 2703 1385 2739 commoniti
1415 2702 1593 2738 tenebrosi
1624 2703 1759 2738 diaboli
1788 2704 1926 2740 relictis

298 2763 436 2796 insidiis
468 2761 653 2796 noluerint
669 2772 863 2805 agnoscere
880 2761 994 2795 Deum
1011 2759 1114 2801 lucis,
1133 2760 1193 2794 sed
1217 2759 1255 2793 in
1278 2758 1411 2793 erroris
1434 2760 1606 2802 concepta
1622 2757 1794 2794 instantia
1809 2770 1923 2803 perse-

298 2824 434 2857 verent,
455 2816 653 2860 praesentis
671 2819 812 2850 nostrae
829 2815 918 2859 legis
935 2815 1051 2849 edicto
1067 2815 1253 2849 damnatos
1268 2817 1419 2848 mortem
1444 2813 1518 2857 pati
1545 2813 1741 2847 Patarenos
1763 2813 1925 2856 aliosque

303 2872 492 2912 hereticos,
512 2882 727 2914 quocunque
745 2870 889 2905 nomine
906 2873 1130 2911 censeantur,
1148 2869 1385 2910 decernimus,
1404 2880 1511 2913 quam
1533 2869 1714 2911 affectant,
1732 2870 1774 2904 ut
1795 2868 1869 2903 vivi
1885 2868 1924 2903 in

299 2935 490 2972 compectu
520 2926 709 2961 hominum
743 2927 1013 2969 comburantur,
1032 2928 1258 2963 flammarum
1282 2925 1463 2963 commissi
1481 2924 1634 2971 judicio.
1652 2926 1728 2962 Nec
1749 2925 1922 2968 dolemus,
