2097 3466
727 222 859 258 ANNO
884 234 915 257 ‹·.
944 223 1170 256 1303-1394
1699 221 1760 255 ‘251

131 315 324 352 crucifixus
339 317 392 351 est
407 317 442 351 et
458 315 534 361 ipso
549 313 695 356 mundo,
714 315 828 350 sactus
847 317 900 351 est
915 327 1069 360 magnus
1084 312 1350 350 haereticorum
1365 315 1582 358 persecutor,
1593 313 1759 358 ¹iustitiae

130 373 166 406 et
188 369 336 406 unitatis
352 369 524 406 ecclesiae
547 370 680 406 zelator
702 372 738 405 et
761 369 918 406 fervidus
934 370 1160 415 praedicator
1176 370 1214 404 in
1235 368 1334 404 dicta
1355 368 1509 404 dioecesi
1527 371 1651 404 contra
1667 369 1757 404 vitia

129 428 306 465 laicorum
330 429 366 462 et
388 425 615 467 clericorum,
642 425 734 460 nihil
758 427 803 461 ab
828 426 899 461 illis
923 426 1053 471 quibus
1075 425 1261 470 praedicat
1282 423 1459 468 recipiens
1477 435 1538 458 seu
1555 424 1754 468 requirens,

130 484 271 520 nullum
288 481 483 526 temporalo
500 493 561 516 seu
585 481 865 516 ecclesiasticum
889 483 977 526 petit
1000 480 1225 521 beneficium,
1252 481 1312 515 sed
1339 479 1527 520 desiderat,
1548 483 1587 514 nt
1610 479 1758 515 liberius

130 541 166 574 et
191 537 268 573 sine
295 535 550 580 impedimento
572 536 780 581 praedicare
804 537 924 581 possit,
942 537 1075 572 habero
1091 547 1198 580 super
1220 535 1310 570 haec
1333 534 1619 570 commissionem
1636 538 1757 570 aucto-

129 593 237 628 ritate
252 591 459 636 apostolica.
479 591 594 632 Unde,
614 595 788 634 quantum
806 591 895 626 mihi
920 595 1033 636 potest
1054 602 1238 635 apparere,
1258 590 1442 625 videretur
1457 589 1647 633 expediens
1664 590 1759 634 quod

130 650 248 684 vestra
274 646 445 682 sanctitas
469 645 584 681 eidem
611 647 789 682 conferret
817 646 1067 682 auctoritatem
1096 645 1327 690 praedicandi
1353 648 1387 680 et
1412 648 1536 679 contra
1559 644 1758 679 haereticos

130 700 336 746 inquirendi
364 704 400 735 et
425 701 535 736 etiam
552 704 690 736 vestrae
713 702 914 737 sanctitatis
938 701 1147 736 eanonicam
1169 700 1349 744 justitiam
1378 699 1414 733 in
1439 699 1512 733 suis
1536 699 1759 733 sermonibus

130 756 342 802 propalandi
358 755 396 790 in
413 755 600 800 provincia
619 756 823 791 Coloniensi
841 757 897 791 vel
913 757 1038 792 saltem
1055 756 1093 791 in
1107 755 1290 800 praedicta
1305 754 1459 790 dioecesi
1478 754 1712 798 Trajectensi.

246 810 428 855 Scriptum
450 810 586 852 Leodii‚
606 812 646 845 21
664 810 722 845 die
739 810 917 846 Octobris.

478 877 641 920 Aequoy,
677 876 842 912 Ger-arcii
873 877 1007 921 Maynz'
1038 875 1212 920 epistolae
1235 875 1341 917 XIV,
1371 876 1437 910 blz.
1467 877 1510 910 59
1537 887 1581 910 en
1608 878 1662 916 60,
1689 878 1760 910 met

522 936 779 968 commentam:
799 933 916 969 Reeds
933 933 1127 978 afgcdrukt
1144 932 1191 975 bij
1220 931 1377 966 Thomas
1401 942 1422 965 a
1446 929 1604 974 Kempis,
1626 931 1756 974 Opera,

521 988 646 1023 aehter
673 989 716 1023 do
749 989 831 1023 Vita
858 988 1021 1023 Gerardz'
1051 989 1186 1032 Magni
1213 986 1372 1031 (uitgavo
1400 997 1470 1020 van
1503 985 1620 1027 Parijs
1662 987 1757 1026 1523,

522 1043 583 1078 fol.
602 1053 671 1078 CLX
688 1045 870 1086 verso).—-
884 1045 978 1079 Over
993 1044 1063 1078 den
1085 1041 1388 1084 vermoedelijken
1411 1041 1535 1075 datum
1560 1040 1682 1081 (1383),
1708 1039 1760 1073 zio

519 1099 681 1142 Acquoy,
715 1099 781 1134 blz.
811 1102 865 1135 60.
888 1099 949 1134 Zie
979 1099 1050 1134 ook
1079 1099 1181 1139 Moll,
1215 1096 1582 1141 Kerkyeschz'edenis,
1606 1095 1684 1130 deel
1708 1095 1754 1135 II,

519 1156 556 1189 3⁹
574 1154 668 1195 stuk,
696 1155 762 1189 blz.
788 1157 842 1196 68,
871 1155 929 1190 dio
956 1166 1045 1190 voor
1070 1154 1239 1189 Urbanus
1263 1153 1312 1188 VI
1336 1150 1599 1194 verkeerdelijk
1623 1151 1755 1186 Marti-

522 1219 591 1243 nus
618 1209 670 1244 VI
681 1209 719 1252 (2)
735 1211 888 1255 opgeeft.

885 1348 1006 1393 236.

193 1477 451 1521 Omstreeks
483 1477 608 1523 1393
643 1479 703 1533 of
727 1476 867 1530 1394,
910 1475 1089 1520 Utrecht
1126 1488 1181 1518 en
1218 1474 1501 1531 omlz‘yyemle
1527 1475 1754 1531 plaatsen.

131 1545 369 1589 Uittreksel
408 1547 473 1590 uit
510 1548 562 1591 de
597 1546 775 1603 kronijk
810 1560 895 1588 van
929 1544 1093 1588 Rudolf
1124 1545 1224 1587 Dier
1261 1544 1312 1586 de
1350 1543 1510 1586 Muden
1534 1542 1755 1599 (†1458)‚

129 1615 434 1659 vermeldende
479 1616 553 1661 dat
594 1617 646 1660 de
688 1615 948 1672 inquisiteur
994 1613 1156 1672 Eylard
1201 1613 1468 1656 Sehoneveld
1511 1611 1562 1655 de
1605 1612 1760 1656 devote

130 1687 300 1728 zusters
323 1685 472 1729 aldaar
494 1685 772 1741 hardnekkig
793 1683 1045 1740 vervolgde.

173 1788 277 1824 Tunc
307 1789 479 1834 temporis
509 1789 579 1825 fuit
606 1789 779 1834 magister
806 1789 859 1833 Ey
860 1788 984 1823 lardus
1014 1786 1208 1831 inquisitor
1238 1786 1442 1821 haereticae
1469 1785 1668 1830 pravitatis,
1699 1786 1761 1830 qui

130 1844 284 1880 multum
301 1845 514 1880 molestabat
528 1856 668 1880 sorores
685 1846 729 1887 (1)
745 1844 784 1879 in
801 1844 968 1888 Trajecto
984 1856 992 1887 3
1010 1843 1071 1877 sed
1087 1841 1254 1877 dominus
1270 1841 1481 1876 Florencins
1497 1842 1541 1883 (2)
1558 1845 1593 1876 et-
1609 1841 1762 1877 Weren-

130 1899 258 1935 boldus
272 1901 317 1943 (3)
333 1900 546 1936 resistebant
560 1900 605 1935 ei.

478 1965 663 2010 Scriptum
678 1963 869 2009 Rudolphz·
883 1963 972 1997 Dier
988 1963 1033 1997 de
1045 1963 1090 1997 M
1090 1962 1186 1997 zoclen
1199 1963 1244 1996 de
1255 1963 1438 2007 Magistro
1454 1961 1622 1997 Gerardo
1639 1961 1760 2002 Grotc,

522 2032 598 2056 enz.
617 2020 834 2065 uitgegeven
858 2020 948 2054 door
972 2019 1145 2060 Dumbar,
1162 2018 1352 2060 Analecta,
1369 2018 1448 2053 deel
1471 2018 1498 2059 I,
1516 2018 1582 2052 blz.
1603 2020 1644 2052 29
1660 2029 1705 2052 en
1721 2019 1763 2051 30

523 2075 761 2120 (aangehaald
788 2075 878 2110 door
905 2076 1072 2118 Aequoy‚
1104 2073 1267 2108 Gerardz·
1295 2074 1429 2118 Maynz'
1455 2073 1629 2118 epistolae
1655 2072 1761 2113 XIV,

524 2131 591 2165 blz.
623 2133 664 2165 47
696 2142 741 2165 en
772 2130 862 2165 door
887 2130 989 2172 Mon,
1019 2127 1387 2173 Kerkqeschiedenis,
1416 2128 1495 2163 decl
1525 2127 1571 2170 11,
1601 2130 1637 2162 3Θ
1665 2126 1761 2169 stuk,

521 2186 588 2221 blz.
607 2187 661 2228 92,
680 2186 792 2228 noot.)

888 2279 1010 2325 237.

195 2399 453 2445 Omstreeks
479 2398 604 2444 1393
626 2399 686 2454 of
700 2399 838 2451 1394,
872 2399 1053 2443 Utreclzt
1074 2412 1129 2443 en
1152 2399 1431 2456 omlz'yqende
1451 2398 1676 2453 plaatsen.
1703 2397 1762 2439 De

131 2470 389 2527 inquisiteur
425 2469 588 2527 Eylard
619 2469 888 2513 Schoneveld
922 2470 1025 2513 stelt
1065 2483 1144 2512 een
1182 2467 1423 2511 onderzoek
1457 2467 1501 2508 in
1542 2480 1647 2509 over
1680 2467 1763 2510 den

175 2636 221 2678 (l)
246 2635 298 2670 De
314 2637 448 2670 zusters
464 2645 533 2669 van
550 2634 594 2669 de
611 2633 1024 2675 Gerardinenkloosters,
1042 2632 1100 2668 dio
1117 2644 1186 2667 van
1203 2632 1346 2674 ketterij
1365 2630 1537 2666 verdacht
1553 2632 1709 2666 werden.

175 2692 220 2733 (2)
245 2691 396 2725 Florens
418 2689 636 2732 Radewijns,
654 2689 781 2724 vriend
805 2701 875 2723 van
904 2689 1011 2724 Geert
1036 2689 1167 2724 Groote
1194 2700 1239 2723 en
1266 2688 1430 2722 ieveraar
1457 2698 1544 2722 voor
1568 2687 1611 2721 do
1638 2688 1763 2723 devoto

131 2758 192 2781 zus
269 2774 276 2780 .

175 2749 298 2843 (ἕξει
314 2800 493 2844 kapelaan
509 2799 724 2836 Wermbold
740 2810 809 2834 van
827 2800 981 2843 Buscop,
999 2798 1126 2834 vriend
1151 2809 1220 2832 van
1247 2798 1355 2833 Geert
1379 2797 1509 2832 Groote
1530 2809 1574 2832 en
1596 2809 1666 2832 van
1683 2797 1763 2832 Flo-

133 2867 216 2891 rens
244 2856 451 2900 Radewijns
478 2867 523 2892 en
550 2855 701 2892 stichter
727 2866 796 2890 van
826 2857 916 2899 vrijo
945 2854 1208 2901 godvruchtigo
1236 2853 1514 2900 gezelscbappen
1544 2866 1612 2889 van
1642 2853 1764 2888 beidei·

134 2911 267 2948 kunne.
