2097 3466
761 221 894 256 ANNO
922 221 1022 255 1232
1665 222 1706 252 83

81 314 280 352 Novissime
307 316 427 347 autem
451 313 576 347 diebus
603 312 680 348 istis
704 313 809 347 tidem
828 313 926 347 nisus
943 311 1093 357 perfidia
1117 311 1314 355 depravare
1340 322 1401 354 per
1428 311 1610 346 ministros
1626 323 1708 345 suos

80 369 282 415 iniquitatis
298 368 481 412 operarios
500 380 636 403 venena
651 370 782 412 sparsit
799 369 996 408 mortifera,
1014 366 1180 401 seditiose
1196 365 1425 401 considerans
1443 368 1536 411 quod
1555 367 1706 402 familia-

80 427 130 461 ris
146 425 257 460 hostis
273 425 318 459 sit
334 424 461 459 efficax
484 424 528 458 ad
548 425 768 467 nocendum3
798 425 858 468 qui
884 424 986 468 quasi
1009 422 1130 457 dulcia
1148 420 1393 465 promittentes
1411 423 1525 456 cauda
1544 427 1710 466 pungunt

80 485 121 517 ut
136 480 276 524 scorpio
299 491 342 514 ex
370 491 481 513 aureo
509 480 652 514 tandem
678 479 790 514 calice
817 478 1011 523 Babylonis
1038 477 1137 511 virus
1166 475 1390 520 pestilentiae
1414 478 1592 520 infusuri3
1627 477 1709 512 licet

80 539 201 571 autem
226 534 399 569 haeretiei
432 533 568 568 diutius
585 534 758 569 haetenus
782 534 965 568 latitantes
987 532 1081 566 sieut
1104 542 1234 565 cancer
1257 535 1441 574 serperent
1466 532 1660 566 inocculto
1676 537 1712 566 et

80 591 179 626 velut
208 590 333 633 vulpes
364 589 514 624 latentes
543 589 745 624 niterentur
775 590 917 623 vineam
944 586 1087 622 Domini
1111 585 1365 629 demolii·i,jam
1396 591 1526 627 tamen,
1558 587 1712 630 pcccatis

80 645 319 690 exigentibus,
358 645 394 680 in
425 649 549 689 aperto
581 646 682 690 quasi
714 646 797 690 equi
831 645 946 689 parati
978 645 1022 679 ad
1054 643 1230 688 praelium
1265 646 1497 686 praesumunt
1526 642 1712 676 manifeste

81 699 270 745 insurgere
292 704 418 735 contra
434 712 525 740 eam,
546 704 757 744 quaerentes
785 701 821 734 in
839 700 959 734 eibum
988 698 1167 742 simplices
1194 701 1229 732 et
1254 697 1290 731 in
1309 697 1477 740 praedam
1505 696 1648 730 edoctos
1671 708 1713 730 ac

81 755 279 799 illaqueare
302 755 539 789 nihilominus
567 756 688 790 fideles
716 755 894 799 quoslibet
917 754 990 789 suis
1018 751 1399 791 circumventionibus,
1425 750 1609 793 cupientes
1635 750 1714 784 fieri

82 809 247 854 magistri
275 809 421 849 erroris,
448 809 510 853 qui
535 821 720 852 nunquam
756 809 892 844 suerint
918 807 1085 852 discipuli
1114 806 1296 848 veritatis3
1324 806 1419 840 unde
1449 805 1592 848 expedit
1619 805 1714 848 ‹liiod

83 864 296 909 insurgatur
323 864 479 899 viriliter
506 869 632 899 contra
659 876 730 903 eos,
750 868 787 898 ut
817 876 941 898 eorum
966 863 1113 897 omnino
1138 861 1275 896 haeresi
1302 861 1485 895 confutata
1514 871 1576 903 per
1599 863 1713 894 totum

82 920 203 964 vigeat
220 921 306 954 rides
325 920 470 960 Christi,
489 932 570 954 nam
588 931 722 953 corona
738 923 907 963 sequetur
924 918 1073 962 praemii
1092 916 1351 952 tentationibus
1367 916 1581 950 resistentes.

128 976 217 1010 Cum
234 986 322 1019 ergo
345 975 481 1009 dudum
499 975 760 1018 resplenduerit
783 974 821 1008 in
837 973 1053 1009 Alemannia
1070 973 1140 1006 fida
1158 972 1244 1006 fides
1260 983 1301 1005 ac
1327 982 1389 1014 per
1402 970 1469 1004 hoc
1483 970 1715 1004 formidemus

82 1029 134 1065 ibi
158 1029 277 1074 potius
304 1030 478 1064 animalia
501 1041 679 1064 venenosa
708 1041 751 1063 nc
779 1030 870 1063 forte
898 1027 1079 1072 simplices
1106 1027 1266 1070 ipsorum
1291 1025 1431 1059 callidis
1448 1024 1716 1059 seductionibus

83 1084 320 1120 circumventi
344 1087 380 1119 et
403 1084 512 1119 astuti
545 1083 665 1128 pravis
681 1082 1050 1118 circumventionibus
1073 1081 1271 1125 periculose
1287 1079 1426 1123 decepti
1443 1079 1481 1113 in
1498 1079 1715 1123 profundum

82 1139 275 1175 deveniant
291 1142 521 1183 peccatorum
538 1138 660 1181 sicque
684 1138 818 1173 ibidem
845 1137 1001 1172 violetur
1028 1136 1110 1172 fidei
1139 1137 1429 1177 firmamentum3
1454 1146 1516 1168 nos
1533 1133 1594 1177 qui
1619 1134 1716 1167 circa

83 1197 210 1232 horam
229 1195 456 1231 undecimam
474 1195 569 1230 inter
585 1194 780 1239 operarios,
801 1194 911 1228 immo
928 1193 1049 1228 verius
1073 1204 1180 1236 super
1206 1190 1391 1235 operarios
1418 1189 1544 1224 vineae
1572 1188 1717 1223 Domini

84 1264 207 1287 sumus
237 1264 259 1286 a
283 1255 384 1296 patre
400 1251 557 1286 familias
575 1250 794 1294 Evangelii-,o
819 1249 991 1293 deputati,
1011 1248 1097 1284 tacti
1125 1248 1248 1282 dolore
1276 1246 1395 1281 cordis
1418 1246 1626 1286 intresecus,
1647 1257 1717 1279 non

84 1307 244 1342 valentes
267 1309 405 1341 tantam
432 1305 610 1340 sustinere
635 1304 809 1348 injuriam
840 1303 1021 1339 Creatoris
1049 1316 1090 1337 ac
1114 1303 1273 1337 volentes
1300 1301 1505 1336 animarum
1548 1299 1718 1344 periculis

84 1362 243 1402 obviare,
269 1361 468 1396 multifarie
484 1360 678 1404 multisque
696 1359 810 1394 modis
826 1360 870 1393 ad
887 1359 1137 1403 extirpandum
1162 1357 1376 1402 pravitatem
1394 1356 1613 1391 haereticam
1637 1355 1717 1390 dili-

84 1421 211 1463 genter
231 1417 416 1452 intendere
441 1428 512 1451 non
539 1428 729 1451 cessamus.
766 1417 856 1450 Cum
884 1419 1004 1450 autem
1035 1414 1224 1449 miserator
1239 1418 1274 1449 et
1302 1413 1506 1447 misericors
1531 1412 1716 1452 Dominus,

85 1473 147 1518 qui
166 1473 345 1508 neminem
362 1473 438 1507 vult
457 1472 586 1516 perire,
599 1473 785 1507 attendens
803 1473 897 1516 quod
915 1471 1038 1506 messis
1054 1475 1132 1506 erat
1148 1471 1273 1510 multa,
1286 1469 1443 1513 operarii
1461 1473 1580 1504 autem
1599 1468 1716 1513 pauci,

84 1530 299 1564 dilectorum
317 1529 476 1563 filiorum
505 1529 658 1562 fratrum
677 1527 965 1571 praedicatorum
983 1526 1147 1561 ordinem
1172 1525 1366 1565 suscitarit,
1387 1525 1448 1568 qui
1478 1536 1548 1558 non
1565 1536 1641 1565 sua,
1660 1524 1720 1558 sed

84 1597 176 1630 quae
203 1585 286 1620 Jesu
313 1584 447 1620 Christi
476 1587 698 1628 quaerentes,
729 1586 801 1618 tam
827 1588 953 1617 eontra
982 1582 1227 1626 profligandas
1266 1581 1430 1615 haereses
1455 1592 1563 1624 quam
1593 1584 1719 1615 contra

85 1643 200 1685 pestes
227 1640 316 1674 alias
343 1639 548 1674 mortiferas
574 1639 805 1682 extirpandas
832 1651 868 1673 se
895 1639 1109 1673 dedicarunt
1132 1635 1431 1681 evangelizationi
1461 1635 1562 1670 verbi
1591 1634 1656 1669 Dei
1680 1634 1718 1668 in

86 1695 286 1741 abjectione
302 1694 529 1730 voluntariae
547 1694 790 1738 paupertatis;
820 1705 883 1728 nos
910 1695 988 1738 ejus
1013 1692 1178 1727 instructi
1195 1692 1369 1735 exemplo,
1389 1691 1450 1735 qui
1467 1693 1502 1725 et
1529 1689 1718 1724 duodecim

86 1751 264 1795 apostolos
291 1753 326 1785 et
350 1750 439 1784 alios
456 1750 690 1794 suptuaginta
706 1750 795 1783 duos
811 1749 922 1793 elegit
944 1752 979 1783 et
1003 1748 1105 1783 binos
1122 1749 1166 1782 ad
1184 1747 1466 1791 praedicandum
1484 1749 1567 1780 ante
1591 1744 1720 1779 faciem

85 1816 187 1840 suam
203 1804 348 1845 direxit,
367 1804 481 1839 dictos
496 1805 625 1838 fratres
649 1806 775 1838 contra
791 1803 991 1838 haereticos
1016 1803 1053 1837 in
1071 1802 1322 1838 Alemanniam
1350 1800 1519 1835 duximus
1540 1799 1720 1834 destinan-

85 1859 168 1902 dos;
194 1859 346 1902 ideoque
373 1857 597 1893 nobilitatem
626 1860 724 1892 tuam
753 1868 933 1901 rogamus⁹
954 1868 1139 1892 monemus
1156 1860 1191 1891 et
1218 1856 1408 1891 hortamur
1434 1858 1568 1889 attente
1592 1865 1634 1888 ac
1658 1864 1722 1897 per

85 1915 281 1960 apostolica
310 1914 444 1958 scripta
475 1914 699 1953 mandamus,
734 1912 771 1946 in
803 1912 1048 1947 remissionem
1083 1912 1331 1956 peccaminum
1370 1910 1436 1946 tibi
1476 1911 1718 1954 injungentes,

85 1972 261 2014 quatenus
296 1969 390 2013 ipsos
427 1980 490 2012 pro
522 1967 724 2003 reverentia
748 1967 879 2001 Divina
910 1970 944 2001 et
977 1967 1193 2010 apostolicae
1217 1966 1310 2001 sedis
1338 1978 1380 2000 ac
1417 1968 1538 2000 nostra
1566 1964 1722 2007 benigne

85 2025 239 2069 recipias
254 2029 289 2059 et
305 2024 451 2059 honeste
468 2028 675 2068 pertractes,
694 2023 746 2057 eis
762 2023 800 2056 in
824 2021 879 2056 liis
896 2027 931 2056 et
958 2022 1040 2056 aliis
1068 2021 1271 2061 consilium,
1291 2020 1468 2055 auxilium
1498 2024 1531 2054 et
1561 2020 1720 2053 favorem

85 2079 207 2114 taliter
223 2079 472 2122 impendendo,
491 2079 585 2122 quod
604 2077 670 2121 ipsi
689 2078 918 2111 con‘imissum
943 2077 1011 2110 sibi
1029 2076 1189 2111 officium
1214 2075 1343 2119 exequi
1361 2076 1505 2110 valeant
1535 2074 1718 2113 inoffense,

85 2138 121 2171 et.
138 2146 201 2169 nos
216 2133 434 2169 sinceritatis
455 2137 538 2168 tuae
555 2133 668 2167 zelum
686 2131 861 2175 possimus
886 2131 1014 2165 merito
1035 2131 1298 2165 commendare.

131 2189 262 2224 Datum
288 2189 412 2230 Reate,
433 2188 483 2223 III
501 2199 613 2222 nonas
631 2186 835 2226 Februarii,
855 2186 1085 2230 pontificatus
1100 2185 1210 2220 nostri
1228 2197 1323 2219 anno
1341 2185 1479 2228 quinto.

436 2256 570 2300 Ripoll,
590 2255 666 2290 deel
687 2255 713 2294 Ι,
734 2255 799 2289 blz.
821 2257 874 2295 37,
895 2262 931 2289 nr
953 2257 992 2289 51
1017 2255 1207 2296 (Pottliast,
1227 2255 1305 2289 deel
1328 2254 1353 2293 1,
1375 2254 1439 2288 blz.
1460 2256 1534 2291 760.
1555 2260 1592 2286 nr
1611 2254 1723 2293 3859.)

478 2330 522 2335 —
539 2310 707 2344 Vei-meld
733 2310 821 2343 door
838 2310 1035 2353 Duverger,
1053 2310 1117 2343 blz.
1134 2312 1209 2343 870.
1228 2328 1271 2332 —
1296 2309 1356 2342 Dit
1373 2309 1455 2342 stuk
1482 2307 1620 2342 bevond
1646 2307 1723 2341 zicli

479 2365 666 2409 insgelij1zs
692 2364 728 2398 in
761 2364 819 2398 het
853 2364 994 2398 archief
1018 2376 1087 2398 van
1119 2364 1179 2398 liet
1207 2363 1630 2407 prediklieerenklooster
1654 2374 1722 2395 van

480 2420 587 2459 Luik,
616 2430 715 2452 waar
739 2419 782 2453 de
808 2418 998 2453 kanunnik
1028 2418 1177 2452 Yanden
1203 2417 1318 2452 Bereli
1348 2418 1408 2451 liet
1436 2417 1574 2451 i111633
1600 2415 1722 2459 gezien

481 2474 577 2508 heeft
600 2485 643 2508 en
673 2473 775 2506 aldus
799 2473 995 2507 vermeltlt:
1029 2490 1044 2501 ’ν
1065 2473 1200 2508 Littere
1229 2472 1394 2516 Gregorii
1425 2483 1559 2515 papae:
1592 2471 1722 2504 Datum

481 2528 605 2567 Reate,
623 2538 693 2560 non
709 2527 1048 2570 Fob.,1›0ntifi‹·atus
1061 2527 1219 2562 eiusdem
1234 2539 1328 2561 anno
1341 2527 1380 2565 V.
1392 2526 1526 2560 directe
1540 2526 1584 2559 ad
1595 2526 1723 2558 ducem

482 2583 677 2619 Brabantie
695 2584 738 2617 de
763 2584 1014 2626 promovendis
1039 2583 1324 2628 predicatoribus
1341 2587 1467 2617 eontra
1496 2581 1684 2616 hereticos.
1706 2597 1721 2610 2·

481 2638 731 2682 (Handsehrift
753 2638 900 2673 Yanden
920 2639 1048 2680 Bcreh,
1069 2640 1309 2673 Monumenla
1328 2641 1478 2682 patriae
1500 2637 1722 2676 Lcodiensz's,

482 2696 543 2730 sul.
566 2695 654 2734 136.)

865 2771 953 2816 84.

154 2913 292 2961 1232,
317 2911 544 2956 Febrem-z·
559 2913 634 2959 22.
656 2912 888 2955 Ravenna.
911 2911 1153 2967 Herlialing
1171 2910 1275 2954 door
1294 2911 1439 2954 keizer
1460 2910 1667 2954 Frederik
1685 2911 1724 2952 II
