2097 3466
347 274 406 307 iss
1033 273 1163 308 ANNO
1192 276 1289 308 1:³38

349 368 617 424 Beggarden‚
644 368 711 410 die
734 369 823 411 zich
850 370 1050 425 Apostels
1073 383 1253 412 noeinen
1280 384 1332 412 en
1354 383 1435 412 aan
1469 370 1521 412 de
1545 369 1811 425 eenvoudige
1835 369 1974 412 lieden

347 437 397 478 de
420 438 473 479 H.
501 436 661 479 Schrift
689 437 926 493 uitleggcm
955 438 1021 480 die
1044 437 1283 481 bovendien
1307 439 1397 481 niet
1421 437 1567 481 willen
1591 439 1767 481 werken
1791 452 1845 480 en
1870 437 1976 480 door

347 505 427 547 den
453 506 506 547 H.
532 505 645 548 Stoel
671 506 846 548 werden
871 506 1164 555 veroordeeld,
1188 507 1229 548 in
1253 508 1338 564 zijn
1359 507 1455 549 huis
1479 509 1728 562 ontvangen
1753 507 1864 549 noch
1882 506 1972 549 hun

347 574 587 616 aalmoesen
607 587 759 630 geven.
783 575 906 617 leder
928 575 1114 630 priester
1132 579 1244 618 moet
1263 575 1314 617 de
1337 575 1593 631 Beggarden
1615 576 1750 632 zijner
1775 574 1977 630 parochie

348 655 577 685 vermanen
603 656 671 684 om
693 642 852 685 binnen
876 643 927 685 de
946 643 1137 685 veertien
1162 644 1301 699 dagen
1322 646 1385 686 tot
1401 644 1482 686 den
1506 643 1828 687 handenarbeid
1848 646 1977 699 terug

348 713 389 752 te
421 710 603 760 keeren;
631 711 757 753 elken
792 711 958 766 zondag
990 712 1055 753 zal
1091 712 1148 768 hij
1186 712 1228 753 in
1263 712 1314 754 de
1338 712 1447 754 kerk
1482 712 1793 768 verkondigen,
1830 711 1903 754 dat
1926 711 1977 754 de

348 778 735 834 wedersp:1nnigen
756 780 798 822 in
817 780 898 821 den
917 779 999 822 ban
1019 780 1119 836 zijn.
1139 781 1197 823 De
1215 779 1516 824 biechtvaders
1535 781 1678 823 zullen
1696 794 1779 823 aan
1799 781 1978 823 hunnen

347 846 546 903 bisschop
578 848 742 890 zenden
775 849 815 890 al
850 848 1061 903 degenen,
1099 848 1166 891 die
1197 848 1425 892 bekennen
1464 849 1714 892 kettersche
1753 848 1977 905 leeringen

349 915 629 972 aangekleesd
650 919 693 959 te
716 916 883 959 hebben
908 916 955 959 of
972 916 1137 961 ketters
1162 917 1420 973 begunstigd
1440 922 1481 961 te
1504 917 1686 960 hebben.

752 1041 794 1076 L.
825 1041 959 1076 Contra
978 1042 1181 1086 Beyardos,
1202 1048 1239 1076 ut
1255 1053 1330 1077 non
1345 1044 1587 1088 recipiantur.

392 1125 492 1165 Item,
522 1123 726 1158 inhibemus
753 1125 818 1159 snb
851 1136 965 1168 poena
996 1124 1391 1167 excommunicationis,
1425 1137 1469 1160 ne
1497 1125 1576 1169 quis
1603 1124 1642 1159 in
1669 1125 1792 1158 nostra
1820 1122 1979 1165 civitate,

348 1179 479 1214 diocesi
512 1182 545 1213 et
577 1178 763 1223 provincia
797 1179 1003 1215 Trevirensi
1035 1179 1194 1223 aliquem
1225 1181 1282 1215 vel
1313 1180 1453 1225 aliquos
1484 1181 1528 1214 de
1559 1178 1632 1214 illis
1662 1177 1819 1219 rusticis,
1852 1177 1915 1222 qui
1945 1189 1983 1212 se

350 1235 536 1278 Apostolos
553 1234 746 1278 appellant,
766 1234 804 1269 in
828 1235 973 1268 domum
997 1246 1098 1268 suam
1123 1234 1276 1278 recipiat
1292 1238 1354 1270 aut
1371 1235 1421 1270 eis
1438 1236 1699 1278 eleemosynam
1723 1235 1858 1278 eroget,
1884 1244 1980 1267 cum,

351 1292 458 1333 prout
484 1289 521 1323 in
550 1288 709 1332 antiquis
732 1289 874 1324 statutis
898 1290 1129 1333 synodalibus
1157 1290 1374 1331 continetur,
1401 1291 1499 1325 sedes
1527 1289 1723 1333 apostolica
1749 1288 1837 1323 tales
1860 1298 1980 1331 repro·

351 1344 487 1378 baverit
505 1347 539 1379 et
556 1343 593 1378 in
610 1355 735 1379 eorum
762 1346 964 1388 receptores
980 1347 1015 1379 et
1032 1345 1189 1379 fautores
1214 1344 1595 1380 excommunicationis
1623 1342 1835 1380 sententiam
1858 1341 1984 1378 tulerit

352 1399 428 1445 ipso
444 1400 551 1434 facto.

870 1459 933 1494 LI.
964 1459 1098 1493 Contra
1116 1459 1307 1504 Beqardos
1330 1460 1455 1495 laicos.

394 1535 495 1576 Item,
515 1547 596 1570 cum
614 1535 760 1580 quidam
778 1535 849 1571 sint
864 1536 948 1571 laici
966 1536 1003 1571 in
1021 1536 1178 1578 civitate,
1197 1536 1330 1572 diocesi
1346 1539 1380 1572 et
1397 1536 1585 1581 provincia
1602 1535 1821 1578 Trevirensi,
1837 1535 1899 1580 qui
1915 1536 1981 1571 sub

352 1593 539 1634 praetextu
556 1591 743 1634 cujusdam
768 1591 958 1636 religionis
975 1592 1079 1626 fictae
1097 1592 1280 1635 Begardos
1297 1603 1333 1626 se
1349 1593 1542 1636 appellant,
1562 1603 1644 1626 cum
1661 1590 1820 1626 tabardis
1835 1593 1872 1627 et
1886 1591 1980 1626 tuni-

352 1645 403 1679 cis
419 1645 537 1689 longis
553 1648 588 1679 et
611 1646 729 1690 longis
746 1646 930 1690 cappuciis
947 1658 1029 1680 cum
1053 1646 1132 1681 ocio
1154 1647 1378 1682 intendentes
1393 1659 1436 1681 ac
1459 1648 1599 1682 labores
1614 1657 1789 1681 manuum
1806 1647 1980 1682 detestan-

352 1704 404 1736 tes
421 1700 671 1735 conventicula
688 1701 784 1736 inter
799 1713 836 1736 se
851 1701 1033 1745 aliquibus
1049 1702 1270 1746 temporibus
1286 1702 1425 1737 faciunt
1440 1705 1476 1737 et
1491 1704 1704 1737 conservant
1719 1713 1826 1745 seque
1839 1701 1982 1746 fingunt

354 1767 475 1790 coram
490 1756 650 1799 personis
666 1755 890 1799 simplicibus
902 1756 1121 1800 expositores
1130 1768 1315 1791 sacrarum
1334 1757 1619 1801 scripturarum,
1637 1768 1701 1792 nos
1716 1756 1829 1791 vitam
1842 1767 1978 1798 eorum,

353 1811 414 1854 qui
443 1814 544 1845 extra
574 1810 788 1855 religionem
820 1811 1054 1854 approbatam
1082 1811 1239 1845 validam
1271 1811 1514 1846 mendicantes
1544 1812 1764 1853 discurrunt,
1797 1822 1984 1846 monemus

353 1878 475 1900 omnes
492 1869 526 1900 et
550 1865 712 1909 singulos
728 1865 935 1910 hujusmodi
961 1867 1155 1910 Begardos,
1175 1878 1263 1909 quos
1287 1879 1308 1901 a
1332 1866 1492 1910 quolibet
1515 1867 1714 1911 parochiali
1737 1868 1945 1911 presbytero
1961 1878 1983 1901 a

354 1932 418 1955 sua
435 1920 607 1964 parochia
631 1920 769 1955 moneri
793 1920 959 1954 volumus
976 1920 1181 1965 diligenter,
1200 1924 1240 1956 ut
1264 1921 1360 1956 infra
1376 1922 1594 1965 quindenam
1617 1932 1639 1956 a
1662 1921 1866 1966 praemissis
1879 1921 1984 1956 desis-

353 1980 429 2011 tant
453 1983 488 2010 et
512 1977 555 2010 de
578 1974 762 2009 laboribus
785 1975 859 2009 suis
875 1975 1010 2016 vivant,
1030 1975 1128 2009 circa
1152 1976 1292 2010 labores
1308 1977 1402 2011 sicut
1418 1977 1527 2011 ceteri
1545 1976 1709 2012 homines
1725 1988 1762 2012 se
1778 1979 1980 2021 exponant3

352 2030 514 2073 alioquin
530 2030 624 2074 ipsos
641 2034 675 2066 et
692 2032 888 2075 quemlibet
911 2043 1048 2073 eorum,
1068 2043 1155 2075 quos
1173 2032 1527 2066 excommunicamus
1543 2032 1582 2067 in
1602 2032 1659 2066 his
1674 2031 1828 2076 scriptis,
1847 2033 1982 2067 denun-

353 2084 442 2119 ciari
466 2085 504 2120 in
528 2086 797 2129 parochialibus
812 2086 972 2121 eeclesiis
989 2086 1316 2122 excommunicatos
1333 2087 1585 2132 praecipimus,
1600 2087 1815 2122 mandamus
1829 2085 1983 2132 singulis

354 2139 480 2175 diebus
497 2140 707 2175 Dominicis.

586 2233 701 2268 XCII.
721 2233 780 2268 Nc
796 2234 935 2279 aliquis
950 2246 988 2269 se
1005 2237 1224 2270 intromittat
1242 2237 1282 2269 in
1298 2236 1444 2270 casibus
1461 2236 1741 2281 episcopalibus.

397 2307 651 2343 Interdicimus
681 2308 797 2353 igitur
827 2309 865 2344 in
895 2311 1030 2346 virtute
1058 2314 1202 2346 sanctae
1232 2311 1457 2347 obedientiae
1488 2315 1524 2347 et
1551 2311 1792 2356 praecipimus
1817 2311 1984 2347 omnibus

356 2362 556 2397 rectoribus
572 2366 608 2398 et
631 2363 851 2407 quibuslibet
873 2365 955 2400 aliis
977 2366 1129 2401 subditis
1147 2367 1278 2402 nostris
1302 2370 1445 2402 nostrae
1469 2366 1637 2409 civitatis,
1655 2366 1827 2402 dioecesis
1843 2369 1880 2402 et
1901 2377 1981 2411 pro-

355 2416 496 2452 vinciae
513 2418 742 2453 audientibus
759 2419 1008 2461 confessiones,
1028 2432 1072 2455 ne
1089 2421 1127 2455 in
1144 2421 1284 2455 casibus
1301 2421 1563 2465 episcopalibus
1579 2422 1623 2457 de
1639 2424 1725 2467 jure
1741 2423 1798 2457 vel
1814 2425 1983 2457 consueto

357 2473 402 2506 ad
427 2484 490 2507 nos
513 2477 547 2508 et
572 2475 617 2508 ad
642 2474 826 2519 episcopos
842 2475 1104 2519 pertinentibus
1121 2487 1158 2511 se
1173 2476 1442 2520 quomodolibet
1456 2476 1710 2519 intromittant,
1725 2478 1786 2512 sed
1802 2477 1847 2512 ad
1870 2488 1934 2512 nos
1949 2479 1985 2512 et

357 2527 403 2561 ad
430 2527 613 2572 episcopos
641 2540 700 2562 seu
731 2529 1026 2573 poenitentiarios
1054 2534 1193 2566 nostros
1223 2531 1278 2565 illi
1310 2531 1465 2566 fideliter
1495 2530 1679 2567 remittere
1705 2533 1844 2573 curent,
1873 2533 1909 2567 et
1939 2541 1984 2565 ne

356 2581 487 2625 aliquis
511 2585 696 2626 praetextu
722 2583 950 2627 ignorantiae
977 2596 1014 2620 se
1037 2585 1074 2619 in
1102 2585 1234 2620 talibus
1258 2586 1376 2621 valeat
1400 2597 1581 2628 excusare,
1600 2585 1739 2630 aliquos
1762 2597 1806 2621 ex
1828 2585 1900 2620 illis
1923 2584 1984 2620 hic

357 2636 522 2671 ducimus
539 2637 800 2682 exprimendos.

654 2729 788 2764 XCIII.
807 2730 873 2764 Ile'
890 2731 1059 2765 mittendi
1081 2738 1166 2765 sunt
1188 2732 1238 2766 acl
1255 2732 1448 2767 dominum
1464 2734 1684 2778 episcopum.

405 2829 412 2835 .
431 2829 436 2835 .
456 2830 487 2835 ..
516 2802 650 2845 Tertio,
676 2805 857 2839 confessus
881 2817 918 2840 se
946 2805 1138 2841 credidisse
1165 2807 1383 2842 haercticam
1413 2807 1627 2852 pravitatem
1658 2810 1694 2844 et
1718 2820 1756 2844 se
1785 2807 1984 2847 haereticos

357 2855 531 2899 recepisse
548 2860 582 2892 et
599 2857 643 2892 iis
659 2858 799 2893 favisse.

701 2934 831 2976 Mansi,
850 2935 928 2970 deel
945 2935 1063 2977 XXV,
1083 2937 1148 2979 blz.
1167 2939 1242 2979 261,
1262 2940 1325 2972 262
1341 2949 1386 2991 on
1403 2940 1477 2980 271,
