2097 3466
319 251 361 283 (30
999 240 1130 276 ANNO
1157 241 1256 274 1199

319 340 435 375 Guido
459 337 686 372 anathemate
714 335 948 379 perculissent
963 336 1069 376 atquc
1092 330 1290 366 haereticos
1314 329 1613 373 pronuntiassent,
1633 328 1847 373 principes‘a
1868 341 1934 364 sna

319 394 452 429 ditione
469 391 639 435 ejicerent
656 391 818 433 bonaque
835 400 958 423 eorum
978 389 1061 421 fist-0
1078 386 1285 420 addicerent
1299 398 1308 427 ;
1326 384 1355 418 si
1373 395 1457 418 vero
1474 383 1529 418 illi
1547 384 1585 418 in
1601 383 1646 417 iis
1662 383 1766 418 terris
1783 383 1934 419 ulterius

319 450 556 483 morarentur.
575 448 689 479 morte
705 446 943 481 afficerentur.
964 446 1072 485 utque
1090 440 1269 484 principes
1285 450 1450 474 concesso
1466 438 1533 472 sibi
1558 439 1594 472 in
1612 439 1805 483 plectendis
1827 439 1932 474 scele-

319 504 406 538 ratis
424 512 570 535 munere
586 501 835 542 fungerentur.
854 510 893 531 ea
911 496 1125 531 auetmitate
1143 494 1356 529 Rainerinm
1374 493 1555 534 instruxit,
1573 496 1613 527 ut
1643 493 1783 527 incussa
1799 492 1837 527 in
1858 492 1934 536 ipso

319 555 556 592 anathematis
572 558 678 597 atque
696 554 730 587 in
749 552 920 587 obnoxias
938 551 980 584 iis
1005 554 1118 585 terras
1137 548 1319 583 interdicti
1336 547 1511 591 religione
1528 547 1698 591 adigeret.
1716 546 1936 581 Fulminavit

318 612 425 646 etiam
447 610 483 644 in
500 622 559 644 eos
575 621 717 652 poenas,
737 609 797 651 qui
815 608 871 642 vel
888 605 1087 641 haereticos
1104 604 1264 647 recipere
1280 605 1336 637 vel
1354 602 1529 637 auxilium
1546 603 1690 646 aliquod
1705 602 1749 636 iis
1765 603 1935 646 praebere

321 667 599 709 praesumerent,
618 667 743 697 eontra
760 674 843 697 vero
873 660 1062 705 propositis¹
1094 658 1327 702 indulgentiis
1355 658 1508 692 aliorum
1539 657 1652 691 zelum
1679 657 1853 698 incitavit,
1873 656 1934 700 qui

320 719 447 762 legatis
485 718 557 753 suis
595 730 740 761 operam
772 717 1019 758 auxiliumque
1046 714 1083 747 in
1117 712 1368 756 persequendis
1399 710 1587 746 haereticis
1614 713 1833 754 praestarent
1868 738 1932 745 .....

320 773 495 817 [Aliquos]
519 773 805 816 archiepiscopos
829 782 1024 813 eorumque
1052 769 1307 811 sutl'raganeos,
1333 769 1409 800 tum
1437 765 1615 809 principes
1642 764 1749 806 viros
1775 763 1932 805 comites,

322 829 471 861 barones
497 839 538 861 ae
564 827 712 870 populos
739 826 853 860 literis
884 823 1088 868 apostolicis
1119 823 1163 855 ad
1189 821 1225 855 id
1253 820 1500 855 ardentissime
1527 822 1579 854 est
1605 820 1829 861 adhortatus3
1855 818 1936 853 aliis

321 883 428 917 etiam
461 883 573 917 literis
601 883 649 916 id.
679 882 802 917 Martii
835 881 927 915 datis
959 877 1188 914 Innocentius
1217 876 1457 911 ecclesiastiea
1484 888 1526 909 ae
1556 873 1731 918 singulari
1761 872 1936 917 dignitate

322 937 530 981 conspicuos
546 937 642 972 viros
657 936 833 975 incitavit,
859 938 899 969 ut
915 935 960 968 ad
976 933 1209 968 fraenandam
1227 931 1402 966 haeresim
1419 929 1575 965 studium
1592 928 1848 972 impenderent.

670 1010 844 1046 Odorieus
862 1009 1082 1052 Rawaldus,
1101 1006 1267 1041 Annales
1292 1004 1537 1045 ecclesiastici,
1561 1003 1638 1039 decl
1661 1002 1760 1044 XIII,
1785 1002 1851 1037 blz.
1881 1005 1933 1044 11,

710 1066 756 1100 ad
771 1076 906 1100 annum
924 1066 1018 1104 1193,
1039 1070 1076 1097 n¹'
1092 1064 1145 1097 37.

1092 1197 1174 1246 60.

386 1337 523 1385 1199,
552 1335 709 1377 Μαανί
725 1333 803 1383 24,
827 1334 1075 1375 Lateraan.
1097 1331 1176 1374 Bul
1199 1344 1284 1373 van
1306 1331 1583 1374 Innocentius
1605 1331 1665 1373 III
1681 1330 1852 1387 gericht
1873 1332 1940 1374 tot

324 1405 375 1448 de
392 1403 724 1461 geestelijkheid
748 1415 800 1444 en
825 1402 876 1443 de
894 1400 1163 1457 wereldlijke
1185 1399 1418 1455 bevolking
1435 1414 1519 1442 van
1539 1399 1717 1443 Vite'rbo
1739 1412 1842 1442 over
1862 1400 1939 1442 het

326 1472 507 1517 straffen
531 1472 606 1514 der
630 1471 815 1514 ketters.
843 1495 898 1501 -
933 1469 1077 1513 Onder
1109 1468 1160 1510 de
1183 1468 1477 1524 goedkeuring
1499 1468 1574 1511 der
1609 1469 1863 1511 kardinalen
1885 1481 1938 1510 en

326 1542 627 1596 hisschoppen,
654 1540 720 1582 die
744 1540 843 1582 hem
868 1538 1109 1593 onningen,
1131 1537 1300 1579 beveelt
1317 1537 1368 1579 de
1400 1551 1520 1592 paus,
1547 1537 1619 1580 dat
1641 1537 1840 1580 niemand
1857 1536 1939 1579 den

328 1612 495 1653 ketters
518 1609 706 1665 bijstand
728 1608 947 1650 verleene.
973 1607 1031 1648 De
1054 1607 1223 1649 ketters
1246 1608 1414 1648 moeten
1431 1605 1580 1648 buiten
1597 1606 1649 1648 de
1665 1609 1752 1649 wet
1774 1605 1940 1662 gesteld

328 1694 382 1722 en
405 1680 466 1721 uit
485 1679 569 1720 alle
591 1676 763 1720 ambten
781 1677 977 1732 gesloten
999 1675 1190 1717 worden.
1212 1675 1262 1716 In
1284 1674 1335 1716 de
1363 1675 1599 1732 pauselijke
1631 1677 1772 1718 staten
1793 1674 1936 1717 zullen

328 1749 476 1790 hunne
509 1746 722 1802 goederen
750 1744 964 1787 verbeurd
993 1744 1095 1800 zijn.
1121 1745 1212 1785 Den
1240 1747 1414 1786 vorsten
1445 1743 1487 1785 in
1517 1743 1568 1785 de
1598 1743 1757 1786 andere
1786 1742 1944 1785 landen

330 1817 406 1859 der
427 1814 731 1859 Christenheid
753 1813 895 1856 wordt
927 1812 1108 1855 bevolen
1132 1813 1232 1855 deze
1256 1814 1449 1855 statuten
1472 1825 1525 1855 na
1550 1814 1593 1856 te
1615 1812 1740 1855 leven
1761 1825 1813 1868 op
1837 1810 1950 1855 straf

331 1885 407 1927 der
429 1883 682 1940 geesteliJke
705 1895 906 1926 eensuur.

376 1989 429 2022 De
465 1988 652 2021 communi
683 1987 845 2030 fratrum
876 1990 1066 2018 nostorum
1094 1983 1247 2019 consilio
1389 1985 1525 2019 Datum
1541 1985 1720 2020 Laterani
1753 1983 1842 2019 VIII
1866 1983 1943 2019 kal.

334 2043 478 2088 Aprilis
492 2042 734 2087 pantificalus
752 2041 870 2074 nostri
887 2049 984 2073 amzo
999 2041 1136 2092 psimo.

679 2117 854 2152 Odorieus
877 2117 1097 2161 Raynaldus,
1117 2115 1283 2150 Annales
1301 2116 1546 2157 ecclesiastici,
1565 2115 1643 2151 (leel
1668 2116 1768 2158 XIII,
1794 2116 1860 2151 blz.
1890 2118 1943 2158 28,

722 2173 768 2206 ad
805 2183 939 2205 annum
975 2174 1070 2212 1199,
1104 2178 1141 2205 nr
1173 2174 1224 2205 23.
1257 2191 1300 2195 —
1330 2171 1372 2206 In
1403 2171 1609 2215 September
1639 2173 1722 2206 1207
1751 2170 1946 2215 vaardigde

722 2225 952 2261 Innocentius
975 2226 1026 2260 III
1050 2237 1121 2270 nog
1137 2227 1319 2270 strengere
1335 2228 1465 2261 wetten
1480 2227 1535 2261 uit
1549 2228 1656 2270 tegen
1671 2226 1714 2261 de
1728 2225 1860 2261 ketters
1875 2236 1945 2263 van

720 2282 879 2317 Viterbo.
898 2281 1014 2324 (Ibid,
1029 2282 1095 2316 blz.
1112 2284 1185 2323 152,
1201 2282 1246 2317 ad
1257 2292 1392 2316 annum
1409 2284 1504 2323 1207,
1519 2288 1557 2316 nr
1573 2282 1618 2324 1.)

1099 2420 1175 2467 61.

393 2552 537 2594 Einde
559 2551 639 2594 der
665 2551 740 2594 12Θ
775 2562 915 2601 eeuw,
942 2551 1095 2594 Reims
1126 2563 1180 2593 en
1210 2550 1503 2594 Vlaanderen.
1535 2550 1774 2594 Uittreksel
1809 2551 1872 2595 uit
1894 2550 1946 2594 (16

334 2620 508 2676 kronijk
531 2634 615 2662 van
655 2620 736 2662 den
761 2620 1003 2676 tijdgenoot
1045 2619 1268 2669 RadulsuS,
1296 2618 1370 2662 abt
1406 2632 1492 2662 van
1526 2619 1764 2676 Coggeshal
1787 2620 1944 2678 (Euge-

335 2688 470 2745 land),
488 2702 590 2730 over
609 2688 660 2730 de
679 2687 1137 2744 kettervervolgingen
1155 2690 1198 2731 te
1221 2688 1364 2730 Reims
1387 2701 1439 2730 en
1457 2688 1501 2730 in
1519 2689 1794 2732 Vlaanderen
1814 2691 1944 2745 tegeri

335 2757 386 2799 de
409 2756 677 2799 Publikanen
713 2760 786 2799 ten
809 2757 915 2812 tijde
938 2771 1021 2799 van
1047 2756 1175 2813 graaf
1188 2757 1351 2811 Philips
1375 2770 1458 2799 van
1481 2757 1560 2801 den
1585 2757 1724 2809 Elzas,
1761 2757 1829 2800 die
1849 2757 1943 2801 zich

336 2825 439 2867 door
457 2840 562 2868 eene
584 2825 903 2868 welverdiende
921 2825 1172 2881 strengheid
1191 2825 1542 2869 onderseheidde.
1570 2851 1625 2856 —
1661 2825 1942 2883 Zonderlinge

335 2894 628 2950 geschiedenis
665 2908 751 2938 van
787 2908 866 2937 een
898 2894 1061 2951 meisje,
1089 2894 1161 2937 dat
1184 2893 1287 2936 door
1311 2908 1445 2937 eenen
1483 2894 1751 2952 liederlijken
1777 2895 1942 2952 jongen
