2097 3466
321 255 362 288 78
1004 251 1138 288 ANNO
1163 253 1263 288 1231

322 349 539 393 quicumque
554 348 642 383 tales
659 348 939 393 presumpserint
955 349 1194 384 ecclesiastice
1216 348 1361 384 tradere
1383 347 1578 391 sepulture,
1596 357 1710 391 usque
1726 345 1772 381 ad
1787 345 1944 382 satisfac-

319 404 453 439 tionem
471 403 636 437 idoneam
659 404 1040 439 excommunicationis
1064 404 1239 440 sententie
1254 415 1291 438 se
1317 402 1483 438 noverint
1499 403 1696 447 subjacere,
1715 413 1781 437 nec
1804 401 1944 436 absolu-

317 458 425 493 tionis
439 458 651 492 bcncficium
665 463 882 499 mereantur,
899 459 965 492 nisi
980 458 1134 502 propriis
1147 458 1313 493 manibus
1326 457 1468 502 publice
1480 457 1705 493 extumulent
1717 459 1752 492 et
1765 455 1946 500 proiciant

318 513 523 557 hujusmodi
549 524 699 557 corpora
715 513 1013 557 dampnator1un3
1039 517 1075 548 ct
1091 514 1190 548 locus
1214 513 1275 548 illc
1299 516 1470 557 perpetuo
1495 516 1616 548 careat
1638 512 1835 556 sepultura.
1854 509 1944 545 Item

319 569 470 603 firmiter
487 567 701 607 inhibemus,
721 580 764 602 no
792 568 921 611 cuique
939 568 1029 602 laice
1053 579 1201 611 persono
1225 567 1333 602 liceat
1360 567 1503 611 publice
1532 567 1589 602 vel
1616 566 1784 610 privatim
1808 565 1852 599 de
1875 564 1945 599 fide

318 623 494 658 catholica
510 623 709 665 disputarc;
729 622 790 666 qui
808 635 891 657 vcro
909 627 1034 657 contra
1047 623 1184 663 feccrit,
1199 622 1582 657 excommunicationis
1597 622 1725 665 laqueo
1738 619 1942 655 innodetur.

317 679 404 714 Item
423 678 451 711 si
468 677 548 721 quis
565 677 741 711 hereticos
757 677 902 711 sciveritv
926 678 982 711 vel
1006 677 1146 720 aliquos
1169 677 1311 711 occulta
1334 676 1585 711 conventicula
1601 676 1821 711 celebrantes
1844 684 1907 708 seu
1922 683 1945 707 a

317 733 498 768 communi
516 732 784 766 conversatione
803 732 961 766 fidelium
979 732 1053 766 vita
1069 735 1104 766 ct
1127 732 1288 766 moribus
1310 731 1532 773 dissidentes,
1551 743 1610 766 eos
1626 731 1768 766 studeat
1782 729 1944 764 indicare

316 787 508 823 confessori
522 800 586 823 suo
599 789 654 823 vel
671 789 746 829 alii,
766 801 830 833 per
842 801 946 832 quem
964 789 1086 823 credat
1102 788 1147 822 ad
1162 787 1289 831 prelati
1306 787 1361 822 sui
1375 787 1546 822 noticiam
1559 786 1767 832 pervenire3
1782 783 1943 828 alioquin

316 843 697 879 excommunicationis
727 844 902 879 sententia
929 844 1157 888 percellatur.
1178 842 1262 877 Filii
1284 846 1404 877 autem
1428 842 1683 884 hereticorum,
1701 844 1940 885 receptorum,

315 898 542 932 defensorum
558 909 682 932 eorum
700 909 811 940 usquc
835 898 880 931 ad
903 898 1095 932 secundam
1120 896 1388 941 generationem
1420 897 1466 931 ad
1489 897 1629 931 nullum
1661 895 1942 932 ecclesiasticum

315 952 529 987 beneficium
545 964 607 987 seu
631 952 789 987 officium
819 952 1067 988 admittantur.
1088 951 1192 993 Quod
1219 952 1249 986 si
1277 963 1378 987 secus
1407 955 1529 987 actum
1560 951 1681 994 fuerit,
1715 950 1942 987 decernimus

314 1007 460 1042 irritum
473 1010 508 1042 et
524 1007 642 1043 inane.

665 1072 853 1114 Boehmer‚
872 1074 962 1107 Acta
979 1074 1131 1117 imperii
1146 1073 1288 1115 selecta,
1303 1074 1382 1108 deel
1394 1073 1439 1114 II,
1455 1074 1521 1108 blz.
1536 1075 1600 1108 665
1616 1084 1662 1108 en
1676 1074 1752 1107 666.
1769 1090 1814 1098 -
1825 1071 1942 1108 Reeds

707 1128 935 1172 gedeeltelijk
951 1128 1147 1173 afgedrukt
1159 1129 1206 1171 bij
1224 1129 1399 1163 Odoricus
1416 1129 1638 1172 Raynaldus,
1654 1127 1820 1162 Annales
1835 1127 1940 1161 eccle-

703 1186 858 1224 siastici,
877 1184 955 1218 decl
982 1184 1082 1225 XIII,
1109 1184 1175 1218 blz.
1195 1186 1257 1218 377
1281 1195 1326 1219 θη
1349 1186 1424 1225 378,
1443 1184 1489 1218 ad
1516 1194 1652 1218 annum
1677 1185 1772 1225 1231,
1790 1185 1814 1225 ἓ
1830 1186 1871 1218 14
1895 1194 1941 1218 θη

705 1241 756 1273 15.
776 1238 964 1280 (Potthast,
983 1239 1062 1273 decl
1086 1239 1112 1280 I,
1144 1239 1209 1273 blz.
1236 1241 1312 1280 751,
1343 1240 1390 1274 Nr
1407 1240 1515 1281 8755).
1533 1258 1578 1263 —
1593 1239 1684 1273 Deze
1708 1238 1771 1273 bul
1797 1237 1828 1272 is
1855 1248 1943 1272 eene

702 1293 925 1338 uitbreiding
942 1305 1011 1328 van
1028 1295 1050 1328 ’t
1073 1298 1186 1329 ecrste
1202 1295 1362 1338 gedeelte
1377 1295 1442 1329 der
1455 1294 1517 1329 bul
1532 1305 1602 1328 van
1614 1293 1822 1328 denzelfden
1837 1303 1939 1336 paus,

701 1359 771 1382 van
788 1347 984 1383 omstrecks
997 1350 1038 1383 20
1051 1349 1237 1393 Augustus
1248 1350 1342 1384 1229.
1353 1348 1427 1391 (Zie
1438 1347 1576 1393 hooger
1587 1359 1673 1384 onze
1686 1349 1748 1383 Nrs
1760 1349 1803 1382 68
1815 1358 1860 1383 θη
1873 1348 1942 1390 76.)

1082 1484 1173 1528 80.

373 1611 508 1661 1231,
535 1612 692 1657 Rome.
719 1612 824 1655 Wet
848 1611 954 1654 door
985 1611 1068 1654 den
1097 1614 1274 1655 senator
1298 1610 1567 1654 Annibaldus
1597 1625 1651 1655 en
1673 1611 1750 1657 het
1782 1613 1940 1657 Room-

309 1681 409 1724 sche
432 1681 533 1723 volk
566 1686 697 1736 tegen
719 1681 771 1723 de
801 1680 970 1723 ketters
1000 1681 1344 1737 uitgevaardigd,
1373 1681 1461 1735 (die
1495 1680 1592 1732 ook‚
1619 1695 1672 1737 op
1704 1681 1829 1725 bevel
1853 1695 1938 1724 van

307 1750 541 1806 Gregorius
563 1750 643 1801 IX,
671 1750 815 1792 overal
853 1750 958 1792 door
995 1749 1046 1792 de
1078 1750 1348 1807 wereldlijke
1385 1750 1529 1792 macht
1557 1754 1670 1793 moet
1713 1749 1939 1808 nageleefd

306 1819 520 1871 worden).
548 1844 605 1850 —
629 1819 792 1862 Telken
809 1818 906 1875 jare
929 1818 994 1861 zal
1028 1819 1080 1862 de
1104 1824 1282 1862 senator
1304 1823 1432 1875 tegen
1466 1820 1506 1861 al
1530 1819 1582 1862 de
1603 1818 1771 1863 ketters
1794 1819 1936 1876 zijnen

307 1887 383 1930 eed
402 1888 524 1930 doen.
549 1888 711 1930 Vooral
735 1888 880 1931 indien
904 1902 952 1930 ze
975 1888 1080 1931 door
1097 1888 1149 1931 de
1171 1888 1426 1945 geestelijke
1449 1888 1732 1943 inquisiteurs
1754 1887 1938 1932 ontdekt

305 1957 497 2005 werden,
526 1957 590 1999 zal
615 1958 672 2014 hij
699 1972 747 2000 ze
769 1958 1041 2007 aanhouden‚
1070 1957 1273 2000 bewaren
1298 1972 1351 2000 θη
1370 1956 1549 2000 straffen
1575 1956 1734 2000 binnen
1759 1957 1810 2000 de
1834 1957 1937 2000 aoht

305 2025 443 2081 dagen
464 2040 518 2068 na
536 2027 683 2068 hunne
701 2027 1031 2082 veroordeeling
1048 2027 1151 2069 door
1169 2027 1219 2068 de
1237 2027 1373 2069 Kerk.
1391 2027 1548 2068 Hunne
1566 2026 1781 2081 goederen
1793 2026 1933 2069 zullen

304 2095 516 2137 verkocht
539 2109 593 2137 en
616 2096 818 2138 verdeeld
843 2096 1020 2138 worden
1044 2095 1251 2138 tusschen
1275 2096 1326 2138 de
1347 2094 1625 2150 aanklagers‚
1653 2094 1736 2137 den
1758 2098 1937 2138 senator

303 2177 355 2205 θη
380 2164 407 2205 ’t
430 2163 680 2206 onderhoud
703 2164 779 2206 der
801 2165 1090 2207 stadsmuren.
1119 2166 1178 2207 De
1201 2164 1357 2206 huizen
1382 2164 1458 2206 der
1481 2167 1650 2206 ketters
1673 2177 1726 2206 en
1760 2163 1936 2206 hunner

303 2232 578 2287 aanhangers
626 2233 766 2275 zullen
810 2232 1074 2288 afgebroken
1131 2233 1325 2276 worden.
1372 2233 1473 2276 Wie
1523 2233 1575 2275 de
1622 2230 1791 2275 ketters
1843 2231 1934 2276 niet

303 2299 552 2356 aanklaagt‚
595 2303 660 2344 zal
702 2301 879 2357 twintig
923 2303 1036 2357 pond
1078 2301 1202 2346 boete
1245 2302 1418 2345 betalen
1462 2301 1509 2343 of
1546 2300 1703 2344 anders
1746 2299 1934 2356 gestraft

301 2369 498 2420 worden,
526 2370 671 2413 indien
709 2371 768 2427 hij
815 2371 866 2413 de
899 2370 999 2414 boet
1043 2371 1132 2413 niet
1176 2371 1347 2414 betalen
1382 2370 1487 2413 kan.
1535 2371 1593 2413 De
1625 2369 1932 2425 begunstigers

302 2437 378 2478 der
397 2437 563 2481 ketters
587 2439 729 2481 zullen
748 2453 853 2481 voor
883 2439 933 2482 de
957 2444 1097 2483 eerste
1122 2441 1231 2482 maai
1258 2454 1338 2483 een
1361 2439 1491 2482 derde
1518 2440 1689 2482 hunner
1712 2438 1929 2494 goederen

302 2505 557 2557 verbenren,
586 2521 694 2550 voor
717 2509 767 2550 de
789 2508 957 2551 tweede
980 2508 1231 2551 verbannen
1255 2508 1434 2551 worden
1453 2507 1596 2550 totdat
1615 2507 1666 2564 zij
1689 2506 1930 2564 behoorlijk

300 2572 424 2618 boete
457 2576 622 2630 gedaan
656 2576 842 2620 hebben.
884 2578 943 2634 Zij
979 2578 1123 2620 zullen
1166 2578 1206 2620 al
1244 2579 1393 2621 hunne
1434 2575 1705 2632 wereldlijke
1747 2575 1927 2618 rechten

300 2644 531 2695 verliczen,
554 2659 607 2688 en
626 2646 825 2689 niemand
844 2659 943 2702 mag
960 2646 1051 2689 hun
1068 2646 1210 2689 hierin
1221 2646 1427 2704 bijstaan‚
1450 2659 1501 2701 op
1520 2643 1711 2688 dezelfde
1729 2642 1925 2687 straffen.

300 2711 364 2768 Bij
400 2712 429 2754 't
450 2712 648 2769 afleggen
681 2728 765 2757 van
791 2715 932 2771 zijnen
957 2715 1034 2757 eed
1059 2716 1123 2758 zal
1163 2716 1214 2758 de
1237 2719 1415 2758 senator
1436 2713 1617 2757 beloven
1651 2713 1713 2757 dit
1747 2713 1854 2755 alles
1883 2714 1928 2755 te

300 2780 609 2824 onderhouden
643 2796 696 2825 en
730 2783 982 2826 denzelfden
1013 2784 1090 2826 eed
1126 2797 1212 2827 van
1243 2784 1386 2841 zijnen
1426 2782 1633 2839 opvolger
1654 2785 1698 2825 te
1732 2780 1924 2831 eischen‚

299 2861 352 2903 op
375 2849 489 2892 straf
506 2863 590 2893 van
613 2851 865 2907 nietigheid.
894 2851 1013 2909 Blijft
1035 2853 1094 2908 hij
1121 2853 1264 2910 zijnen
1286 2852 1364 2896 eed
1387 2853 1478 2895 niet
1509 2855 1725 2907 getrouw‚
1754 2849 1838 2893 dan
1861 2848 1926 2893 zal

299 2916 357 2973 hij
382 2917 471 2962 200
492 2918 616 2962 mark
633 2919 758 2964 boete
781 2919 955 2965 betalen
975 2935 1029 2964 en
1049 2924 1115 2966 tot
1133 2935 1243 2978 geen
1267 2920 1485 2979 openbaar
1505 2919 1624 2964 ambt
1646 2932 1765 2963 meer
1780 2920 1928 2975 toege-
