2097 3466
823 231 953 265 ANNO
981 232 1078 265 1448
1697 233 1758 264 327

139 325 295 361 febvrier
310 326 343 360 le
358 324 563 360 chancelicr
585 324 755 358 conseilla
777 323 820 358 de
845 324 876 358 lo
901 323 1030 358 rendre
1055 335 1077 357 a
1101 322 1283 357 condition
1303 323 1345 357 dc
1362 334 1426 367 par
1442 327 1545 368 apres
1561 335 1604 359 en
1622 324 1711 359 faire
1726 325 1760 359 la

141 379 343 425 pugnition.

486 422 694 462 Mdmoircs,
731 427 793 456 etc.
832 421 876 454 (Ie
914 420 951 454 la
986 419 1074 454 ville
1104 420 1149 453 dc
1189 418 1449 454 Valcnciemtes
1473 432 1547 466 par
1577 422 1632 456 M·
1661 421 1756 456 Jcan

534 476 733 521 Cocqmtau,
755 476 833 511 deel
849 476 895 518 11,
914 476 974 510 sol.
994 477 1068 510 278.
1085 494 1129 500 —
1145 474 1204 510 Zie
1221 474 1358 519 hooger
1372 487 1436 510 ons
1453 483 1490 510 nr
1506 478 1580 511 279.

890 617 1008 660 288.

205 746 344 798 1448,
381 746 535 802 Rijscl.
565 745 899 800 Aanteekening
933 757 1015 786 van
1049 743 1201 786 Renon
1235 741 1286 784 de
1318 742 1484 784 France
1506 742 1601 797 (17e
1623 741 1766 798 eeuw)

140 828 246 858 over
266 829 346 858 een
369 816 523 857 vonnis
540 827 624 856 van
647 814 729 856 den
753 813 952 869 bisschop
975 826 1059 855 van
1084 810 1272 854 Doornik
1296 824 1349 852 en
1373 823 1457 853 van
1480 810 1562 853 den
1585 809 1761 865 inquisi-

142 886 242 928 teur
259 886 388 940 tegen
408 883 561 926 enkele
579 883 761 934 ketters,
785 882 850 925 die
869 882 1016 925 aldaar
1036 879 1249 923 verbrand
1273 878 1460 922 werden.

185 1008 240 1042 En
271 1007 339 1042 l'an
364 1009 459 1047 1448,
487 1007 520 1041 le
551 1006 686 1041 vicaire
717 1007 760 1041 de
791 1005 1030 1050 l‘inquisiteur
1059 1005 1179 1040 donna
1208 1006 1373 1039 sentence
1389 1013 1498 1046 avecq
1520 1002 1693 1046 l’evesque
1722 1003 1767 1038 de

143 1060 304 1097 Tournai
318 1063 440 1096 contre
457 1061 610 1095 aulcunz
622 1060 845 1104 hereticques
862 1062 1027 1094 executez
1041 1070 1106 1102 par
1121 1059 1153 1093 le
1170 1059 1228 1093 feu
1243 1069 1288 1093 en
1305 1058 1339 1092 la
1351 1056 1436 1092 ville
1452 1057 1496 1091 dc
1510 1056 1612 1098 Lille,
1628 1059 1649 1091 ξι
1666 1056 1767 1092 l‘aide

142 1119 178 1152 et
193 1115 386 1151 assistance
401 1115 462 1150 des
478 1115 634 1150 officiers
649 1115 696 1150 du
715 1115 792 1149 Duc
809 1115 852 1149 de
869 1113 1112 1158 Bourgoigne.

490 1193 657 1227 Histoire
689 1190 751 1225 cles
779 1189 935 1224 troubles
964 1189 1026 1223 des
1057 1190 1256 1233 Pays-Bas
1283 1200 1357 1234 par
1388 1190 1540 1224 mossire
1569 1189 1695 1225 Renon
1723 1188 1767 1223 de

535 1249 690 1289 France,
709 1247 924 1291 uitgegeven
941 1245 1030 1280 door
1042 1245 1136 1286 Piot,
1155 1245 1220 1280 blz.
1236 1247 1289 1281 61.

923 1384 1043 1429 289.

207 1517 345 1568 1448,
377 1516 502 1559 Geni.
531 1515 712 1559 Oordeel
736 1527 820 1557 van
854 1513 937 1556 den
961 1511 1322 1569 Kamerijkschen
1355 1511 1495 1554 deken
1523 1510 1646 1554 Gillis
1669 1510 1771 1554 Car-

145 1587 224 1629 lier
244 1584 517 1642 (Carlerius)‚
543 1599 596 1640 op
631 1596 852 1638 aanvraag
874 1582 950 1625 der
980 1581 1444 1637 vicarissen-generaal
1466 1593 1550 1623 van
1569 1580 1651 1623 den
1683 1579 1769 1622 bis-

144 1655 277 1710 schop
310 1668 391 1696 van
428 1653 615 1696 Doornik
655 1651 945 1708 uitgebracht‚
974 1664 1077 1694 over
1109 1650 1192 1707 vijf
1209 1650 1443 1693 verdachte
1473 1649 1703 1705 stellingen
1728 1652 1772 1691 te

145 1723 259 1767 Gent
282 1723 387 1766 door
409 1736 545 1765 eenen
569 1721 922 1764 minderbroeder
944 1719 1189 1776 gepredikt.
1216 1744 1271 1750 —
1296 1720 1405 1761 Deze
1430 1718 1677 1774 stellingen,
1705 1717 1772 1760 die

145 1806 228 1835 aan
251 1792 333 1835 den
366 1791 546 1834 officiaal
572 1805 625 1834 en
649 1804 728 1833 aan
763 1790 846 1832 den
878 1789 1017 1831 deken
1040 1788 1205 1832 Carlier
1237 1787 1415 1831 werden
1439 1787 1769 1842 onderworpen,

146 1861 372 1905 verklaart
403 1860 504 1903 deze
543 1861 700 1903 laatste
739 1858 954 1914 oproerig‚
991 1856 1499 1914 lasterlijk‚'kettersch‚
1542 1869 1636 1898 enz.
1679 1856 1771 1913 Zijn

147 1929 304 1974 besluit
327 1929 377 1981 is,
405 1929 479 1972 dat
512 1942 610 1971 men
647 1931 712 1971 tot
746 1926 849 1970 zelfs
871 1926 927 1984 bij
953 1926 1035 1970 den
1058 1940 1164 1982 paus
1185 1939 1261 1969 zou
1293 1929 1462 1969 moeten
1485 1924 1769 1980 aandringen‚

148 1999 276 2055 opdat
309 1998 361 2041 de
399 1997 624 2054 predikers
662 1996 738 2039 der
774 1995 984 2039 biddende
1023 1995 1155 2038 orden
1196 1994 1356 2038 slechts
1390 1994 1523 2037 onder
1561 1993 1612 2036 de
1649 2007 1774 2036 voor-

147 2068 379 2123 zichtigste
402 2081 455 2110 en
480 2066 724 2122 geleerdste
749 2064 953 2108 broeders
974 2064 1138 2107 zouden
1160 2064 1340 2107 worden
1363 2063 1570 2120 gekozen.

192 2192 351 2228 Articuli
379 2194 540 2238 quinque
568 2193 745 2226 iniuriosi
772 2195 804 2224 et
831 2190 1003 2225 sediciosi
1034 2191 1198 2234 impositi
1225 2187 1376 2223 cuidam
1403 2188 1517 2232 fratri
1543 2188 1682 2221 minori
1703 2197 1775 2231 per

149 2249 318 2284 dominos
342 2250 501 2282 vicarios
525 2248 779 2287 Tornacenses,
800 2256 889 2292 quos
912 2246 1033 2290 fertur
1051 2245 1266 2290 predicasse
1290 2245 1330 2277 in
1351 2243 1534 2279 Gandauo
1558 2252 1656 2276 anno
1677 2241 1771 2276 1448.

193 2315 338 2350 Primus
364 2314 550 2350 articulus.
581 2314 705 2348 Primo
737 2311 938 2357 predicauit
967 2311 1062 2356 quod
1092 2310 1209 2346 curati
1236 2310 1396 2345 vendunt
1425 2313 1659 2351 sacramenta,
1689 2308 1775 2353 quia

150 2385 221 2409 non
237 2372 457 2417 baptisarent
473 2370 743 2406 cathecuminos
760 2369 828 2404 nisi
845 2369 1020 2404 haberent
1035 2367 1213 2412 premium
1230 2366 1323 2401 inde.

194 2427 380 2462 Secundus
406 2426 592 2461 articulus.
623 2427 712 2462 Item
740 2424 835 2468 quod
866 2427 1009 2458 centum
1033 2426 1067 2457 et
1095 2422 1191 2457 ultra
1219 2423 1430 2465 permanent
1457 2420 1494 2454 in
1522 2420 1677 2464 peccatis
1703 2421 1777 2455 suis

150 2482 317 2517 videlicet
345 2481 479 2526 publici
505 2480 762 2522 fornicatores-3
789 2479 817 2513 si
846 2483 987 2522 possent
1014 2479 1099 2513 dare
1124 2476 1305 2522 pecunias,
1324 2477 1441 2511 curati
1466 2476 1695 2512 admitterent
1718 2489 1777 2512 eos

150 2538 194 2572 ad
212 2537 496 2572 contrahendum
514 2535 797 2571 matrimonium.

195 2592 345 2627 Tercius
375 2591 561 2627 articulus,
603 2591 691 2625 Item
725 2590 818 2633 quod
851 2589 918 2634 ipsi
949 2589 1127 2634 cordigeri
1160 2592 1195 2623 et
1225 2600 1346 2623 omnes
1378 2587 1619 2622 mendicantes
1650 2586 1778 2621 melius

151 2651 298 2692 possunt
321 2646 446 2681 audire
471 2645 710 2680 confessiones
734 2644 921 2679 hominum
939 2656 1046 2688 quam
1063 2643 1191 2684 curati,
1212 2654 1293 2678 nam
1312 2644 1519 2686 potestatem
1537 2652 1643 2685 quam
1661 2641 1778 2677 curati

150 2703 296 2744 habent,
314 2705 454 2737 tantum
470 2702 604 2736 habent
620 2701 665 2735 ab
681 2700 859 2744 episcopo,
878 2703 913 2735 ct
933 2699 1001 2744 ipsi
1026 2699 1159 2734 habent
1175 2701 1383 2743 potestatem
1401 2708 1422 2731 a
1438 2708 1528 2741 papa
1543 2709 1552 2740 ;
1569 2696 1661 2732 dixit
1682 2700 1718 2732 et
1740 2696 1778 2732 in

152 2759 222 2793 fine
239 2770 275 2793 se
291 2757 422 2792 habere
439 2760 648 2800 potestatem
666 2756 915 2800 episcopalem.

196 2814 355 2855 Quartus
371 2812 557 2846 articulus,
585 2811 673 2846 Item
692 2811 786 2854 quod
811 2810 928 2845 curati
955 2821 1026 2845 non
1053 2810 1179 2844 debent
1207 2808 1316 2844 alicui
1343 2807 1588 2843 contradicere
1611 2807 1779 2844 adminis-

153 2869 345 2906 trationem
373 2867 576 2907 eucaristie,
603 2866 689 2901 licet
721 2865 952 2910 parrochiani
983 2865 1140 2910 ipsorum
1171 2875 1354 2908 nunquam
1382 2864 1640 2900 confiterentur
1665 2862 1718 2899 eis
1744 2862 1782 2900 in

153 2924 312 2968 ecclesijs
327 2922 401 2958 suis
417 2921 715 2967 parrochialibus.
