2097 3466
863 277 994 311 ANNO
1022 279 1121 312 12:323
1773 282 1810 314 91

182 375 280 419 heid
309 375 384 418 der
407 375 601 431 ketterij‚
630 375 696 418 die
720 375 862 418 schier
885 376 975 418 niet
999 376 1061 419 uit
1084 379 1127 418 te
1150 376 1294 418 roeien
1319 375 1370 426 is,
1398 388 1479 418 aan
1503 374 1585 418 den
1621 374 1704 430 dag
1727 376 1813 416 met

181 445 287 487 hare
322 446 518 501 geheime
551 443 894 502 bijeenkomsten
930 458 981 486 en
1006 445 1112 487 hare
1145 445 1320 486 valsche
1354 444 1561 487 leeraars.
1589 442 1730 486 Reeds
1755 456 1811 484 nu

182 513 299 557 heeft
337 514 403 556 die
443 519 536 570 pest
574 514 666 556 zich
706 513 903 556 verbreid
937 527 1041 555 over
1073 514 1124 555 de
1156 513 1411 569 geestelijke
1446 513 1692 568 provincien
1728 524 1812 553 van

181 584 390 638 Bourges,
429 585 623 632 Rouaan,
662 583 798 624 'l‘ours
832 596 884 624 en
918 582 1038 632 Sens,
1077 596 1180 624 over
1213 582 1366 637 geheel
1401 581 1677 623 Vlaanderen
1711 581 1814 635 (per

180 655 318 695 totam
341 652 480 694 etiam
503 651 795 707 Flandriam)
819 665 871 693 en
897 664 1001 693 over
1023 651 1183 694 andere
1208 650 1417 706 naburige
1441 650 1597 692 landen
1623 663 1706 692 van
1739 650 1813 690 het

180 719 431 777 koninkrijk
456 720 707 776 Frankrijk.
735 721 793 762 De
827 719 994 762 ketters
1029 719 1204 762 sterken
1241 719 1448 761 elkander
1482 732 1533 760 en
1560 717 1720 774 wijken
1752 717 1815 759 uit

180 803 287 832 naar
309 789 470 832 andere
499 793 740 844 gewesten‚
767 790 832 831 als
865 790 916 845 zij
953 802 1109 844 ergens
1133 792 1387 831 verontrust
1410 787 1604 829 worden.
1633 788 1814 828 Duarom

179 859 245 901 zal
263 857 446 901 broeder
460 857 624 900 Robert
642 862 728 899 rnet
741 858 853 913 zijne
874 861 987 900 twee
1006 858 1205 913 eollega's
1223 857 1270 898 of
1283 860 1369 899 met
1388 871 1523 899 eenen
1543 870 1622 898 van
1642 855 1810 905 beiden,

180 927 224 970 in
242 927 417 983 overleg
440 931 525 970 met
549 927 600 969 de
623 926 926 982 bisschoppen,
955 927 995 969 in
1021 926 1072 969 de
1093 925 1339 969 voormelde
1359 925 1451 968 stad
1479 927 1539 968 La
1562 923 1738 968 Charite
1761 938 1814 965 en

180 996 222 1039 in
242 997 283 1039 al
306 997 358 1038 de
381 996 653 1052 omliggende
677 996 942 1051 provini-jen,
969 1009 1075 1038 naar
1098 995 1184 1038 luid
1204 995 1341 1052 zijner
1359 1007 1567 1049 vroegere
1594 993 1816 1048 inquisito-

178 1065 284 1108 riale
307 1065 545 1108 commissie
569 1079 621 1107 en
645 1065 722 1107 der
745 1065 986 1121 pauselijke
1010 1067 1206 1107 statuten
1231 1069 1360 1119 tegen
1380 1063 1431 1105 de
1455 1064 1640 1114 ketters,
1668 1063 1815 1104 hunne

179 1135 445 1177 leerstelsels
474 1134 628 1191 ijverig
657 1134 1007 1183 onderdrukken‚
1037 1147 1110 1176 zoo
1145 1133 1302 1189 noodig
1333 1137 1419 1176 rnet.
1446 1131 1602 1187 behulp
1627 1145 1707 1173 van
1734 1131 1815 1172 den

178 1203 479 1260 wereldlijken
517 1217 632 1246 arm.
673 1203 937 1259 Geestelijke
977 1216 1212 1253 censuren,
1255 1201 1468 1244 banvloek
1508 1215 1561 1243 en
1599 1199 1816 1255 kerkelijk

179 1272 380 1316 interdict
419 1285 573 1328 mogen
607 1272 786 1315 daartoe
823 1271 1030 1328 gebruikt
1068 1271 1264 1315 worden.
1307 1272 1366 1313 De
1411 1268 1817 1313 berouwhebbende

178 1341 347 1385 ketters
380 1342 523 1385 zullen
558 1345 644 1384 met
678 1341 729 1384 de
762 1342 883 1384 Kerk
908 1341 1122 1384 verzoend
1148 1340 1327 1383 worden
1363 1340 1404 1382 in
1435 1339 1612 1394 overleg
1646 1340 1734 1380 met
1765 1337 1817 1379 de

177 1410 396 1467 bevoegde
428 1410 729 1467 bissehoppen.
759 1411 856 1454 Aan
891 1411 1016 1453 alwie
1049 1414 1115 1453 tot
1148 1409 1200 1452 de
1225 1409 1511 1465 predikiugen
1536 1408 1613 1450 der
1638 1407 1816 1461 inquisi-

177 1483 299 1524 teurs
324 1481 480 1523 komen
504 1480 570 1523 zal
604 1495 656 1523 en
686 1481 776 1523 hun
801 1479 991 1538 bijStand
1017 1480 1082 1522 zal
1107 1480 1360 1530 verleenen‚
1396 1477 1573 1520 worden
1597 1476 1655 1519 ΞΟ
1676 1476 1816 1532 dagen

179 1549 309 1594 aflaat
333 1549 586 1606 toegezegd.

221 1653 418 1698 Gregorius
433 1652 631 1696 episcopus,
650 1664 773 1687 servus
797 1663 982 1687 servorum
1009 1651 1085 1692 Dei,
1104 1651 1235 1685 dilecto
1260 1650 1335 1684 filio
1359 1648 1463 1684 fratri
1492 1648 1651 1682 Roberto
1676 1646 1816 1681 ordinis·

178 1709 333 1743 fratrum
351 1707 653 1752 praedicatorum,
673 1708 824 1742 salutem
841 1711 876 1742 et
892 1706 1126 1750 apostolicam
1143 1705 1443 1740 benedictionem.

222 1764 426 1798 Gaudemus
450 1764 488 1797 in
513 1763 665 1797 Domino
690 1767 724 1798 et
748 1763 785 1796 in
803 1762 962 1806 potentia
979 1761 1125 1797 virtutis
1149 1763 1238 1807 ejus,
1258 1761 1313 1795 illi
1338 1772 1359 1794 a
1384 1772 1455 1803 quo
1483 1764 1534 1793 est
1559 1770 1664 1793 omne
1692 1759 1817 1792 datum

177 1819 352 1863 optimum
383 1822 418 1854 et
442 1830 547 1853 omne
570 1819 705 1853 donum
729 1819 939 1862 perfeetum,
971 1818 1094 1851 laudes
1122 1820 1275 1861 quantas
1303 1827 1490 1860 possumus
1514 1818 1550 1849 ct
1577 1813 1714 1857 gratias
1730 1814 1817 1848 refe-

177 1876 306 1913 rentes,
334 1873 428 1916 quod
453 1872 546 1907 sicut
572 1884 615 1907 ex
637 1876 838 1907 vestrarum
864 1871 1108 1906 intelleximus
1130 1870 1351 1906 continentia
1378 1869 1673 1913 litte1·ar11ni.pia
1702 1871 1819 1903 mater

179 1926 328 1962 ecclesia
344 1930 458 1970 potest
474 1927 531 1962 his
547 1927 672 1962 diebus
689 1940 729 1962 ac
747 1929 852 1962 debet
874 1927 1003 1961 merito
1028 1927 1257 1971 congaudere
1274 1937 1316 1960 ea
1341 1924 1533 1969 praecipue
1551 1924 1702 1964 ratione,
1721 1923 1817 1967 quod

177 1981 380 2016 haereticae
397 1984 540 2017 macula
555 1983 755 2027 pravitatis,
776 1994 867 2026 quae
891 1981 1055 2016 homines
1072 1981 1232 2015 infinitos
1249 1992 1313 2024 per
1329 1980 1448 2014 varias
1462 1979 1627 2023 regiones
1644 1978 1820 2013 infecerat

177 2037 222 2071 ab
239 2037 399 2080 antiquo,
418 2037 456 2071 in
480 2039 620 2073 occulto
646 2050 807 2073 crescens
831 2037 971 2072 assidue
999 2040 1032 2071 et
1062 2048 1154 2080 quae
1178 2035 1434 2070 damnabiliter
1450 2046 1592 2077 serpere
1617 2034 1753 2068 solebat
1778 2037 1818 2067 ut

179 2105 320 2134 cancer,
346 2105 410 2137 per
434 2094 498 2128 Dei
523 2095 678 2138 gratiam
711 2094 1013 2138 inpresentiarum
1038 2092 1255 2127 mirabiliter
1271 2091 1402 2136 detegi,
1422 2095 1457 2125 ct
1480 2102 1571 2133 quac
1597 2088 1820 2132 temporibus

179 2149 367 2183 retroactis
383 2149 421 2182 in
437 2150 594 2184 tenebris
610 2150 806 2190 latitarent,
820 2151 898 2193 jam
923 2148 1107 2192 coeperint
1124 2147 1201 2182 fieri
1227 2147 1427 2187 manifesta,
1447 2145 1542 2179 unde
1559 2143 1619 2187 qui
1644 2144 1819 2178 haetenus

179 2203 446 2247 incorrigibiles
459 2205 667 2246 extiterunt,
683 2203 912 2239 reconciliari
931 2203 999 2238 rite
1024 2206 1191 2247 poterunt
1216 2201 1388 2236 ecclesiae
1406 2200 1550 2240 unitati,
1570 2199 1632 2233 alii
1651 2211 1735 2234 vero
1753 2211 1818 2243 pro

179 2259 350 2293 facinoris
379 2259 553 2303 qualitate
583 2272 733 2303 poenam
762 2259 918 2294 debitam
948 2261 1156 2302 reportare;
1187 2268 1268 2291 cum
1296 2256 1392 2290 enim
1423 2268 1485 2289 nos
1513 2255 1648 2289 dudum
1678 2254 1819 2289 dilectis

181 2315 265 2350 filiis
281 2315 393 2360 priori
413 2316 603 2351 Bisuntino
621 2319 656 2351 et
673 2315 776 2350 fratri
795 2314 975 2349 XVallerio
992 2314 1035 2348 de
1060 2313 1187 2347 ordine
1204 2314 1357 2347 fratrum
1385 2311 1674 2355 praedicatorum
1692 2321 1733 2342 ac
1751 2309 1817 2343 tibi

181 2370 310 2405 nostris
326 2371 544 2405 dedissemus
561 2371 675 2405 literis
692 2371 727 2404 in
743 2370 932 2408 mandatis,
952 2369 1046 2412 quod
1072 2368 1108 2402 in
1136 2367 1349 2411 Burgundia
1376 2378 1483 2409 super
1500 2364 1652 2399 crimine
1669 2375 1818 2407 praeno-

180 2429 254 2460 tato
278 2426 343 2460 sub
368 2429 466 2461 certa
490 2427 606 2461 forma
631 2438 712 2460 cum
739 2425 824 2469 ipsis
848 2424 1098 2468 praequircrcs
1122 2422 1289 2466 diligenti
1315 2419 1543 2456 solicitudine
1560 2419 1760 2459 veritatem,
1779 2421 1818 2453 tu

182 2480 312 2524 prioris
329 2480 440 2524 ipsius
453 2492 560 2524 super
575 2481 631 2515 his
648 2481 743 2515 vices
760 2481 924 2523 fungens.
946 2491 989 2513 ne
1007 2478 1171 2522 injuncto
1187 2478 1252 2512 tibi
1272 2476 1389 2512 officio
1406 2475 1613 2518 exequendo
1632 2473 1819 2517 negligens

180 2547 382 2579 apparereS,
393 2537 438 2570 ad
455 2535 579 2570 villam
594 2536 829 2575 Charitatem,
841 2533 1163 2569 Autissiodorensis
1179 2531 1354 2570 dioecesis,
1371 2532 1413 2565 dc
1431 2528 1651 2573 praescripto
1668 2527 1819 2571 pessime

182 2590 391 2626 infamatam
409 2591 509 2631 vitio,
528 2591 720 2631 accessisti,
741 2591 863 2634 ibique
881 2601 1082 2634 proponens
1106 2601 1147 2623 ac
1165 2588 1376 2632 praedicans
1400 2583 1601 2620 doctrinam
1619 2582 1819 2617 catholicae

181 2657 223 2679 ac
239 2646 470 2690 evangelicae
483 2645 645 2681 veritatis
661 2645 880 2680 habitatores
896 2645 1068 2689 ejusdcm,
1085 2648 1122 2679 ut
1140 2655 1285 2688 Dim-sus
1302 2638 1507 2686 hujusmodi
1526 2637 1614 2672 vitio
1631 2638 1673 2671 de
1692 2636 1817 2670 relicto

182 2701 340 2735 redirent
357 2701 401 2735 ad
419 2701 634 2736 catholicam
653 2701 827 2735 unitatem
845 2699 983 2734 solicite
1000 2711 1145 2733 monere
1162 2698 1294 2733 curasti
1309 2712 1316 2738 ;
1336 2710 1406 2741 quo
1424 2700 1568 2740 peracto
1585 2694 1816 2738 quamplures

182 2767 223 2790 ex
241 2755 303 2795 eis,
322 2756 463 2790 favente
483 2756 556 2796 illo,
575 2756 635 2799 qui
662 2767 732 2790 non
751 2756 826 2789 vult
845 2757 995 2789 mortem
1015 2754 1224 2797 peccatoris,
1252 2754 1311 2787 scd
1329 2752 1448 2796 potius
1480 2756 1517 2785 ut
1536 2754 1768 2783 convertatur
1783 2751 1817 2782 et

182 2810 291 2851 vivat,
312 2810 457 2853 quidam
483 2823 503 2844 a
527 2814 560 2845 te
585 2810 790 2854 specialiter
805 2809 956 2848 evocati,
985 2808 1130 2850 quidam
1156 2808 1343 2843 vocatione
1368 2813 1427 2842 tuti
1454 2805 1602 2840 minime
1619 2807 1816 2848 expectata.

185 2865 346 2900 nonnulli
365 2866 472 2900 ctiam
491 2879 579 2910 quos
595 2878 723 2900 vocare
742 2867 947 2900 nullatenus
971 2866 1179 2900 intendebas
1211 2867 1333 2908 utpote
1352 2875 1420 2897 uon
1438 2865 1630 2905 suspectos,
1650 2860 1694 2893 ad
1719 2863 1817 2893 tuam

184 2920 421 2963 praesentiam
454 2921 662 2955 accedentes
693 2932 866 2965 generum
906 2920 1040 2964 species
1071 2920 1297 2954 ‹lirorsoruiu
1330 2922 1362 2952 ct
1404 2916 1641 2960 plurimarum
1685 2925 1817 2958 genera

183 2974 382 3019 specierum
408 2975 591 3019 praemissi
617 2976 762 3010 sceleris
786 2978 821 3010 ct
843 2975 988 3016 erroris,
1017 2974 1146 3021 quibus
1176 2975 1317 3009 fueraut
1346 2971 1542 3007 enormiter
1566 2968 1817 3007 inv0111ti,tibi
