2097 3466
326 275 388 309 ¹208
1009 268 1140 307 ANNO
1169 272 1270 306 1369

713 367 810 412 geeft
826 369 909 402 1367
925 365 976 401 315
992 366 1076 410 jaar
1095 364 1200 401 dez‘er
1222 365 1283 400 bul
1300 377 1369 410 0p3
1398 375 1500 401 maar
1521 366 1608 411 p'aus
1634 366 1802 404 Urban'us
1816 367 1860 410 V,
1877 367 1937 404 die

714 422 881 466 Avignon
897 421 1056 456 vet-laten
1081 421 1163 461 had,
1182 420 1270 455 deod
1291 420 1420 456 slechts
1444 432 1488 465 op
1513 424 1552 456 16
1571 422 1724 457 October
1741 425 1823 458 1367
1846 424 1936 466 ziine

713 481 825 511 eerste
853 476 989 510 intrude
1015 478 1049 509 te
1078 474 1203 509 Rome.
1233 475 1290 516 (ef.
1319 474 1493 509 Odoricus
1525 475 1743 520 Raynaldus,
1773 476 1936 512 Annales

714 530 958 569 ecclesiastici,
987 529 1064 563 deel
1092 527 1190 569 XVI,
1209 529 1274 563 blz.
1296 530 1381 570 466).
1396 549 1440 554 -
1456 529 1545 565 Deze
1562 530 1623 565 bul
1646 530 1676 565 is
1691 532 1937 576 grootendeels'

712 596 798 620 eene
825 584 1016 627 letterlijke
1042 583 1236 627 herhaling
1262 583 1326 618 der
1350 583 1411 618 bul
1437 595 1507 619 van
1535 584 1764 621 Innocentius
1781 586 1841 629 VI,
1865 596 1936 622 van

714 643 754 675 15
770 640 789 675 J
794 640 844 674 uli
863 642 957 675 1353.
975 638 1048 681 (Zie
1064 638 1200 682 hooger
1215 649 1279 673 ons
1295 645 1333 673 nr
1350 639 1440 681 206.)

1074 773 1190 818 210.

386 903 522 955 1369,
547 903 661 947 Junz‘
688 903 731 953 9,
760 903 926 945 Lucccz.
971 902 1097 944 Bevel
1119 915 1204 944 van
1235 901 1379 944 keizer
1410 902 1542 945 Karel
1575 903 1652 954 IV,
1680 902 1849 959 gericht
1869 905 1936 948 tot

324 973 376 1015 de
407 971 825 1027 aartsbisschoppen,
853 970 1153 1025 hisschoppen,
1178 984 1273 1012 enz.
1301 984 1354 1013 en
1386 974 1451 1013 tot
1474 971 1524 1013 de
1548 972 1737 1027 gansche
1768 974 1936 1028 geeste-

324 1041 501 1099 lijkheid
526 1040 712 1083 alsmede
734 1043 798 1082 tot
821 1039 871 1081 de
896 1039 1125 1094 hertogen,
1152 1052 1330 1094 graven,
1359 1053 1452 1082 enz.
1479 1053 1530 1082 en
1554 1042 1619 1082 tot
1639 1040 1722 1083 alle
1755 1039 1936 1083 wereld-

324 1111 426 1166 lijke
447 1109 708 1159 overheden,
736 1107 884 1151 alsook
907 1109 972 1151 tot
1006 1107 1046 1149 al
1076 1107 1188 1164 zijne
1211 1107 1469 1150 onderzaten
1495 1121 1577 1150 van
1601 1107 1675 1151 het
1699 1106 1937 1152 Roomsche
1976 1120 1980 1125 ’

324 1180 438 1236 Rijk,
467 1191 572 1221 over
596 1178 670 1220 het
686 1177 922 1231 vervolgen
944 1175 1020 1218 der
1042 1175 1310 1231 Beggarden‚
1333 1176 1541 1232 Begijnen
1564 1191 1617 1219 en
1640 1191 1757 1220 meer
1778 1177 1937 1220 andere

321 1248 489 1290 ketters
519 1246 583 1288 als
610 1245 661 1288 de
683 1245 944 1302 Vrijwillige
978 1244 1156 1295 Armen,
1184 1243 1234 1285 de
1266 1243 1645 1297 Conventwsters,
1682 1259 1776 1288 enz.
1809 1245 1853 1288 in
1885 1245 1936 1288 de

322 1315 525 1360 Duitsche
557 1313 729 1357 landen.
755 1339 812 1344 —
831 1313 893 1369 Op
916 1313 993 1355 het
1013 1315 1245 1368 voetspoor·
1276 1312 1352 1355 der
1383 1326 1544 1368 pausen
1578 1328 1631 1356 en
1665 1314 1741 1357 der
1770 1314 1937 1357 keizers

323 1386 434 1442 zijne
455 1396 749 1439 voorgangers
771 1381 993 1425 verklaart
1015 1381 1073 1438 hij
1100 1381 1150 1423 de
1176 1381 1397 1435 Inquisitie
1430 1385 1472 1425 te
1504 1382 1652 1426 willen
1687 1385 1870 1426 steunen
1892 1382 1936 1425 in

323 1453 458 1495 haren
477 1451 602 1509 strijd
620 1454 750 1507 tegen
773 1451 813 1494 al
837 1450 902 1493 die
925 1450 1110 1501 ketters,
1138 1450 1254 1492 welk
1276 1450 1319 1494 in
1342 1449 1424 1501 den
1448 1449 1531 1494 ban
1553 1452 1629 1493 der
1650 1450 1771 1494 Kerk
1793 1465 1846 1494 θη
1864 1443 1938 1494 des

324 1521 448 1579 Rijks
470 1521 556 1577 zijn
580 1534 630 1563 en
655 1520 932 1575 dienvolgens
965 1522 1134 1562 moeten
1159 1519 1395 1574 uitgeroeid
1421 1519 1616 1562 worden.
1642 1520 1696 1562 Al
1717 1520 1749 1562 ’s
1770 1519 1937 1562 keizers

324 1590 583 1633 onderzaten
623 1589 764 1630 zullen
796 1587 847 1630 de
884 1587 1160 1642 inquisiteurs
1199 1587 1242 1629 in
1281 1588 1331 1630 de
1370 1588 1573 1631 Duitsche
1609 1587 1766 1631 landen
1799 1587 1862 1631 uit
1895 1588 1937 1630 al

323 1659 469 1702 hunne
493 1657 636 1700 macht
656 1661 786 1712 tegen
809 1656 860 1699 de
881 1656 1048 1699 ketters
1071 1658 1239 1699 moeten
1264 1655 1435 1712 helpen,
1463 1670 1515 1712 op
1547 1655 1661 1699 straf
1683 1669 1767 1699 van
1789 1655 1937 1699 hunne

322 1726 512 1778 ambten,
540 1725 892 1781 waardigheden,
919 1738 1013 1768 enz.
1041 1727 1084 1768 te
1099 1725 1330 1768 verliezen.
1352 1725 1412 1767 De
1429 1725 1596 1768 ketters
1620 1727 1708 1768 met
1727 1724 1768 1768 al
1790 1724 1937 1767 hunne

324 1796 595 1851 aanhangers
637 1808 692 1836 en
733 1793 1036 1850 begunstigers
1078 1794 1236 1845 zullen‚
1280 1793 1449 1836 telkens
1492 1793 1555 1836 als
1596 1793 1648 1836 de
1700 1793 1936 1851 pauseliJke

323 1863 578 1920 inquisiteur
614 1863 790 1907 Walter
831 1862 1016 1918 Kerling
1054 1862 1101 1904 of
1136 1862 1222 1919 zijn
1259 1862 1455 1917 collega’s
1494 1876 1548 1905 en
1589 1861 1824 1905 vicarissen
1861 1862 1936 1905 het

323 1932 544 1989 gebieden,
572 1945 812 1988 gevangen,
839 1930 1081 1987 gekerkerd
1109 1944 1161 1973 en
1186 1929 1370 1986 gestraft
1392 1929 1585 1974 worden.
1611 1931 1671 1973 De
1694 1928 1936 1987 kerkvoog-

323 2002 404 2044 den
426 2002 567 2044 zullen
600 2005 730 2057 tegen
765 2000 816 2043 de
847 1999 1014 2043 ketters
1037 1999 1088 2042 de
1125 1999 1379 2056 geestelijke
1414 2013 1624 2042 censuren
1662 1999 1930 2055 uitspreken.

367 2119 521 2155 Karolus
551 2121 710 2162 quartus,
743 2118 865 2152 divina
894 2119 1035 2153 favente
1065 2117 1266 2159 clementia,
1296 2117 1543 2152 Romanorum
1575 2117 1770 2161 imperator
1801 2127 1939 2161 semper

324 2179 496 2219 augustus
520 2177 555 2209 et
579 2174 746 2208 Boemiae
769 2184 842 2212 rex,
862 2173 1126 2208 venerabilibus
1151 2172 1440 2216 archiepiscopis,
1463 2172 1648 2216 episcopis,
1674 2171 1806 2212 electis,
1832 2171 1937 2205 abba-

324 2231 430 2270 tibus,
457 2229 647 2272 prioribus,
672 2227 826 2268 decanis,
854 2227 1075 2270 praepositis,
1104 2227 1379 2267 archidiaconis,
1409 2225 1739 2270 archipresbyteris,
1764 2224 1936 2269 plebanis,

324 2286 522 2321 rectoribus
538 2288 573 2320 et
595 2283 676 2318 aliis
697 2282 929 2318 ecclesiarum
946 2285 981 2317 et
1005 2281 1303 2317 monasteriorum
1321 2281 1501 2325 praelatis,
1520 2282 1678 2325 ipsorum
1695 2281 1789 2315 vices
1812 2291 1936 2324 geren-

324 2340 431 2381 tibus,
469 2338 634 2383 capitulis
659 2349 798 2381 quoque
822 2341 858 2371 et
885 2336 1117 2372 conventibus
1141 2336 1373 2371 ecclesiarum
1400 2339 1435 2370 et
1457 2335 1755 2371 monasteriorum
1778 2335 1938 2379 ipsorum

325 2395 522 2438 ceterisque
544 2393 703 2437 personis
725 2391 975 2427 ecclesiasticis
998 2394 1033 2426 et
1056 2390 1277 2425 secularibus
1293 2402 1335 2425 ac
1351 2390 1588 2434 regularibus,
1615 2389 1786 2434 exemptis
1808 2395 1844 2425 et
1865 2401 1937 2424 non

325 2450 508 2493 exemptis,
527 2459 665 2484 necnon
681 2447 860 2482 nobilibus
884 2446 982 2487 viris,
1001 2446 1164 2487 ducibus,
1184 2445 1417 2489 principibus,
1435 2444 1715 2487 marchionibus,
1733 2444 1935 2487 comitibus,

326 2505 530 2545 baronibus,
560 2501 774 2542 semseallis,
797 2500 1016 2545 justitiariis,
1046 2500 1291 2544 potestatibus
1323 2499 1530 2543 capitaneis
1558 2499 1769 2542 rectoribus,
1796 2499 1934 2541 balivis,

324 2559 548 2599 officialibuS,
577 2557 763 2597 militibus,
797 2556 986 2590 clientibus
1016 2555 1213 2598 ceterisque
1243 2554 1397 2588 dominis
1429 2554 1696 2597 temporalibus,
1725 2553 1936 2589 universita-

325 2614 421 2648 tibus
434 2624 573 2657 quoque
587 2612 785 2652 civitatum,
801 2613 1010 2651 castrorum,
1026 2612 1217 2650 terrarum,
1232 2609 1401 2643 villarum
1414 2611 1449 2644 et
1464 2609 1617 2643 aliorum
1631 2619 1938 2652 quorumcumque

326 2668 498 2709 locorum,
517 2666 699 2712 magistris
716 2666 914 2706 consulum,
933 2664 1138 2699 consulibus
1155 2667 1190 2699 ot
1205 2663 1360 2698 scabinis
1376 2674 1419 2697 ac
1434 2663 1514 2697 aliis
1532 2663 1707 2698 universis
1722 2666 1758 2698 et
1770 2661 1934 2708 singulis,

326 2723 372 2757 ad
388 2734 474 2766 quos
491 2725 690 2766 praesentes
714 2720 941 2764 pervenerint
956 2719 1012 2754 vel
1034 2718 1095 2762 qui
1120 2730 1201 2753 cum
1217 2718 1266 2753 eis
1290 2717 1426 2752 fuerint
1447 2717 1621 2761 requisiti,
1640 2717 1770 2752 nostris
1785 2729 1828 2763 ac
1842 2717 1936 2762 sacri

327 2776 481 2813 Romani
500 2777 641 2821 imperii
658 2776 826 2820 subjectis
842 2778 915 2811 tam
932 2774 1136 2810 immediate
1152 2786 1259 2818 quam
1271 2773 1436 2815 mediate,
1452 2773 1598 2815 devotis,
1612 2773 1762 2816 dilectis,
1780 2772 1936 2818 gratiam

327 2843 427 2866 suam
443 2835 479 2867 et
494 2842 598 2866 omne
615 2832 759 2866 bonum.

371 2885 593 2920 Salutaribus
618 2885 656 2919 1η
680 2884 821 2919 Christo
844 2882 956 2927 patris
978 2882 1090 2918 nostri
1113 2885 1149 2917 et
1170 2881 1318 2923 domini,
1345 2881 1481 2917 domini
1504 2882 1654 2924 Urbani,
1672 2881 1794 2917 divina
1818 2881 1934 2926 provi-

319 2938 446 2975 'dentia
457 2940 574 2984 ‘pafia'e
587 2939 715 2983 quinti,
727 2951 770 2974 ac
785 2949 931 2973 suorum
944 2939 1253 2983 praedecessorum
1267 2940 1470 2973 nostrorum
1486 2937 1742 2982 imperatorum
1755 2941 1790 2974 et
1806 2949 1934 2983 regum
