2097 3466
743 226 876 262 ANNO
902 229 1119 263 1349-1350
1678 229 1739 264 19³

112 317 348 362 omnibusque
364 317 573 354 necessariis
588 319 656 354 sibi
674 319 711 353 in
727 318 909 363 proposito
927 323 962 354 et
979 319 1016 354 in
1032 320 1126 354 sacto
1143 319 1380 363 praeparatis,
1401 319 1570 355 exierunt
1584 319 1628 355 de
1652 320 1742 355 civi-

111 376 186 407 tate
201 373 291 408 feria
305 373 462 407 secunda
478 373 515 408 in
533 378 636 408 nocte
652 374 730 408 festi
748 374 950 408 nativitatis
966 374 1130 418 Virginis
1148 374 1336 418 gloriosae,
1355 378 1390 408 et
1409 376 1571 409 fecerunt
1587 375 1741 419 primam

110 437 212 461 suam
230 426 486 470 poenitentiam
503 427 541 462 in
558 429 647 467 foro,
666 427 728 462 ubi
746 428 943 463 multitudo
961 429 1083 472 populi
1101 421 1178 463 erat
1193 432 1428 472 congregata.
1452 428 1497 463 Et
1515 435 1684 464 exeuntes
1697 431 1742 465 de

111 481 259 518 civitate
281 482 426 518 iverunt
449 494 572 518 versus
599 484 723 518 villam
752 484 990 518 insulensem.
1016 484 1100 519 Dies
1121 488 1242 529 autem
1260 483 1297 517 in
1313 494 1385 526 qua
1401 483 1599 525 redierunt,
1616 485 1685 520 suit
1701 485 1740 520 in

110 537 269 572 crastino
285 537 379 572 beati
395 537 558 581 Dionysii
577 538 759 582 martyris,
778 549 870 581 quae
887 538 956 572 suit
972 538 1048 573 dies
1063 537 1222 572 sabbati.
1236 562 1244 571 .
1260 561 1268 571 .
1280 559 1290 570 .

113 634 117 638 ἱ
153 591 200 627 Et
223 594 275 626 est
290 591 476 626 sciendum
492 592 599 635 quod,
619 591 704 627 licet
723 593 759 627 in
776 592 839 626 illo
864 596 1024 636 tempore
1048 591 1174 628 suisset
1197 596 1297 627 tanta
1320 592 1514 628 commotio
1540 588 1738 629 facientum

110 646 386 692 poenitentiam,
403 650 444 682 ut
459 651 511 682 est
534 646 683 690 dictum,
710 658 781 682 non
804 651 924 682 tamen
948 647 1017 682 hoc
1041 647 1148 683 fiebat
1178 647 1217 682 in
1243 650 1319 682 tota
1336 647 1492 682 Francia
1508 659 1574 683 nec
1600 649 1638 683 in
1656 648 1738 683 aliis

108 695 233 745 regnis
262 703 298 735 et
328 700 538 745 regionibus
567 702 743 744 superius,
763 701 832 736 nisi
864 701 903 735 in
928 701 1113 743 Flandria,
1147 700 1353 745 Hannonia,
1371 702 1571 738 Brabantia
1594 705 1630 738 et
1652 702 1736 738 aliis

108 755 320 800 regionibus
334 755 566 791 tendentibus
581 767 706 791 versus
724 756 974 791 Occidentem.
987 779 996 790 .
1012 779 1022 790 .
1035 778 1045 789 .

149 821 318 856 Nomina
334 821 501 856 aliarum
518 821 696 856 villarum
714 828 744 856 et
760 834 956 857 numerum
967 834 1215 868 personarum
1229 829 1260 859 et
1277 824 1356 859 dies
1370 824 1522 870 quando
1539 830 1731 867 venerunt,

106 875 208 911 ultra
222 879 393 921 superius
410 882 646 918 memoratas,
661 880 754 912 sicul
773 877 868 911 mihi
884 884 934 911 est
950 879 1122 914 relatum.
1260 872 1263 878 ’

150 931 371 966 Duodecima
403 932 462 966 die
494 932 727 976 Septembris,
763 938 938 967 venerunt
975 934 1019 968 de
1051 934 1264 978 'l'ylemonte
1294 936 1334 969 in
1372 935 1568 970 Brabantia
1607 937 1737 972 sexties

105 987 255 1032 viginti.
274 988 408 1023 Eodem
422 988 492 1028 die,
510 1000 529 1022 a
548 989 635 1023 villa
652 989 696 1023 de
711 989 812 1022 Slusa
830 988 987 1023 Lxxx.
1008 989 1141 1023 Eodem
1155 990 1224 1028 die,
1239 1001 1259 1024 a
1275 990 1361 1024 villa
1374 990 1417 1024 de
1437 990 1610 1035 Louveng
1623 991 1734 1026 CLX.

107 1043 148 1077 In
163 1047 268 1078 nocte
287 1042 488 1078 nativitatis
506 1044 630 1078 beatae
647 1043 798 1084 Mariae,
817 1056 838 1078 a
855 1044 942 1078 villa
957 1044 1027 1078 dou
1054 1045 1142 1078 Dam
1161 1044 1308 1080 circiter
1338 1045 1382 1079 L.
1408 1046 1445 1079 ln
1462 1045 1520 1079 die
1538 1046 1738 1080 nativitatis

104 1099 230 1134 beatae
247 1098 398 1139 Mariae,
421 1099 542 1133 avilla
567 1101 610 1133 de
638 1099 805 1142 Enghien
837 1099 986 1133 circiter
1016 1099 1088 1134 CC.
1118 1100 1157 1134 In
1185 1101 1343 1134 crastin.)
1371 1101 1583 1141 nativitatis,
1602 1112 1623 1134 a
1646 1102 1734 1137 villa

104 1153 342 1188 Namurcensi
359 1152 505 1187 circiter
521 1153 629 1188 CLX.
650 1153 785 1187 Eodem
802 1153 872 1192 die,
891 1164 912 1187 a
927 1152 1015 1187 villa
1031 1154 1074 1188 de
1092 1154 1226 1198 Brugis
1243 1154 1390 1189 circiter
1407 1155 1433 1189 C
1457 1157 1493 1189 et
1510 1155 1550 1190 L.
1570 1155 1611 1190 In
1630 1159 1733 1191 nocte

103 1207 339 1252 processionis
356 1207 605 1248 Tornacensis,
624 1218 645 1242 a
661 1207 748 1241 villa
764 1208 806 1242 dc
824 1208 1001 1251 Nuefport
1017 1208 1163 1243 circiter
1187 1209 1340 1244 LXXX.
1362 1209 1495 1243 Eodem
1519 1209 1590 1250 die,
1609 1221 1630 1244 a
1646 1211 1733 1245 villa

102 1263 146 1297 de
163 1262 296 1307 Brugis
313 1262 350 1297 in
373 1263 512 1297 duabus
535 1261 768 1296 societatibus
791 1261 938 1296 circiter
955 1262 1052 1297 CCC.
1074 1263 1206 1297 Eodem
1228 1263 1298 1304 die,
1313 1275 1335 1297 a
1358 1263 1446 1298 villa
1461 1264 1531 1298 dou
1550 1265 1639 1299 Dam
1664 1265 1731 1300 cir-

101 1314 193 1350 citer
215 1318 370 1350 centum.
389 1314 430 1349 In
447 1314 504 1349 die
520 1314 769 1357 processionis,
787 1325 808 1348 a
825 1314 948 1349 Monte
973 1314 1166 1348 Caslctensi
1190 1314 1336 1350 circiter
1353 1316 1392 1351 L.
1412 1316 1453 1351 In
1470 1318 1628 1353 crastino
1652 1319 1731 1354 festi

101 1370 350 1415 processionis,
369 1381 390 1404 a
414 1370 501 1404 villa
529 1370 572 1404 de
597 1369 703 1403 Slusa
719 1369 866 1404 circiter
893 1369 991 1404 CCL.
1013 1370 1146 1404 Eodem
1163 1370 1232 1411 die,
1252 1382 1273 1404 a
1288 1370 1376 1406 villa
1392 1372 1436 1407 de
1454 1373 1572 1407 Donsa
1587 1374 1734 1410 circiter

100 1428 256 1460 centum.
290 1425 423 1460 Eodem
452 1424 523 1464 die,
556 1435 578 1458 a
608 1424 697 1458 villa
724 1424 767 1458 de
799 1424 979 1458 Dixmude
1011 1423 1156 1458 circiter
1185 1425 1385 1469 sexaginta.
1412 1426 1453 1461 In
1485 1432 1588 1466 nocte
1614 1428 1730 1464 sancti

99 1480 265 1522 Matthei,
283 1492 305 1515 a
321 1480 408 1515 villa
423 1479 602 1514 Montensi
630 1479 668 1513 in
697 1479 890 1514 Hannonia
917 1479 1063 1514 circiter
1080 1480 1135 1515 CC
1152 1483 1188 1515 et
1203 1480 1281 1515 XL.
1302 1481 1435 1517 Eodem
1452 1483 1521 1524 die,
1539 1495 1561 1518 a
1584 1484 1671 1519 villa
1687 1485 1731 1519 de

99 1535 305 1571 Aldenardo
321 1534 467 1570 circiter
484 1534 582 1569 CCC.
603 1534 734 1568 Eodem
760 1534 830 1575 die,
849 1545 870 1568 a
887 1534 974 1568 villa
997 1535 1041 1568 de
1069 1534 1253 1578 Genappes
1278 1535 1424 1571 circiter
1437 1538 1566 1573 sexties
1582 1539 1726 1583 viginti.

99 1589 233 1625 Eodem
249 1590 318 1632 die,
337 1601 358 1624 a
372 1589 459 1624 villa
475 1590 519 1624 de
535 1589 664 1624 Insulis
680 1589 826 1624 circiter
841 1589 998 1624 ducenti.
1014 1589 1056 1623 In
1071 1589 1129 1624 die
1144 1590 1235 1624 beati
1250 1590 1601 1632 Matthei,venerunt
1617 1604 1725 1636 quae-

97 1645 181 1680 dam
197 1645 366 1680 mulieres
388 1645 432 1680 de
448 1644 621 1679 Flandria
645 1644 738 1678 sicut
760 1643 830 1678 viri
854 1643 1037 1685 facientes,
1055 1644 1279 1688 discooperto
1306 1646 1422 1680 solum
1449 1647 1566 1688 dorso,
1581 1647 1728 1684 circiter

96 1697 182 1733 XX.
199 1698 387 1734 Dominica
404 1702 482 1743 post
498 1699 628 1734 festum
645 1698 812 1739 Matthei,
830 1710 852 1732 a
869 1698 956 1732 villa
971 1699 1015 1733 de
1027 1699 1210 1733 Malbodio
1225 1699 1370 1735 circiter
1387 1701 1455 1736 CC.
1472 1702 1605 1738 Eodem
1621 1703 1691 1745 die,
1706 1716 1728 1738 a

95 1753 184 1788 villa
200 1753 244 1788 de
260 1753 417 1788 Bailluel
433 1753 470 1788 in
488 1753 661 1788 Flandria
677 1753 824 1789 circiter
841 1753 939 1788 CCC.
959 1753 1082 1788 Tertia
1108 1754 1166 1788 die
1190 1754 1366 1796 Octobris,
1396 1755 1534 1792 scilicet
1557 1757 1596 1792 in
1623 1761 1727 1794 nocte

95 1808 191 1844 beati
211 1807 408 1850 Framisci,
423 1811 599 1844 venerunt
611 1820 633 1842 a
652 1808 741 1842 villa
756 1809 800 1843 de
817 1808 1058 1843 valenchenis
1072 1809 1218 1844 circiter
1235 1809 1381 1845 CCCCL
1398 1839 1404 1845 .
1423 1838 1430 1845 .
1449 1839 1455 1845 .
1474 1839 1481 1846 .

138 1864 244 1899 Anno
260 1863 383 1898 eodem
399 1863 595 1906 (MCCCL),
613 1862 652 1897 in
669 1863 787 1908 prima
802 1863 1027 1898 hebdomada
1051 1863 1358 1908 quadragesimae,
1377 1865 1446 1900 fuit
1461 1866 1724 1909 proclamatum

94 1917 238 1961 publice
253 1919 292 1954 in
316 1921 394 1955 foro
416 1923 451 1955 et
467 1932 510 1955 ex
534 1923 634 1964 parte
663 1920 947 1964 gubernatorum
973 1919 1129 1953 civitatis
1145 1920 1240 1963 quod
1256 1931 1377 1955 omnes
1394 1924 1573 1956 cessarent
1589 1933 1610 1956 a
1626 1921 1724 1957 dicta

95 1973 240 2016 publica
257 1974 475 2018 poenitentia
491 1974 698 2010 voluntaria
715 1977 916 2018 assumpta3
935 1973 1096 2017 alioquin
1115 1985 1236 2008 omncs
1252 1974 1295 2008 de
1319 1977 1460 2010 caetero
1484 1975 1654 2011 facientes
1677 1977 1723 2011 ad

97 2040 220 2065 omnes
235 2031 310 2065 dies
337 2031 585 2066 bannirentur.
613 2030 697 2065 Fuit
724 2030 833 2065 etiam
862 2041 905 2064 cx
934 2036 1035 2073 parte
1066 2030 1162 2074 regis
1190 2031 1450 2074 proclamatum
1479 2032 1572 2076 quod
1600 2044 1723 2066 omnes

96 2083 205 2118 etiam
221 2084 411 2126 cessarent,
429 2085 513 2130 quia
536 2097 600 2120 rex
627 2096 686 2120 eos
714 2087 847 2119 sectam
875 2085 1026 2118 vocabat
1054 2084 1091 2118 in
1119 2095 1184 2118 sua
1210 2084 1343 2126 littera,
1362 2089 1398 2120 et
1421 2085 1489 2120 hoc
1516 2087 1581 2120 sub
1609 2098 1724 2130 poena

96 2138 308 2182 perditionis
323 2151 514 2184 corporum
537 2143 573 2174 ct
599 2139 787 2174 bonorum.
809 2138 894 2173 Fuit
917 2138 1026 2173 etiam
1054 2150 1098 2173 ex
1121 2143 1222 2183 parte
1248 2139 1385 2174 domini
1409 2141 1565 2184 episcopi
1584 2141 1721 2176 Torna-

95 2193 222 2235 censis,
240 2195 379 2236 decani,
397 2195 547 2239 capituli
570 2198 605 2229 et
621 2195 906 2239 gubernatorum
934 2193 1092 2228 civitatis
1119 2195 1374 2229 concordatum
1400 2196 1493 2239 quod
1510 2195 1548 2229 in
1563 2197 1721 2230 secunda

94 2246 318 2284 hebdomada
339 2249 646 2294 quadragesimae,
666 2260 757 2291 quae
775 2248 843 2282 fuit
859 2259 928 2282 nox
945 2248 1058 2282 sancti
1077 2247 1176 2283 Petri
1201 2249 1245 2283 ad
1263 2249 1490 2291 Cathedram,
1509 2250 1546 2284 in
1570 2251 1721 2285 ecclesia

96 2303 138 2337 Β.
157 2303 295 2341 Mariae
320 2303 556 2339 Tornacensis
585 2306 846 2347 proponeretur
871 2303 1020 2337 verbum
1049 2302 1131 2345 Dei;
1161 2303 1315 2347 fecitque
1338 2315 1538 2339 sermonem
1573 2310 1720 2341 curatus

96 2356 132 2392 S.
152 2357 247 2393 Piati
264 2358 403 2402 fuitque
420 2358 468 2393 ibi
486 2358 614 2402 ingens
631 2358 783 2401 populus
808 2361 1060 2402 congregatus,
1079 2357 1200 2401 ibique
1227 2359 1435 2393 mandatum
1452 2359 1588 2393 domini
1606 2370 1720 2403 papae

93 2422 159 2455 pro
186 2413 450 2456 poenitentibus
476 2413 715 2456 divulgatum,
742 2412 841 2446 bulla
869 2416 988 2446 tamen
1016 2424 1087 2446 non
1115 2416 1265 2453 ostensa,
1292 2416 1437 2456 propter
1463 2414 1558 2457 quod
1585 2413 1655 2448 fuit
1682 2413 1720 2447 in

93 2467 227 2511 populo
243 2479 408 2502 murmur
423 2479 607 2512 magnum.
627 2467 667 2502 In
696 2467 792 2501 dicto
819 2472 938 2501 autem
967 2478 1130 2501 sermone
1157 2467 1274 2502 dictus
1303 2472 1449 2502 curatus
1476 2468 1725 2512 indulgentias

93 2520 279 2563 generales
295 2520 432 2555 Romae
447 2531 489 2554 ac
514 2519 680 2554 basilicas
705 2523 740 2554 et
757 2520 942 2554 beatorum
960 2520 1203 2562 apostolorum
1222 2519 1321 2554 Petri
1345 2524 1381 2555 et
1398 2520 1502 2555 Pauli
1522 2532 1585 2564 per
1607 2520 1719 2555 domi-

93 2583 181 2608 num
205 2585 333 2619 papam
356 2580 393 2611 et
415 2574 610 2619 collegium
635 2574 870 2609 concordatas
895 2573 1088 2608 nuntiavit.
1115 2576 1146 2609 A
1168 2574 1263 2609 dicta
1280 2579 1398 2609 autem
1423 2575 1481 2610 die
1497 2575 1716 2619 poenitentes

93 2629 267 2672 praedicti
283 2642 366 2665 cum
382 2641 515 2675 magno
531 2640 716 2664 murmure
732 2628 839 2664 inviti
857 2633 1096 2664 cessaverunt.

443 2685 650 2720 Chronicon
672 2684 823 2728 Aeqidii
840 2684 885 2718 Li
902 2684 947 2718 M
948 2686 1052 2725 uisis,
1070 2683 1213 2718 abbatis
1230 2683 1264 2718 S.
1283 2685 1443 2718 M'artini
1463 2684 1715 2725 Tornacensis,

482 2739 698 2784 uitgegeven
725 2739 814 2774 door
837 2738 870 2773 J.
903 2738 937 2773 J.
968 2739 1110 2773 Desmct
1140 2739 1176 2773 in
1204 2738 1274 2783 zijn
1299 2739 1436 2783 Corpus
1463 2740 1719 2773 chronicorum

482 2794 702 2834 Flandriae,
720 2790 798 2828 deel
817 2793 862 2834 II,
883 2793 947 2828 blz.
966 2796 1042 2833 341,
1059 2796 1135 2834 342,
1154 2797 1309 2832 348-351.
1327 2797 1403 2834 352,
1417 2797 1492 2835 354,
1507 2797 1570 2829 355
1583 2806 1627 2829 en
1641 2797 1716 2828 361.

484 2848 570 2883 Veel
593 2848 724 2882 andere
749 2847 1046 2891 bijzonderlicdcn
1062 2859 1148 2882 over
1169 2848 1213 2882 de
1236 2848 1500 2893 godsdicnstige
1518 2849 1718 2894 practijken

483 2905 548 2939 der
565 2904 770 2940 Gccselaars
786 2903 839 2937 zal
855 2915 935 2950 men
949 2904 1074 2938 aldaar
1090 2915 1162 2948 nog
1177 2905 1438 2953 aantrcfl'cn.—
1449 2905 1509 2940 Zie
1526 2904 1596 2941 ook
1612 2905 1714 2946 Mon,

485 2957 849 3004 Kerkqescliiedenis,
875 2959 952 2994 decl
969 2959 1014 3000 11,
1033 2962 1069 2994 3θ
1086 2959 1181 3001 stuk,
1201 2959 1265 2993 blz.
1285 2962 1397 2994 73-82.
1633 2961 1673 2994 13
