2097 3466
386 249 427 280 6-2
1030 244 1161 280 ΑΝΝΟ
1186 256 1216 278 c.
1244 246 1342 279 1200

386 337 565 381 ergastulo
581 337 735 370 carceris
753 347 863 380 usque
889 337 933 371 ad
949 337 1159 371 crastinum.
1180 336 1280 377 Quae
1296 346 1416 370 coram
1435 334 1701 378 archiepiscopo
1724 336 1760 368 ot
1782 333 1879 368 omni
1903 334 1999 369 clero

385 403 425 424 ac
444 391 478 424 in
497 390 673 434 presentia
691 391 909 425 nobiliorum
927 391 1088 425 virorum
1107 391 1143 424 in
1161 391 1245 424 aula
1261 389 1556 433 archiepiscopali
1574 389 1611 423 in
1627 389 1782 424 crastino
1799 392 1998 435 revocatae,

386 445 547 489 pluribus
574 447 702 480 iterum
731 445 1006 489 allegationibus
1033 447 1076 480 de
1104 445 1390 480 abrenuntiando
1413 456 1535 479 errore
1551 444 1693 488 publice
1708 444 1998 498 conveniuntur3

386 513 475 543 quac
492 513 572 535 cuin
589 500 804 534 salutaribus
821 501 964 534 monitis
982 501 1078 534 nulla
1098 500 1234 534 ratione
1248 499 1520 543 adquievissent,
1535 499 1645 534 sedin
1661 501 1871 543 errorejam
1889 499 2000 534 semel

385 560 553 598 concepto
578 555 810 590 immobiliter
839 555 1084 598 perstitissent,
1111 555 1291 588 communi
1321 554 1470 588 consilio
1498 554 1679 589 decretum
1708 558 1760 589 cst
1783 557 1823 588 ut
1846 553 2000 588 flammis

386 613 722 649 concremarentur;
752 611 874 653 etjam
892 610 975 653 igne
992 610 1028 642 in
1054 608 1198 643 civitate
1214 620 1374 649 accenso,
1394 620 1476 643 cum
1494 609 1538 643 ad
1555 620 1704 652 poenam
1720 608 1963 654 adjudicatam
1979 620 2000 643 a

386 665 557 699 ministris
573 666 667 699 trahi
684 666 863 703 deberent.
879 665 930 700 ait
947 665 1009 699 illa
1023 665 1175 699 malefici
1190 665 1322 699 erroris
1334 664 1507 709 magistra
1522 677 1530 699 ε
1552 678 1566 691 “
1584 665 1611 699 O
1630 663 1800 699 insensati
1813 667 1848 698 et
1859 663 2000 707 judices

385 719 520 763 injusti,
536 720 713 763 putatisne
729 721 823 763 quod
846 731 902 754 me
926 719 1070 764 ignibus
1086 719 1211 753 vostris
1225 730 1319 753 nunc
1336 719 1631 754 concremabitis?
1644 719 1831 754 ¹Iudicium
1842 721 2000 754 vestrum

385 785 455 808 non
471 774 623 808 formido
646 777 681 808 et
697 774 817 818 ignem
835 776 1085 817 praeparatum
1109 785 1179 808 non
1208 774 1450 817 perhorresco.
1469 789 1484 803 ’ν
1514 774 1558 808 Et
1580 773 1669 809 haec
1697 774 1819 808 dicens
1844 773 1888 808 de
1919 773 1999 808 sinu

384 829 522 863 concite
538 829 696 872 glomum
714 828 765 862 fili
781 828 935 863 extraxit
950 832 985 863 et
1000 831 1100 863 extra
1114 829 1304 871 quamdam
1320 840 1489 873 magnam
1503 829 1692 864 fenestram
1706 828 1867 872 projecit,
1882 828 2001 871 capite

385 880 436 913 tili
454 880 490 914 in
518 882 682 916 manibus
709 886 866 926 retento;
885 883 1093 926 cunctisque
1121 882 1348 917 audientibus
1370 894 1457 918 voce
1480 895 1609 918 sonora
1631 883 1746 918 dixit:
1767 897 1783 910 κ
1803 882 1960 926 Recipe!
1982 897 1998 912 υ

384 935 439 969 Ad
455 936 549 978 quod
565 937 712 971 verbum
729 949 811 971 mox
834 949 856 972 a
871 938 976 972 torris
991 938 1128 972 elevata
1144 938 1304 982 glomum
1321 938 1409 982 agili
1424 939 1558 980 volatu,
1577 938 1716 974 eunctis
1731 937 1997 982 aspicientibus,

383 993 484 1025 extra
507 991 696 1026 fenestram
719 993 908 1027 subsecuta
931 995 994 1033 est,
1021 992 1265 1036 malignorum
1293 992 1486 1037 spirituum
1509 993 1720 1034 ministerio,
1739 995 1780 1028 ut
1805 991 1997 1033 credimus,

383 1046 562 1088 subvecta,
582 1047 643 1090 qui
671 1049 850 1091 quondam
878 1048 1058 1083 Simonem
1085 1059 1231 1093 magum
1261 1048 1299 1083 in
1323 1052 1405 1084 aere
1435 1050 1666 1085 sustulerunt.
1687 1049 1766 1089 Quo
1794 1050 1913 1083 autem
1936 1047 2000 1082 illa

383 1101 545 1135 malefica
560 1101 742 1137 devenerit
758 1103 814 1137 vel
830 1103 875 1137 ad
892 1114 996 1146 quem
1013 1103 1132 1138 locum
1150 1103 1367 1146 transposita
1382 1103 1503 1144 suerit,
1523 1105 1567 1138 ab
1584 1103 1838 1148 aspicientibus
1854 1102 1999 1137 omnino

382 1154 467 1188 sciri
485 1166 555 1189 non
572 1156 698 1198 potuit.
716 1157 842 1191 Puella
857 1168 942 1192 vero
960 1158 1117 1191 nondum
1134 1158 1180 1192 ad
1196 1160 1335 1192 tantam
1352 1160 1468 1193 sectae
1483 1158 1582 1192 illius
1598 1158 1780 1192 vesaniam
1795 1157 1997 1198 deveniens,

383 1220 464 1242 cum
502 1211 728 1246 remansisset
761 1214 796 1246 et
827 1223 892 1246 nec
922 1212 1105 1246 rationum
1138 1213 1368 1255 persuasione
1403 1224 1467 1247 nec
1498 1212 1707 1247 divitiarum
1739 1211 1927 1256 sponsione
1953 1213 1998 1246 ab

382 1261 547 1306 incoepta
562 1265 800 1300 obstinatione
811 1265 972 1300 revocari
991 1266 1172 1309 potuisset,
1187 1266 1272 1311 igne
1289 1269 1498 1310 consumpta
1510 1270 1573 1308 cst,
1589 1278 1660 1302 non
1673 1266 1749 1302 sine
1762 1266 1999 1302 admiratione

382 1317 588 1359 multorum,
619 1331 701 1354 cum
727 1320 828 1354 nulla
853 1320 1018 1363 suspiria,
1048 1321 1165 1355 nullos
1194 1322 1308 1362 fletus,
1335 1322 1474 1356 nullum
1505 1322 1689 1365 planctum
1712 1321 1901 1363 emitteret,
1937 1322 1998 1356 sed

382 1383 486 1407 omne
502 1374 757 1418 conflagrantis
772 1375 930 1409 incendii
952 1378 1170 1411 tormentum
1194 1379 1397 1412 constanter
1418 1379 1454 1411 et
1477 1376 1648 1412 alacriter
1672 1377 1856 1420 perferret,
1885 1376 1999 1411 instar

380 1431 579 1471 martyrum
598 1429 742 1471 Christi,
762 1430 822 1466 sed
835 1430 998 1475 disparili
1014 1443 1132 1474 causa,
1148 1431 1211 1475 qui
1227 1432 1313 1466 olim
1329 1443 1393 1476 pro
1407 1431 1604 1467 christiana
1619 1431 1796 1476 religione
1811 1442 1834 1466 a
1848 1430 1998 1476 paganis

381 1483 666 1520 trucidabantur.

726 1561 880 1606 Raduzfi
899 1561 1146 1606 Cqueslzalae
1163 1562 1304 1597 abbatis
1323 1562 1529 1598 Chronicon
1545 1562 1809 1607 Awylicanum,
1834 1562 1882 1605 bij
1908 1562 1998 1597 Dom

767 1617 943 1660 Bouquct,
963 1618 1125 1660 Recueil,
1144 1617 1223 1653 deel
1239 1618 1372 1661 XVIII,
1393 1618 1459 1653 blz.
1479 1620 1519 1653 92
1536 1629 1582 1654 en
1596 1621 1650 1653 93.

1145 1780 1229 1824 62.

437 1910 580 1968 Beyz'n
603 1912 683 1955 der·
703 1911 779 1956 13e
795 1924 932 1963 eeuw,
959 1915 1099 1971 josel
1119 1927 1173 1958 en
1201 1915 1326 1958 Gent.
1350 1914 1588 1958 Uittreksel
1607 1914 1670 1957 uit
1683 1914 1867 1956 Thomas
1884 1913 1993 1957 Can—

378 1979 640 2035 tipratensis'
663 1983 841 2024 Bonum
878 1985 1136 2026 universale
1169 1985 1222 2026 de
1256 1983 1417 2040 apibus
1440 1997 1543 2027 over
1564 1983 1616 2025 de
1638 1983 1878 2038 weigering
1908 1995 1993 2024 van

376 2048 458 2090 den
481 2050 728 2092 Gentenaar
745 2051 889 2102 Fulco,
913 2051 1139 2095 kanunnik
1156 2056 1200 2095 te
1223 2052 1291 2108 Rij
1299 2053 1374 2104 sel,
1397 2066 1464 2094 om
1488 2055 1574 2095 met
1591 2051 1722 2095 Jacob
1739 2065 1824 2094 van
1843 2050 1988 2107 Vitry,

376 2118 645 2175 pauselijken
667 2119 827 2175 legaat‚
854 2120 897 2162 in
922 2120 1197 2163 Vlaanderen
1216 2120 1267 2163 de
1289 2121 1539 2164 kruisvaart
1561 2123 1692 2177 tegeri
1714 2120 1766 2162 de
1788 2118 1992 2174 Albigen-

376 2199 455 2228 zen
486 2189 530 2229 te
551 2187 773 2241 prediken.
801 2213 858 2218 —
890 2190 1117 2233 Wanneer
1138 2190 1272 2232 Fulco
1295 2190 1417 2232 zulks
1449 2189 1724 2245 hardnekkig
1745 2187 1993 2245 geweigerd

376 2253 475 2306 had,
511 2257 735 2299 wenschte
778 2257 829 2299 de
876 2258 1115 2314 pauselijke
1154 2259 1312 2313 legaat‚
1356 2258 1431 2301 dat
1468 2260 1503 2301 F
1506 2259 1599 2302 ulco
1631 2259 1736 2301 door
1771 2257 1863 2300 God
1907 2257 1993 2299 met

376 2323 685 2380 schrikkelijke
723 2325 1105 2370 lichaamskwalen
1147 2327 1333 2382 gestrast
1376 2327 1518 2380 werd,
1565 2328 1753 2383 hetgeen
1785 2326 1869 2369 dan
1911 2325 1995 2367 ook

375 2391 589 2446 gebeurde
612 2394 858 2449 gedurende
875 2395 958 2453 viJ'f
976 2410 1028 2438 en
1046 2395 1222 2451 twintig
1239 2396 1368 2452 jaren
1391 2399 1456 2440 tot
1478 2410 1561 2439 aan
1594 2396 1737 2452 zijnen
1775 2394 1898 2437 dood.
1936 2395 1994 2436 Te

374 2459 485 2504 Gent
505 2462 695 2504 vertelde
712 2463 763 2506 de
781 2463 1041 2519 predikheer
1057 2464 1235 2520 Egidius
1256 2464 1331 2508 het
1353 2464 1430 2508 seit
1452 2478 1534 2508 aan
1556 2465 1639 2508 den
1661 2463 1890 2520 schrijver.

418 2581 641 2618 Venerabilis
671 2584 795 2626 Fulco,
813 2586 857 2621 de
874 2587 1046 2623 Gandauo
1063 2591 1178 2630 natus,
1199 2588 1393 2623 canonicus
1413 2588 1508 2632 apud
1531 2587 1669 2623 Insulas
1691 2586 1772 2622 fuit.
1798 2585 1867 2621 Hic
1890 2596 1988 2630 ergo,

374 2641 415 2673 ut
440 2639 515 2681 ipse
542 2640 643 2673 nobis
671 2641 846 2683 narrauit,
875 2653 897 2675 a
923 2642 1096 2686 magistro
1123 2643 1257 2678 ,Iacobo
1284 2644 1328 2678 de
1355 2643 1528 2684 vitriaco,
1558 2643 1677 2686 legato
1704 2644 1740 2676 et
1767 2640 1990 2685 predicatore

374 2693 491 2726 crucis
514 2697 639 2729 contra
655 2694 876 2738 Albigenses‚
895 2700 1042 2740 rogatus
1069 2700 1110 2732 ut
1136 2709 1256 2732 secum
1284 2709 1428 2732 crucem
1456 2709 1519 2741 per
1542 2695 1750 2731 Flandriam
1777 2694 1988 2739 predicaret,

373 2747 528 2782 rennuit.
551 2748 615 2781 Cui
645 2760 726 2782 cum
754 2749 932 2786 insisteret
960 2762 1023 2794 per
1049 2753 1184 2786 amicos
1210 2755 1251 2786 ut
1277 2764 1359 2787 eum
1388 2752 1578 2786 adiuuaret
1604 2751 1643 2785 in
1669 2749 1818 2794 negocio
1844 2749 1992 2784 ecclesie

372 2803 446 2833 tam
463 2802 661 2836 necessario
685 2807 719 2837 et
735 2803 876 2845 deuote,
895 2805 1041 2840 rennuit
1063 2805 1125 2840 ille
1142 2806 1309 2847 secundo,
1336 2808 1372 2840 et
1395 2806 1494 2840 nullo
1517 2805 1622 2839 modo
1645 2816 1681 2839 se
1704 2805 1886 2840 facturum
1901 2815 1992 2838 asse-

372 2855 457 2888 ruit.
478 2855 580 2889 Tunc
596 2857 768 2900 magister
783 2858 937 2893 «Iacobus
952 2859 1056 2893 illum
1072 2860 1188 2904 magis
1206 2863 1413 2904 preceptum
1436 2860 1564 2894 timere
1587 2859 1789 2893 confidens:
1809 2873 1825 2886 ιε
1844 2859 1890 2893 Et
1911 2869 1991 2902 ego,

372 2908 500 2952 inquit,
519 2911 677 2955 precipio
693 2912 793 2947 vobis
816 2914 1029 2950 auctoritate
1052 2926 1123 2958 qua
1145 2915 1290 2959 fungor,
1316 2918 1356 2951 ut
1377 2915 1416 2950 in
1440 2914 1585 2950 nomine
1601 2912 1745 2949 Domini
1757 2913 1841 2949 Jesu
1859 2911 1993 2948 Christi
