2097 3466
329 240 369 271 48
1026 239 1161 275 ANNO
1189 241 1292 277 1183

327 334 439 376 Door
455 333 638 378 toedoen
662 348 793 378 eener
817 349 969 379 vrouw
991 337 1168 380 werden
1191 337 1343 380 alsdan
1366 337 1459 380 veel
1481 337 1650 381 ketters
1672 337 1714 380 in
1738 336 1770 380 ’s
1790 351 1957 395 graven

326 401 484 444 landen
528 403 708 446 ontdekt
746 419 798 447 en
843 404 1025 461 plichtig
1067 404 1310 458 bevonden,
1352 405 1588 450 edellieden
1632 420 1684 450 en
1731 407 1952 462 onedelen,

326 470 525 523 klerken‚
567 471 866 529 krijgslieden‚
905 473 1078 522 boeren‚
1117 475 1344 531 maagden,
1382 475 1611 519 weduWen
1651 490 1705 519 en
1743 476 1957 532 gehuwde

325 553 550 583 vrouwen.
589 542 648 597 Zij
684 543 860 585 werden
894 546 960 586 tot
992 543 1072 586 den
1113 543 1391 600 brandstapel
1423 544 1703 587 veroordeeld
1736 545 1842 589 door
1876 559 1956 590 een

324 609 478 652 vonnis
501 623 586 652 van
610 609 692 653 den
716 611 1036 667 aartsbisschop
1062 627 1114 655 en
1140 627 1225 656 van
1243 613 1325 656 den
1345 613 1475 669 graaf
1492 627 1544 657 en
1569 615 1716 656 hunne
1739 614 1955 669 goederen

325 680 399 721 ten
419 677 516 722 bate
533 692 619 722 van
642 678 792 722 beiden
816 680 1030 724 verbeurd
1057 681 1302 725 verklaard.
1325 682 1433 726 Veel
1456 682 1584 726 dezer
1605 682 1774 726 ketters
1793 681 1957 726 behiel-

324 746 404 789 den
426 747 638 791 nochtans
656 748 732 792 het
753 749 876 792 leven
895 752 981 792 met
999 750 1115 793 Gods
1138 751 1242 807 hulp
1273 750 1378 794 door
1394 751 1472 794 het
1492 750 1702 808 gelukkig
1722 750 1956 796 doorstaan

324 814 401 858 der
430 829 564 859 vuur-
596 831 649 860 en
686 818 965 874 waterproef.
993 819 1085 863 Met
1116 819 1276 863 twaalf
1301 820 1569 865 verdaehten
1600 833 1694 864 was
1726 820 1789 865 dit
1821 820 1956 865 onder

322 884 515 929 anderen
538 889 582 930 te
604 887 784 942 Ieperen
807 887 884 931 het
906 888 1047 944 geval.

366 1003 485 1049 [Anno
503 1005 615 1051 1182]
634 1006 799 1047 Quatuor
821 1007 975 1043 heretici
1000 1008 1039 1043 in
1055 1009 1286 1044 Atrebatensi
1309 1009 1457 1045 civitate
1477 1008 1702 1054 deprehensi,
1720 1021 1743 1045 a
1758 1009 1956 1046 Frumaldd

321 1058 481 1095 eiusdem
497 1061 655 1096 civitatis
672 1062 839 1106 episcopo
856 1061 895 1097 in
911 1074 1058 1098 carcere
1073 1067 1157 1098 sunt
1173 1063 1323 1098 reclusi.

365 1114 528 1156 Quorum
540 1128 634 1151 unus
647 1117 836 1152 dicebatur
848 1118 964 1153 Adam
981 1117 1176 1161 litteratus,
1197 1119 1289 1154 alter
1301 1118 1481 1155 Radulfus
1496 1119 1810 1164 eloquentissimus
1821 1120 1953 1166 laicus3

320 1171 547 1214 sequentium
565 1173 716 1208 nomina
733 1173 924 1209 nescimus.
946 1173 1086 1209 Horum
1099 1174 1282 1219 judicium
1300 1174 1501 1220 episcopus,
1519 1175 1593 1210 iam
1607 1173 1756 1220 paralisi
1771 1174 1953 1218 laborans,

320 1226 592 1271 archiepiscopo
609 1228 824 1263 reservavit.

362 1283 468 1318 Anno
485 1283 580 1318 1183.
602 1283 811 1319 Transactis
827 1284 954 1321 diebus
968 1285 1171 1321 nativitatis
1188 1285 1390 1328 Dominice,
1405 1285 1617 1323 Willelmus
1633 1285 1822 1321 Remensis
1837 1285 1952 1320 archi-

319 1337 508 1382 episcopus
531 1342 566 1373 et
589 1350 709 1374 comes
733 1339 928 1375 Flandriae
954 1340 1147 1385 Philippus
1163 1341 1202 1376 in
1219 1341 1367 1377 civitate
1384 1340 1630 1376 Attrebatensi
1660 1342 1704 1377 de
1718 1340 1866 1376 secretis
1881 1341 1955 1376 suis

316 1393 477 1427 locuturi
500 1394 731 1429 conveniunt.
753 1394 807 1428 Ibi
831 1395 1031 1430 multarum
1057 1395 1239 1431 heresium
1262 1397 1407 1431 fraudes
1430 1407 1494 1440 per
1511 1397 1692 1439 quandam
1708 1395 1898 1431 mulierem
1914 1395 1954 1431 in

316 1451 414 1483 terra
438 1449 581 1484 comitis
603 1453 688 1484 sunt
710 1449 860 1484 detecte.
882 1450 943 1484 Isti
968 1449 1121 1486 heretici
1138 1451 1275 1486 nullius
1291 1451 1522 1486 heresiarche
1539 1451 1757 1486 muniuntur
1773 1450 1951 1495 presidi0;

316 1504 465 1547 quidam
496 1504 623 1539 dicunt
655 1505 879 1547 Manicheos,
898 1506 961 1540 alii
992 1506 1206 1550 catafrigas,
1233 1507 1404 1542 nonnulli
1430 1518 1517 1542 vero
1544 1506 1732 1547 Arrianos,
1749 1506 1955 1542 Alexander

317 1564 438 1595 autem
462 1572 555 1604 papa
578 1564 685 1595 vocat
709 1573 769 1596 eos
793 1561 1049 1605 Pateruios(1).
1071 1562 1138 1597 Sed
1163 1563 1337 1606 quicquid
1362 1563 1446 1605 sint,
1473 1563 1546 1598 oris
1569 1562 1709 1607 proprii
1732 1561 1954 1597 confessione

316 1616 473 1651 convicti
501 1619 584 1650 sunt
613 1616 766 1650 heretici
794 1616 1076 1651 inmundissimi.
1102 1616 1213 1652 Multi
1241 1621 1325 1652 sunt
1351 1617 1391 1652 in
1417 1617 1600 1661 presentia
1626 1615 1890 1661 archiepiscopi
1919 1619 1956 1650 et

316 1671 460 1706 comitis
485 1671 658 1713 accusati,
685 1672 836 1714 nobiles,
863 1672 1056 1716 ignobiles,
1083 1672 1223 1713 clerici,
1247 1673 1392 1713 milites,
1419 1672 1561 1714 rustici,
1586 1671 1758 1716 virginee,
1783 1671 1893 1706 vidue
1915 1674 1951 1706 et

315 1730 479 1761 uxorate.
506 1725 611 1760 Tunc
638 1727 828 1761 decretalis
857 1727 1036 1762 sententia
1065 1728 1109 1761 ab
1134 1727 1406 1771 archiepiscopo
1432 1731 1467 1762 et
1489 1727 1621 1762 comite
1637 1728 1798 1771 praefixa
1821 1730 1884 1769 est,
1912 1730 1953 1761 ut

315 1780 530 1824 deprehensi
563 1781 733 1816 incendio
758 1782 1002 1822 traderentur,
1022 1783 1222 1817 substantie
1245 1793 1330 1816 vero
1363 1793 1488 1816 eorum
1519 1782 1697 1816 sacerdoti
1727 1786 1763 1817 et
1792 1781 1950 1825 principi

315 1836 601 1879 resignarentur.
616 1835 686 1870 Hic
697 1837 867 1880 apparuit
881 1838 1068 1882 praeclara
1078 1837 1194 1872 virtus
1207 1837 1452 1873 consessionis.
1467 1837 1497 1870 N
1502 1840 1618 1880 am‚ut
1630 1837 1674 1871 ab
1687 1836 1755 1878 his,
1766 1836 1827 1880 qui
1840 1836 1951 1872 inter-

314 1892 473 1933 fuerunt,
492 1891 670 1926 veraciter
694 1893 886 1935 probatum
911 1896 974 1934 est,
992 1893 1100 1928 multi
1123 1897 1208 1929 ante
1231 1893 1270 1928 in
1286 1893 1405 1928 heresi
1437 1893 1636 1937 culpabiles
1651 1904 1715 1936 per
1731 1893 1796 1928 Dei
1814 1892 1953 1928 miseri-

315 1947 459 1981 cordem
475 1946 633 1990 gratiam
651 1958 672 1980 a
697 1946 784 1981 ferri
809 1948 973 1982 cauterio
990 1952 1026 1983 et
1053 1959 1145 1991 aque
1161 1948 1324 1992 periculo
1341 1952 1535 1983 evaserunt
1549 1948 1760 1984 incolumes.
1775 1949 1818 1983 In
1833 1952 1952 1983 castro

314 2000 482 2048 Ypriensi
506 2001 697 2036 duodecim
721 2002 766 2036 ad
789 2002 969 2037 iudicium
991 2002 1080 2038 ferri
1096 2007 1181 2038 sunt
1200 2003 1360 2044 adducti,
1378 2004 1438 2039 sed
1454 2014 1520 2048 per
1537 2002 1698 2038 eamdem
1715 2002 1948 2038 confessionis

313 2054 486 2091 virtutem
505 2067 629 2091 omnes
645 2056 787 2092 salvati.

660 2133 837 2178 Siqeberci
878 2134 1113 2170 Continuatio
1150 2135 1424 2180 Aquicinctina,
1448 2134 1497 2179 bij
1540 2135 1658 2177 Pertz,
1693 2135 1945 2177 BIonumenta,

704 2189 918 2233 Scriptores,
945 2190 1023 2225 deel
1051 2190 1113 2231 VI,
1140 2190 1207 2225 blz.
1234 2193 1309 2226 421.
1335 2209 1378 2214 —
1404 2190 1645 2234 Gedeeltelijk
1671 2190 1868 2233 afgedrukt
1895 2190 1945 2234 bij

705 2243 798 2278 Dom
828 2245 1005 2288 Bouquet,
1035 2244 1197 2286 Recueiz,
1224 2245 1303 2280 deel
1331 2244 1448 2286 XVII,
1473 2244 1542 2279 blz.
1569 2245 1622 2287 11,
1648 2248 1735 2280 noot
1762 2256 1796 2280 a.
1824 2263 1870 2270 —-
1896 2244 1949 2280 De

704 2303 819 2335 eerste
839 2300 957 2344 regels
973 2299 1044 2335 ook
1060 2303 1095 2334 te
1112 2300 1246 2334 vinden
1264 2300 1303 2335 in
1319 2298 1382 2335 het
1397 2299 1617 2334 Auctarium
1632 2300 1946 2345 Aquicinctinum,

703 2355 753 2398 bij
771 2354 944 2397 Miraeus,
963 2356 1102 2391 Rerum
1118 2359 1188 2388 toto
1206 2355 1291 2389 orbe
1303 2359 1495 2399 qestarum
1511 2353 1698 2397 chronica,
1717 2355 1784 2390 blz.
1801 2355 1879 2390 236.

1085 2517 1176 2562 49.

375 2657 512 2707 1183,
547 2657 847 2701 Vlaanderen.
874 2655 1116 2700 Uittreksel
1150 2656 1213 2699 uit
1246 2654 1298 2698 de
1332 2653 1621 2711 gelijktijdige
1653 2652 1828 2712 kronijk
1858 2666 1944 2698 van

311 2722 528 2783 Rigordus
560 2740 663 2771 over
685 2726 761 2770 het
783 2725 1056 2770 verbranden
1081 2737 1169 2768 van
1190 2724 1287 2767 veel
1309 2723 1480 2768 ketters
1502 2723 1547 2767 in
1569 2723 1847 2766 Vlaanderen
1869 2725 1944 2767 ten

352 2931 397 2979 (1)
420 2935 516 2979 Leqe
532 2934 734 2978 Paterinos,
752 2936 779 2970 i.
799 2945 836 2980 q.
858 2933 1080 2970 Patarenos.
1102 2934 1212 2979 (Noot
1230 2931 1294 2969 der
1310 2931 1593 2978 Monumenta.)
