2097 3466
797 253 930 288 ANNO
958 255 1059 287 1502
1684 256 1746 286 493

112 347 234 391 werd
264 351 410 404 gevat,
436 347 632 390 bekende
653 348 766 405 zijne
789 347 1040 392 kettersche
1063 347 1328 390 leerstelsels
1352 360 1404 389 en
1430 346 1560 389 stierf
1587 360 1638 402 op
1663 346 1745 388 den

111 416 407 474 brandstapel.

155 539 260 575 Trois
287 551 351 575 ans
378 540 510 576 devant
537 553 576 576 ce
605 540 786 584 pitoyable
813 551 872 574 cas
896 539 1010 584 [1503]
1033 539 1162 575 aduint
1178 541 1211 575 le
1227 541 1425 576 samblable
1454 552 1498 575 en
1524 541 1560 575 la
1586 540 1672 575 ville
1703 541 1748 576 de

110 595 310 631 Bruxenes.
338 595 424 639 Ung
447 595 626 630 serrurier
649 595 744 629 natis
766 595 810 629 de
836 594 949 636 Gand,
970 595 1040 629 bon
1069 595 1219 630 ouurier
1245 595 1289 630 de
1312 607 1375 630 son
1403 596 1509 637 stille,
1536 596 1750 641 besoignant

109 651 242 686 devant
257 650 416 694 aultruy,
436 651 508 685 fort
523 650 632 685 deuot
656 661 721 693 par
749 649 964 690 samblance,
992 649 1135 684 homme
1160 651 1204 685 de
1220 650 1337 684 bonne
1354 650 1574 691 conscience,
1598 651 1688 685 mais
1706 663 1749 686 ne

107 705 224 741 tenoit
239 707 381 749 compte
397 705 441 740 de
458 704 595 749 leglise,
613 705 657 739 de
674 705 709 738 la
727 715 849 746 messe,
868 704 930 739 des
945 716 1168 749 sacremens;
1187 708 1222 740 et
1237 717 1259 739 a
1281 705 1407 740 lheure
1424 717 1492 750 que
1509 717 1555 740 on
1573 705 1746 747 chantoit,

108 759 137 795 il
154 760 288 804 passoit
305 762 419 803 temps
434 771 497 794 sur
513 760 563 793 les
579 759 775 794 creteaulx.

154 816 228 851 Son
254 817 394 860 maytre
421 814 499 859 quil
526 814 737 858 apperchut,
767 815 924 849 laccusa.
953 814 998 849 Se
1027 815 1082 850 fut
1109 815 1208 859 prins
1236 818 1272 851 et
1295 814 1460 850 examine
1491 826 1556 859 par
1583 815 1749 851 docteurs

107 872 271 908 notables
287 874 322 906 et
337 870 420 906 bien
436 870 622 905 entendus.
642 869 673 904 Il
690 869 752 913 luy
768 870 824 904 fut
840 869 1018 904 demande
1041 870 1086 905 sil
1110 870 1214 906 estoit
1239 870 1402 915 baptisie.
1421 870 1451 905 Il
1475 871 1654 914 respondy
1681 883 1749 915 que

108 939 148 972 sy
163 929 200 962 et
212 937 285 962 non
301 925 489 960 circoncis.
510 925 555 959 Et
570 924 679 959 disoit
695 936 733 958 sa
750 924 984 959 Patrenostre
1002 928 1037 960 et
1052 925 1095 959 de
1112 937 1176 959 son
1195 925 1310 960 Credo
1334 926 1486 960 aulcuns
1500 925 1657 967 articles,
1676 928 1749 960 cest

106 981 271 1017 ascavoir
285 992 356 1025 que
371 979 571 1015 Jhesuerist
587 979 689 1014 auoit
704 982 777 1014 este
794 979 944 1014 crucifie
961 980 1070 1015 soubz
1089 980 1207 1015 Pilate
1224 983 1259 1015 et
1275 980 1353 1024 quil
1377 980 1478 1015 auoit
1504 983 1576 1015 este
1602 980 1747 1015 homme

105 1037 211 1079 iuste,
230 1048 303 1072 non
329 1036 431 1080 point
458 1035 562 1070 Dieu.
581 1035 670 1070 Item
696 1046 742 1069 on
771 1035 833 1078 luy
857 1035 1036 1070 demanda
1059 1035 1147 1071 dont
1171 1036 1234 1080 luy
1262 1036 1384 1071 venoit
1409 1038 1504 1070 ceste
1527 1036 1689 1070 maniere
1705 1036 1749 1071 de

107 1091 237 1126 croire.
259 1091 291 1126 Il
307 1089 484 1134 respondy
500 1100 570 1132 que
595 1100 659 1123 son
676 1089 747 1123 bon
771 1100 866 1132 ange
890 1089 954 1133 luy
982 1089 1083 1124 auoit
1107 1090 1227 1124 revele
1243 1093 1278 1124 et
1294 1090 1426 1133 parloit
1450 1094 1602 1126 souvent
1624 1102 1646 1125 a
1670 1091 1745 1134 luy.

151 1147 198 1181 Et
212 1157 316 1190 apres
331 1144 417 1188 qu'il
432 1145 488 1179 fut
504 1143 668 1188 preschie
685 1147 719 1178 et
729 1144 821 1187 juge
837 1146 873 1178 et
889 1154 959 1186 que
975 1143 1009 1178 le
1033 1144 1092 1178 feu
1117 1144 1223 1178 estoit
1251 1155 1402 1188 prepare
1430 1156 1523 1189 pour
1548 1145 1582 1180 le
1608 1146 1750 1180 brusler

106 1202 180 1246 vyf,
197 1201 226 1235 il
249 1200 303 1236 dit
326 1212 395 1244 que
418 1200 451 1234 le
467 1200 528 1234 feu
544 1200 607 1243 luy
623 1211 667 1233 ne
682 1199 815 1242 polroit
832 1210 947 1242 nuyre
964 1202 999 1234 et
1015 1199 1121 1234 estoit
1137 1202 1284 1235 content
1300 1201 1447 1236 dentrer
1462 1213 1536 1242 enS,
1557 1213 1596 1236 ce
1613 1202 1690 1244 quil
1708 1202 1749 1236 fit

107 1254 314 1297 volentiers,
333 1258 368 1290 et
383 1255 446 1298 luy
462 1265 596 1288 mesme
611 1265 648 1287 se
665 1252 788 1297 aydoit
803 1264 825 1286 a
848 1253 1025 1297 depollier
1048 1264 1130 1287 sans
1154 1261 1333 1289 monstrer
1356 1267 1462 1299 myne
1490 1256 1748 1300 despouvante-

105 1314 205 1346 ment
219 1321 265 1346 ne
282 1310 326 1345 de
341 1309 511 1345 tristesse.
529 1308 624 1343 Mais
641 1311 754 1351 quant
777 1307 804 1342 11
821 1311 923 1352 senty
939 1308 975 1342 la
991 1307 1142 1343 ehaleur
1157 1309 1206 1343 du
1224 1309 1296 1351 feu,
1316 1309 1343 1344 il
1360 1309 1493 1345 sescria
1510 1313 1546 1345 et
1568 1310 1622 1346 dit
1645 1311 1746 1346 haul-

106 1368 264 1402 tement:
285 1379 301 1393 u
319 1366 387 1409 Ay,
406 1375 463 1408 ay,
481 1375 527 1408 ay
546 1379 575 1405 v,
593 1366 629 1398 et
645 1374 758 1407 aynsy
773 1362 931 1398 termina
947 1374 1001 1398 ses
1012 1364 1131 1407 jours.

456 1444 526 1478 Les
547 1443 777 1488 Cronycques
795 1442 840 1476 de
855 1443 918 1486 feu
936 1443 1008 1476 Μ1Γο
1025 1441 1147 1477 Jelzan
1165 1443 1334 1485 Molinet,
1352 1444 1432 1480 decl
1447 1445 1510 1487 ΙΙΙ,
1536 1446 1597 1481 fol.
1617 1448 1680 1481 213
1703 1458 1749 1482 en

501 1509 604 1533 verso
621 1499 739 1541 (Pour
751 1498 816 1532 lan
830 1497 899 1530 mil
912 1500 1016 1542 εἰπερ
1031 1508 1114 1531 cens
1129 1504 1159 1532 et
1174 1499 1239 1542 iij).
1254 1499 1488 1536 Handsehrift
1503 1501 1568 1536 der
1584 1502 1747 1537 Konink-

497 1553 586 1597 njke
594 1553 823 1588 Bibliotheek
832 1564 903 1587 van
914 1553 1172 1589 Brussel.—De
1183 1554 1443 1598 geschiedenis,
1456 1555 1513 1591 die
1525 1558 1656 1592 vooras
1663 1560 1749 1602 gaat

500 1620 545 1644 en
569 1608 685 1643 well-ze
715 1608 759 1642 de
785 1607 1114 1650 kronijkschrijver
1137 1609 1302 1644 verhaalt
1324 1610 1378 1644 als
1400 1609 1440 1645 in
1455 1612 1642 1655 Augustus
1667 1615 1748 1648 1503

500 1663 673 1708 gebeurd,
689 1662 720 1697 is
736 1662 794 1697 die
807 1673 878 1696 van
891 1673 1003 1697 eenen
1014 1664 1153 1708 jongen
1166 1665 1310 1700 student
1321 1677 1392 1700 van
1406 1665 1536 1709 Parijs‚
1551 1667 1610 1701 die
1623 1667 1749 1702 aldaar

498 1719 551 1752 als
581 1719 700 1753 ketter
730 1717 913 1752 verbrand
943 1718 1054 1753 werd.
1086 1738 1130 1744 —
1162 1719 1214 1754 De
1244 1720 1469 1764 gebrekkige
1499 1721 1647 1766 uitgave
1676 1733 1748 1756 van

497 1773 650 1808 Molinet
673 1773 762 1808 door
786 1772 939 1807 Buchon
963 1773 1069 1808 bevat
1093 1785 1158 1808 ons
1180 1774 1372 1810 uittreksel
1399 1777 1486 1812 niet.
1513 1797 1558 1802 —
1587 1778 1649 1813 Zie
1676 1778 1747 1813 ook

497 1828 624 1864 Henne
652 1840 697 1863 en
723 1828 910 1870 Wauters,
935 1827 1102 1863 Histoire
1126 1830 1171 1864 de
1200 1830 1405 1873 Bruxelles,
1423 1832 1503 1868 deel
1525 1832 1554 1875 Ι,
1572 1833 1639 1868 blz.
1666 1835 1730 1868 317

862 1971 991 2017 399.

167 2100 305 2153 1502,
327 2100 462 2158 April
483 2101 527 2150 2,
561 2101 753 2143 Leuven.
781 2100 1023 2144 Uittreksel
1046 2100 1111 2144 uit
1143 2101 1344 2145 Molanus
1377 2115 1484 2146 over
1516 2104 1590 2148 het
1613 2106 1743 2161 geval

102 2183 188 2214 van
207 2170 288 2213 den
313 2168 621 2226 pasteibakker
643 2169 830 2218 Quinten
857 2171 1061 2221 Zouwen,
1085 2170 1153 2214 die
1175 2185 1355 2228 wegens
1377 2173 1591 2231 lastering
1613 2179 1742 2231 tegen

103 2239 156 2283 de
177 2239 355 2282 Moeder
376 2238 494 2282 Gods
517 2238 622 2281 door
643 2238 725 2281 den
749 2239 1007 2295 magistraat
1039 2254 1124 2283 van
1143 2241 1316 2285 Leuven
1338 2245 1405 2286 tot
1427 2242 1743 2300 boetedoening

103 2321 157 2364 op
189 2307 241 2351 de
258 2307 433 2360 kniee'n‚
460 2310 527 2351 tot
550 2308 626 2350 het
643 2307 885 2351 door-boren
909 2308 1048 2366 zijner
1070 2311 1178 2366 tong
1201 2324 1253 2353 en
1273 2314 1338 2354 tot
1361 2324 1466 2354 eene
1489 2324 1741 2368 gevangen-

102 2377 258 2434 zitting
286 2391 338 2433 op
360 2380 501 2420 water·
523 2391 578 2420 en
601 2376 734 2420 brood
757 2377 1006 2434 gedurende
1029 2391 1108 2421 een
1126 2379 1228 2436 Jaar
1258 2380 1404 2423 wordt
1437 2381 1736 2424 veroordeeld.

147 2499 344 2542 Quintinus
360 2501 527 2539 Zouwen,
543 2501 770 2544 pastillorum
784 2501 907 2545 pistor,
923 2513 1034 2546 quum
1047 2501 1273 2537 horribiliter
1287 2503 1324 2537 in
1339 2503 1533 2548 Deiparam
1548 2504 1738 2547 Virginem

103 2555 394 2599 blasphemasset,
413 2558 557 2590 senatus
572 2566 723 2599 parcens
740 2556 834 2591 vitae
851 2558 928 2601 ejus
943 2557 1131 2592 emendam
1145 2557 1177 2592 ei
1194 2557 1377 2601 imposuit,
1396 2563 1436 2595 ut
1469 2572 1592 2596 coram
1612 2566 1739 2597 senatu

104 2610 205 2646 flexis
229 2610 382 2655 genibus
406 2615 542 2653 peteret
568 2612 712 2646 veniam
741 2624 762 2647 a
787 2613 944 2657 Deipara
961 2613 1125 2658 Virgine,
1151 2615 1307 2650 secundo
1331 2619 1372 2651 ut
1395 2616 1522 2662 lingua
1546 2629 1609 2662 per
1631 2630 1739 2662 quam

103 2666 377 2711 blasphemavit„
395 2665 428 2700 ei
447 2666 662 2709 perforetur,
681 2666 788 2701 tertio
806 2670 844 2702 ut
862 2679 926 2711 per
941 2678 1077 2702 annum
1094 2668 1258 2712 captivus
1275 2669 1313 2704 in
1329 2681 1421 2714 pane
1437 2675 1473 2706 et
1499 2683 1595 2716 aqua
1618 2673 1739 2717 poeni-

102 2724 188 2758 teat.
207 2723 340 2757 Actum
355 2732 451 2756 anno
470 2723 566 2762 1502,
585 2724 605 2756 8
619 2721 678 2757 die
691 2722 840 2766 Aprilis.
860 2723 971 2757 Liber
987 2724 1230 2758 emendarum
1247 2724 1563 2772 [Lovanensium]

451 2799 483 2834 J.
503 2800 681 2842 Molanus,
698 2801 889 2836 Historiae
906 2802 1182 2837 Lovanensium
1200 2803 1289 2837 libri
1302 2805 1407 2847 XIV,
1423 2805 1501 2841 deel
1518 2807 1563 2849 II,
1580 2808 1645 2842 blz.
1661 2811 1736 2843 805.
