<?xml version="1.0" encoding="UTF-8"?>
<!DOCTYPE html PUBLIC "-//W3C//DTD XHTML 1.0 Transitional//EN"
    "http://www.w3.org/TR/xhtml1/DTD/xhtml1-transitional.dtd">
<html xmlns="http://www.w3.org/1999/xhtml" xml:lang="en" lang="en">
 <head>
  <title>
</title>
<meta http-equiv="Content-Type" content="text/html;charset=utf-8" />
  <meta name='ocr-system' content='tesseract 3.04.00' />
  <meta name='ocr-capabilities' content='ocr_page ocr_carea ocr_par ocr_line ocrx_word'/>
</head>
<body>
  <div class='ocr_page' id='page_1' title='image "./corpusdocumentor01fruoft_0419.png"; bbox 0 0 2097 3466; ppageno 0'>
   <div class='ocr_carea' id='block_1_1' title="bbox 813 246 1758 282">
    <p class='ocr_par' dir='ltr' id='par_1_1' title="bbox 813 246 1758 282">
     <span class='ocr_line' id='line_1_1' title="bbox 813 246 1758 282; baseline -0.001 0"><span class='ocrx_word' id='word_1_1' title='bbox 813 246 946 282; x_wconf 88' lang='lat' dir='ltr'>ANNO</span> <span class='ocrx_word' id='word_1_2' title='bbox 973 248 1072 281; x_wconf 80' lang='lat'>1460</span> <span class='ocrx_word' id='word_1_3' title='bbox 1693 248 1758 281; x_wconf 81' lang='lat'>369</span> 
     </span>
    </p>
   </div>
   <div class='ocr_carea' id='block_1_2' title="bbox 101 338 1783 2984">
    <p class='ocr_par' dir='ltr' id='par_1_2' title="bbox 126 338 1761 660">
     <span class='ocr_line' id='line_1_2' title="bbox 127 338 1753 385; baseline -0.001 -9"><span class='ocrx_word' id='word_1_4' title='bbox 127 340 193 376; x_wconf 91' lang='lat' dir='ltr'>Dei</span> <span class='ocrx_word' id='word_1_5' title='bbox 216 344 251 376; x_wconf 84' lang='lat' dir='ltr'>et</span> <span class='ocrx_word' id='word_1_6' title='bbox 273 340 467 385; x_wconf 88' lang='lat' dir='ltr'>apostolice</span> <span class='ocrx_word' id='word_1_7' title='bbox 490 339 583 375; x_wconf 85' lang='lat' dir='ltr'>sedis</span> <span class='ocrx_word' id='word_1_8' title='bbox 610 339 735 385; x_wconf 83' lang='lat' dir='ltr'>gracia</span> <span class='ocrx_word' id='word_1_9' title='bbox 762 340 919 384; x_wconf 82' lang='lat' dir='ltr'>episcopi</span> <span class='ocrx_word' id='word_1_10' title='bbox 943 338 1214 380; x_wconf 86' lang='lat' dir='ltr'>Attrebatensis,</span> <span class='ocrx_word' id='word_1_11' title='bbox 1240 351 1336 374; x_wconf 89' lang='lat' dir='ltr'>nunc</span> <span class='ocrx_word' id='word_1_12' title='bbox 1363 339 1402 374; x_wconf 90' lang='lat' dir='ltr'>in</span> <span class='ocrx_word' id='word_1_13' title='bbox 1425 339 1571 375; x_wconf 89' lang='lat' dir='ltr'>remotis</span> <span class='ocrx_word' id='word_1_14' title='bbox 1601 340 1753 384; x_wconf 77' lang='lat' dir='ltr'>agentis,</span> 
     </span>
     <span class='ocr_line' id='line_1_3' title="bbox 126 393 1753 440; baseline -0.002 -8"><span class='ocrx_word' id='word_1_15' title='bbox 126 399 163 432; x_wconf 85' lang='lat' dir='ltr'>et</span> <span class='ocrx_word' id='word_1_16' title='bbox 179 396 291 432; x_wconf 85' lang='lat' dir='ltr'>frater</span> <span class='ocrx_word' id='word_1_17' title='bbox 314 396 444 430; x_wconf 86' lang='lat' dir='ltr'>Petrus</span> <span class='ocrx_word' id='word_1_18' title='bbox 461 396 718 437; x_wconf 87' lang='lat' dir='ltr'>Lcsbloussart,</span> <span class='ocrx_word' id='word_1_19' title='bbox 733 395 771 430; x_wconf 91' lang='lat' dir='ltr'>in</span> <span class='ocrx_word' id='word_1_20' title='bbox 784 407 887 430; x_wconf 89' lang='lat' dir='ltr'>sacra</span> <span class='ocrx_word' id='word_1_21' title='bbox 900 395 1033 440; x_wconf 83' lang='lat' dir='ltr'>pagina</span> <span class='ocrx_word' id='word_1_22' title='bbox 1047 395 1224 438; x_wconf 83' lang='lat' dir='ltr'>professor</span> <span class='ocrx_word' id='word_1_23' title='bbox 1245 393 1383 429; x_wconf 85' lang='lat' dir='ltr'>ordinis</span> <span class='ocrx_word' id='word_1_24' title='bbox 1402 396 1554 429; x_wconf 80' lang='lat' dir='ltr'>fratrum</span> <span class='ocrx_word' id='word_1_25' title='bbox 1571 395 1753 439; x_wconf 78' lang='lat' dir='ltr'>praedica-</span> 
     </span>
     <span class='ocr_line' id='line_1_4' title="bbox 126 449 1757 494; baseline -0.002 -7"><span class='ocrx_word' id='word_1_26' title='bbox 126 454 258 493; x_wconf 84' lang='lat' dir='ltr'>torum,</span> <span class='ocrx_word' id='word_1_27' title='bbox 275 450 433 485; x_wconf 91' lang='lat' dir='ltr'>vicarius</span> <span class='ocrx_word' id='word_1_28' title='bbox 454 450 491 484; x_wconf 89' lang='lat' dir='ltr'>in</span> <span class='ocrx_word' id='word_1_29' title='bbox 509 450 653 485; x_wconf 82' lang='lat' dir='ltr'>civitate</span> <span class='ocrx_word' id='word_1_30' title='bbox 669 454 705 485; x_wconf 89' lang='lat' dir='ltr'>ct</span> <span class='ocrx_word' id='word_1_31' title='bbox 727 450 859 485; x_wconf 80' lang='lat' dir='ltr'>diocesi</span> <span class='ocrx_word' id='word_1_32' title='bbox 885 449 1128 485; x_wconf 81' lang='lat' dir='ltr'>Attrcbatensi</span> <span class='ocrx_word' id='word_1_33' title='bbox 1145 449 1332 484; x_wconf 82' lang='lat' dir='ltr'>reverendi</span> <span class='ocrx_word' id='word_1_34' title='bbox 1350 449 1513 494; x_wconf 84' lang='lat' dir='ltr'>magistri</span> <span class='ocrx_word' id='word_1_35' title='bbox 1531 449 1689 485; x_wconf 79' lang='lat' dir='ltr'>Rolandi</span> <span class='ocrx_word' id='word_1_36' title='bbox 1712 450 1757 484; x_wconf 88' lang='lat' dir='ltr'>de</span> 
     </span>
     <span class='ocr_line' id='line_1_5' title="bbox 128 503 1757 549; baseline -0.002 -8"><span class='ocrx_word' id='word_1_37' title='bbox 128 505 268 547; x_wconf 87' lang='lat' dir='ltr'>Conzic,</span> <span class='ocrx_word' id='word_1_38' title='bbox 287 505 396 540; x_wconf 89' lang='lat' dir='ltr'>etiam</span> <span class='ocrx_word' id='word_1_39' title='bbox 420 505 458 539; x_wconf 89' lang='lat' dir='ltr'>in</span> <span class='ocrx_word' id='word_1_40' title='bbox 482 504 665 548; x_wconf 79' lang='lat' dir='ltr'>theologia</span> <span class='ocrx_word' id='word_1_41' title='bbox 693 504 913 548; x_wconf 81' lang='lat' dir='ltr'>professoris,</span> <span class='ocrx_word' id='word_1_42' title='bbox 944 503 1172 540; x_wconf 80' lang='lat' dir='ltr'>famosissimi</span> <span class='ocrx_word' id='word_1_43' title='bbox 1199 503 1424 547; x_wconf 85' lang='lat' dir='ltr'>inquisitoris</span> <span class='ocrx_word' id='word_1_44' title='bbox 1452 505 1611 540; x_wconf 82' lang='lat' dir='ltr'>heretice</span> <span class='ocrx_word' id='word_1_45' title='bbox 1640 504 1757 549; x_wconf 91' lang='lat' dir='ltr'>pravi-</span> 
     </span>
     <span class='ocr_line' id='line_1_6' title="bbox 126 559 1761 605; baseline 0 -9"><span class='ocrx_word' id='word_1_46' title='bbox 126 560 211 596; x_wconf 82' lang='lat' dir='ltr'>tatis</span> <span class='ocrx_word' id='word_1_47' title='bbox 234 561 273 595; x_wconf 92' lang='lat' dir='ltr'>in</span> <span class='ocrx_word' id='word_1_48' title='bbox 310 572 422 605; x_wconf 90' lang='lat' dir='ltr'>regno</span> <span class='ocrx_word' id='word_1_49' title='bbox 453 559 604 594; x_wconf 83' lang='lat' dir='ltr'>Francie</span> <span class='ocrx_word' id='word_1_50' title='bbox 635 559 850 595; x_wconf 84' lang='lat' dir='ltr'>auctoritate</span> <span class='ocrx_word' id='word_1_51' title='bbox 877 559 1073 603; x_wconf 86' lang='lat' dir='ltr'>apostolica</span> <span class='ocrx_word' id='word_1_52' title='bbox 1100 559 1274 603; x_wconf 88' lang='lat' dir='ltr'>deputati,</span> <span class='ocrx_word' id='word_1_53' title='bbox 1305 560 1456 595; x_wconf 86' lang='lat' dir='ltr'>salutem</span> <span class='ocrx_word' id='word_1_54' title='bbox 1484 561 1522 595; x_wconf 91' lang='lat' dir='ltr'>in</span> <span class='ocrx_word' id='word_1_55' title='bbox 1552 564 1699 596; x_wconf 86' lang='lat' dir='ltr'>auctore</span> <span class='ocrx_word' id='word_1_56' title='bbox 1726 565 1761 596; x_wconf 83' lang='lat' dir='ltr'>et</span> 
     </span>
     <span class='ocr_line' id='line_1_7' title="bbox 129 613 1266 660; baseline -0.003 -9"><span class='ocrx_word' id='word_1_57' title='bbox 129 615 247 660; x_wconf 86' lang='lat' dir='ltr'>capite</span> <span class='ocrx_word' id='word_1_58' title='bbox 263 619 382 650; x_wconf 82' lang='lat' dir='ltr'>nostre</span> <span class='ocrx_word' id='word_1_59' title='bbox 401 614 484 649; x_wconf 85' lang='lat' dir='ltr'>fidei</span> <span class='ocrx_word' id='word_1_60' title='bbox 501 613 679 648; x_wconf 89' lang='lat' dir='ltr'>catholice</span> <span class='ocrx_word' id='word_1_61' title='bbox 695 614 781 648; x_wconf 77' lang='lat' dir='ltr'>Jesu</span> <span class='ocrx_word' id='word_1_62' title='bbox 800 614 942 649; x_wconf 84' lang='lat' dir='ltr'>Christo</span> <span class='ocrx_word' id='word_1_63' title='bbox 960 614 1114 648; x_wconf 90' lang='lat' dir='ltr'>Domino</span> <span class='ocrx_word' id='word_1_64' title='bbox 1133 617 1266 648; x_wconf 89' lang='lat' dir='ltr'>nostro.</span> 
     </span>
    </p>

    <p class='ocr_par' dir='ltr' id='par_1_3' title="bbox 101 669 1767 1658">
     <span class='ocr_line' id='line_1_8' title="bbox 173 669 1762 714; baseline 0.001 -9"><span class='ocrx_word' id='word_1_65' title='bbox 173 671 308 706; x_wconf 86' lang='lat' dir='ltr'>Notum</span> <span class='ocrx_word' id='word_1_66' title='bbox 325 669 477 705; x_wconf 86' lang='lat' dir='ltr'>facimus</span> <span class='ocrx_word' id='word_1_67' title='bbox 493 670 600 713; x_wconf 89' lang='lat' dir='ltr'>quod,</span> <span class='ocrx_word' id='word_1_68' title='bbox 620 669 706 704; x_wconf 83' lang='lat' dir='ltr'>visis</span> <span class='ocrx_word' id='word_1_69' title='bbox 732 680 796 713; x_wconf 92' lang='lat' dir='ltr'>per</span> <span class='ocrx_word' id='word_1_70' title='bbox 811 681 876 704; x_wconf 91' lang='lat' dir='ltr'>nos</span> <span class='ocrx_word' id='word_1_71' title='bbox 892 672 927 704; x_wconf 89' lang='lat' dir='ltr'>et</span> <span class='ocrx_word' id='word_1_72' title='bbox 949 669 1145 714; x_wconf 71' lang='lat' dir='ltr'>diligenter</span> <span class='ocrx_word' id='word_1_73' title='bbox 1159 669 1373 704; x_wconf 80' lang='lat' dir='ltr'>examinatis</span> <span class='ocrx_word' id='word_1_74' title='bbox 1394 671 1618 714; x_wconf 84' lang='lat' dir='ltr'>processibus</span> <span class='ocrx_word' id='word_1_75' title='bbox 1635 675 1762 707; x_wconf 87' lang='lat' dir='ltr'>contra</span> 
     </span>
     <span class='ocr_line' id='line_1_9' title="bbox 129 725 1760 770; baseline 0.002 -9"><span class='ocrx_word' id='word_1_76' title='bbox 129 738 204 768; x_wconf 82' lang='lat' dir='ltr'>VOS,</span> <span class='ocrx_word' id='word_1_77' title='bbox 221 726 424 762; x_wconf 70' lang='lat' dir='ltr'>,Iohannem</span> <span class='ocrx_word' id='word_1_78' title='bbox 442 726 575 767; x_wconf 89' lang='lat' dir='ltr'>Dubos,</span> <span class='ocrx_word' id='word_1_79' title='bbox 601 726 777 761; x_wconf 84' lang='lat' dir='ltr'>Jacobum</span> <span class='ocrx_word' id='word_1_80' title='bbox 801 725 845 760; x_wconf 91' lang='lat' dir='ltr'>de</span> <span class='ocrx_word' id='word_1_81' title='bbox 870 725 1053 767; x_wconf 67' lang='lat' dir='ltr'>Bailkeul,</span> <span class='ocrx_word' id='word_1_82' title='bbox 1074 725 1244 770; x_wconf 85' lang='lat' dir='ltr'>Egidium</span> <span class='ocrx_word' id='word_1_83' title='bbox 1268 726 1312 761; x_wconf 93' lang='lat' dir='ltr'>de</span> <span class='ocrx_word' id='word_1_84' title='bbox 1339 727 1547 769; x_wconf 87' lang='lat' dir='ltr'>Blencourt,</span> <span class='ocrx_word' id='word_1_85' title='bbox 1569 729 1692 763; x_wconf 85' lang='lat' dir='ltr'>Colam</span> <span class='ocrx_word' id='word_1_86' title='bbox 1715 729 1760 763; x_wconf 87' lang='lat' dir='ltr'>de</span> 
     </span>
     <span class='ocr_line' id='line_1_10' title="bbox 129 781 1756 826; baseline 0.001 -8"><span class='ocrx_word' id='word_1_87' title='bbox 129 783 328 823; x_wconf 82' lang='lat' dir='ltr'>Gaverelle,</span> <span class='ocrx_word' id='word_1_88' title='bbox 347 782 521 818; x_wconf 87' lang='lat' dir='ltr'>Colettam</span> <span class='ocrx_word' id='word_1_89' title='bbox 545 783 593 816; x_wconf 91' lang='lat' dir='ltr'>du</span> <span class='ocrx_word' id='word_1_90' title='bbox 611 782 697 826; x_wconf 79' lang='lat' dir='ltr'>Gey,</span> <span class='ocrx_word' id='word_1_91' title='bbox 722 781 858 816; x_wconf 89' lang='lat' dir='ltr'>dictam</span> <span class='ocrx_word' id='word_1_92' title='bbox 882 781 1082 823; x_wconf 76' lang='lat' dir='ltr'>Lestrebee,</span> <span class='ocrx_word' id='word_1_93' title='bbox 1100 781 1304 816; x_wconf 81' lang='lat' dir='ltr'>Johannam</span> <span class='ocrx_word' id='word_1_94' title='bbox 1320 782 1497 826; x_wconf 82' lang='lat' dir='ltr'>Bayarde,</span> <span class='ocrx_word' id='word_1_95' title='bbox 1511 783 1600 818; x_wconf 85' lang='lat' dir='ltr'>alias</span> <span class='ocrx_word' id='word_1_96' title='bbox 1616 784 1650 819; x_wconf 86' lang='lat' dir='ltr'>le</span> <span class='ocrx_word' id='word_1_97' title='bbox 1666 784 1756 818; x_wconf 90' lang='lat' dir='ltr'>Luc·</span> 
     </span>
     <span class='ocr_line' id='line_1_11' title="bbox 128 836 1761 883; baseline 0.001 -10"><span class='ocrx_word' id='word_1_98' title='bbox 128 849 210 883; x_wconf 88' lang='lat' dir='ltr'>que,</span> <span class='ocrx_word' id='word_1_99' title='bbox 230 837 462 873; x_wconf 87' lang='lat' dir='ltr'>Catherinam</span> <span class='ocrx_word' id='word_1_100' title='bbox 487 837 706 878; x_wconf 74' lang='lat' dir='ltr'>Fourmette,</span> <span class='ocrx_word' id='word_1_101' title='bbox 733 836 823 871; x_wconf 89' lang='lat' dir='ltr'>alias</span> <span class='ocrx_word' id='word_1_102' title='bbox 852 836 1073 881; x_wconf 87' lang='lat' dir='ltr'>Gringaude‚</span> <span class='ocrx_word' id='word_1_103' title='bbox 1097 836 1360 881; x_wconf 85' lang='lat' dir='ltr'>Margarettam</span> <span class='ocrx_word' id='word_1_104' title='bbox 1387 837 1596 880; x_wconf 85' lang='lat' dir='ltr'>Briseiame,</span> <span class='ocrx_word' id='word_1_105' title='bbox 1615 839 1704 873; x_wconf 90' lang='lat' dir='ltr'>alias</span> <span class='ocrx_word' id='word_1_106' title='bbox 1727 840 1761 874; x_wconf 92' lang='lat' dir='ltr'>le</span> 
     </span>
     <span class='ocr_line' id='line_1_12' title="bbox 131 891 1763 938; baseline 0 -9"><span class='ocrx_word' id='word_1_107' title='bbox 131 892 440 938; x_wconf 78' lang='lat' dir='ltr'>Parqueminiere‚</span> <span class='ocrx_word' id='word_1_108' title='bbox 460 897 495 927; x_wconf 86' lang='lat' dir='ltr'>et</span> <span class='ocrx_word' id='word_1_109' title='bbox 510 892 715 927; x_wconf 85' lang='lat' dir='ltr'>Johannam</span> <span class='ocrx_word' id='word_1_110' title='bbox 742 891 1004 932; x_wconf 88' lang='lat' dir='ltr'>Wissemande,</span> <span class='ocrx_word' id='word_1_111' title='bbox 1029 891 1119 926; x_wconf 79' lang='lat' dir='ltr'>alias</span> <span class='ocrx_word' id='word_1_112' title='bbox 1147 891 1355 937; x_wconf 89' lang='lat' dir='ltr'>Printamps</span> <span class='ocrx_word' id='word_1_113' title='bbox 1383 893 1471 938; x_wconf 86' lang='lat' dir='ltr'>Gay,</span> <span class='ocrx_word' id='word_1_114' title='bbox 1501 895 1597 938; x_wconf 91' lang='lat' dir='ltr'>apud</span> <span class='ocrx_word' id='word_1_115' title='bbox 1628 906 1693 929; x_wconf 90' lang='lat' dir='ltr'>nos</span> <span class='ocrx_word' id='word_1_116' title='bbox 1719 895 1763 929; x_wconf 89' lang='lat' dir='ltr'>de</span> 
     </span>
     <span class='ocr_line' id='line_1_13' title="bbox 129 947 1761 993; baseline 0 -9"><span class='ocrx_word' id='word_1_117' title='bbox 129 949 253 984; x_wconf 85' lang='lat' dir='ltr'>multis</span> <span class='ocrx_word' id='word_1_118' title='bbox 270 947 571 993; x_wconf 85' lang='lat' dir='ltr'>nephandissimis</span> <span class='ocrx_word' id='word_1_119' title='bbox 589 947 815 988; x_wconf 75' lang='lat' dir='ltr'>criminibus,</span> <span class='ocrx_word' id='word_1_120' title='bbox 835 947 1022 990; x_wconf 83' lang='lat' dir='ltr'>presertim</span> <span class='ocrx_word' id='word_1_121' title='bbox 1039 947 1082 981; x_wconf 91' lang='lat' dir='ltr'>de</span> <span class='ocrx_word' id='word_1_122' title='bbox 1098 948 1290 983; x_wconf 83' lang='lat' dir='ltr'>maledicta</span> <span class='ocrx_word' id='word_1_123' title='bbox 1313 953 1347 984; x_wconf 91' lang='lat' dir='ltr'>et</span> <span class='ocrx_word' id='word_1_124' title='bbox 1371 949 1661 993; x_wconf 88' lang='lat' dir='ltr'>nephandissima</span> <span class='ocrx_word' id='word_1_125' title='bbox 1680 950 1761 984; x_wconf 90' lang='lat' dir='ltr'>Val-</span> 
     </span>
     <span class='ocr_line' id='line_1_14' title="bbox 129 1003 1763 1046; baseline 0.001 -7"><span class='ocrx_word' id='word_1_126' title='bbox 129 1003 294 1039; x_wconf 89' lang='lat' dir='ltr'>densium</span> <span class='ocrx_word' id='word_1_127' title='bbox 317 1007 414 1038; x_wconf 88' lang='lat' dir='ltr'>secta</span> <span class='ocrx_word' id='word_1_128' title='bbox 437 1006 622 1038; x_wconf 76' lang='lat' dir='ltr'>accusatos</span> <span class='ocrx_word' id='word_1_129' title='bbox 639 1003 695 1037; x_wconf 90' lang='lat' dir='ltr'>vel</span> <span class='ocrx_word' id='word_1_130' title='bbox 723 1004 850 1038; x_wconf 88' lang='lat' dir='ltr'>saltem</span> <span class='ocrx_word' id='word_1_131' title='bbox 877 1003 1013 1038; x_wconf 90' lang='lat' dir='ltr'>delatos</span> <span class='ocrx_word' id='word_1_132' title='bbox 1036 1006 1072 1038; x_wconf 91' lang='lat' dir='ltr'>et</span> <span class='ocrx_word' id='word_1_133' title='bbox 1097 1004 1344 1046; x_wconf 83' lang='lat' dir='ltr'>denunciatos,</span> <span class='ocrx_word' id='word_1_134' title='bbox 1363 1005 1498 1040; x_wconf 88' lang='lat' dir='ltr'>diutius</span> <span class='ocrx_word' id='word_1_135' title='bbox 1515 1017 1637 1040; x_wconf 89' lang='lat' dir='ltr'>coram</span> <span class='ocrx_word' id='word_1_136' title='bbox 1662 1007 1763 1040; x_wconf 91' lang='lat' dir='ltr'>nobis</span> 
     </span>
     <span class='ocr_line' id='line_1_15' title="bbox 130 1058 1765 1104; baseline 0.001 -10"><span class='ocrx_word' id='word_1_137' title='bbox 130 1059 277 1104; x_wconf 84' lang='lat' dir='ltr'>agitatis</span> <span class='ocrx_word' id='word_1_138' title='bbox 293 1063 329 1095; x_wconf 89' lang='lat' dir='ltr'>et</span> <span class='ocrx_word' id='word_1_139' title='bbox 344 1058 554 1094; x_wconf 88' lang='lat' dir='ltr'>solemniter</span> <span class='ocrx_word' id='word_1_140' title='bbox 570 1062 678 1102; x_wconf 88' lang='lat' dir='ltr'>atque</span> <span class='ocrx_word' id='word_1_141' title='bbox 690 1059 866 1101; x_wconf 85' lang='lat' dir='ltr'>jurisdice</span> <span class='ocrx_word' id='word_1_142' title='bbox 882 1059 1044 1094; x_wconf 90' lang='lat' dir='ltr'>deductis</span> <span class='ocrx_word' id='word_1_143' title='bbox 1057 1062 1093 1094; x_wconf 90' lang='lat' dir='ltr'>et</span> <span class='ocrx_word' id='word_1_144' title='bbox 1115 1059 1230 1101; x_wconf 75' lang='lat' dir='ltr'>factis,</span> <span class='ocrx_word' id='word_1_145' title='bbox 1249 1060 1446 1095; x_wconf 81' lang='lat' dir='ltr'>orthodoxe</span> <span class='ocrx_word' id='word_1_146' title='bbox 1473 1061 1556 1095; x_wconf 87' lang='lat' dir='ltr'>fidei</span> <span class='ocrx_word' id='word_1_147' title='bbox 1573 1062 1647 1096; x_wconf 90' lang='lat' dir='ltr'>zelo</span> <span class='ocrx_word' id='word_1_148' title='bbox 1665 1061 1765 1096; x_wconf 81' lang='lat' dir='ltr'>ducti</span> 
     </span>
     <span class='ocr_line' id='line_1_16' title="bbox 130 1113 1764 1160; baseline 0.002 -12"><span class='ocrx_word' id='word_1_149' title='bbox 130 1117 167 1149; x_wconf 89' lang='lat' dir='ltr'>et</span> <span class='ocrx_word' id='word_1_150' title='bbox 192 1125 235 1148; x_wconf 84' lang='lat' dir='ltr'>ex</span> <span class='ocrx_word' id='word_1_151' title='bbox 265 1113 430 1158; x_wconf 87' lang='lat' dir='ltr'>injuncto</span> <span class='ocrx_word' id='word_1_152' title='bbox 457 1114 559 1149; x_wconf 87' lang='lat' dir='ltr'>nobis</span> <span class='ocrx_word' id='word_1_153' title='bbox 587 1126 609 1148; x_wconf 91' lang='lat' dir='ltr'>a</span> <span class='ocrx_word' id='word_1_154' title='bbox 628 1116 712 1157; x_wconf 90' lang='lat' dir='ltr'>jure</span> <span class='ocrx_word' id='word_1_155' title='bbox 739 1114 858 1148; x_wconf 87' lang='lat' dir='ltr'>officio</span> <span class='ocrx_word' id='word_1_156' title='bbox 875 1115 1060 1158; x_wconf 85' lang='lat' dir='ltr'>pestiferas</span> <span class='ocrx_word' id='word_1_157' title='bbox 1086 1114 1251 1149; x_wconf 84' lang='lat' dir='ltr'>haereses</span> <span class='ocrx_word' id='word_1_158' title='bbox 1275 1119 1309 1150; x_wconf 91' lang='lat' dir='ltr'>et</span> <span class='ocrx_word' id='word_1_159' title='bbox 1336 1116 1426 1150; x_wconf 91' lang='lat' dir='ltr'>alias</span> <span class='ocrx_word' id='word_1_160' title='bbox 1452 1116 1764 1160; x_wconf 87' lang='lat' dir='ltr'>dampnatissimas</span> 
     </span>
     <span class='ocr_line' id='line_1_17' title="bbox 131 1168 1763 1212; baseline 0.002 -10"><span class='ocrx_word' id='word_1_161' title='bbox 131 1170 244 1203; x_wconf 88' lang='lat' dir='ltr'>sectas</span> <span class='ocrx_word' id='word_1_162' title='bbox 274 1169 318 1203; x_wconf 90' lang='lat' dir='ltr'>de</span> <span class='ocrx_word' id='word_1_163' title='bbox 335 1169 466 1212; x_wconf 90' lang='lat' dir='ltr'>populo</span> <span class='ocrx_word' id='word_1_164' title='bbox 483 1168 549 1203; x_wconf 93' lang='lat' dir='ltr'>Dei</span> <span class='ocrx_word' id='word_1_165' title='bbox 572 1171 607 1204; x_wconf 86' lang='lat' dir='ltr'>et</span> <span class='ocrx_word' id='word_1_166' title='bbox 629 1168 786 1203; x_wconf 79' lang='lat' dir='ltr'>maxime</span> <span class='ocrx_word' id='word_1_167' title='bbox 809 1169 853 1203; x_wconf 94' lang='lat' dir='ltr'>de</span> <span class='ocrx_word' id='word_1_168' title='bbox 876 1169 944 1203; x_wconf 84' lang='lat' dir='ltr'>hac</span> <span class='ocrx_word' id='word_1_169' title='bbox 960 1170 1204 1205; x_wconf 87' lang='lat' dir='ltr'>Attrebatensi</span> <span class='ocrx_word' id='word_1_170' title='bbox 1227 1170 1373 1212; x_wconf 86' lang='lat' dir='ltr'>diocesi,</span> <span class='ocrx_word' id='word_1_171' title='bbox 1392 1171 1476 1206; x_wconf 84' lang='lat' dir='ltr'>totis</span> <span class='ocrx_word' id='word_1_172' title='bbox 1499 1171 1638 1206; x_wconf 86' lang='lat' dir='ltr'>viribus</span> <span class='ocrx_word' id='word_1_173' title='bbox 1655 1172 1763 1206; x_wconf 80' lang='lat' dir='ltr'>extir-</span> 
     </span>
     <span class='ocr_line' id='line_1_18' title="bbox 130 1222 1765 1267; baseline 0.002 -10"><span class='ocrx_word' id='word_1_174' title='bbox 130 1222 211 1267; x_wconf 87' lang='lat' dir='ltr'>pari</span> <span class='ocrx_word' id='word_1_175' title='bbox 227 1223 423 1267; x_wconf 89' lang='lat' dir='ltr'>cupientes,</span> <span class='ocrx_word' id='word_1_176' title='bbox 441 1223 513 1258; x_wconf 89' lang='lat' dir='ltr'>hiis</span> <span class='ocrx_word' id='word_1_177' title='bbox 529 1223 598 1265; x_wconf 90' lang='lat' dir='ltr'>die,</span> <span class='ocrx_word' id='word_1_178' title='bbox 617 1223 708 1258; x_wconf 88' lang='lat' dir='ltr'>hora</span> <span class='ocrx_word' id='word_1_179' title='bbox 724 1227 760 1258; x_wconf 93' lang='lat' dir='ltr'>et</span> <span class='ocrx_word' id='word_1_180' title='bbox 781 1224 860 1258; x_wconf 92' lang='lat' dir='ltr'>loco</span> <span class='ocrx_word' id='word_1_181' title='bbox 877 1224 978 1258; x_wconf 89' lang='lat' dir='ltr'>vobis</span> <span class='ocrx_word' id='word_1_182' title='bbox 994 1229 1029 1259; x_wconf 89' lang='lat' dir='ltr'>et</span> <span class='ocrx_word' id='word_1_183' title='bbox 1045 1227 1202 1259; x_wconf 83' lang='lat' dir='ltr'>vestrum</span> <span class='ocrx_word' id='word_1_184' title='bbox 1219 1225 1368 1261; x_wconf 81' lang='lat' dir='ltr'>cuilibet</span> <span class='ocrx_word' id='word_1_185' title='bbox 1390 1227 1436 1260; x_wconf 88' lang='lat' dir='ltr'>ad</span> <span class='ocrx_word' id='word_1_186' title='bbox 1452 1230 1611 1261; x_wconf 87' lang='lat' dir='ltr'>nostram</span> <span class='ocrx_word' id='word_1_187' title='bbox 1626 1232 1765 1262; x_wconf 87' lang='lat' dir='ltr'>senten-</span> 
     </span>
     <span class='ocr_line' id='line_1_19' title="bbox 135 1278 1766 1326; baseline 0.002 -13"><span class='ocrx_word' id='word_1_188' title='bbox 135 1278 230 1313; x_wconf 83' lang='lat' dir='ltr'>ciam</span> <span class='ocrx_word' id='word_1_189' title='bbox 247 1278 477 1314; x_wconf 86' lang='lat' dir='ltr'>diffinitivam</span> <span class='ocrx_word' id='word_1_190' title='bbox 494 1278 715 1314; x_wconf 89' lang='lat' dir='ltr'>audiendum</span> <span class='ocrx_word' id='word_1_191' title='bbox 731 1279 970 1323; x_wconf 83' lang='lat' dir='ltr'>peremptorie</span> <span class='ocrx_word' id='word_1_192' title='bbox 986 1284 1021 1315; x_wconf 88' lang='lat' dir='ltr'>et</span> <span class='ocrx_word' id='word_1_193' title='bbox 1037 1280 1274 1324; x_wconf 72' lang='lat' dir='ltr'>personaliter</span> <span class='ocrx_word' id='word_1_194' title='bbox 1288 1281 1491 1325; x_wconf 72' lang='lat' dir='ltr'>assignatis,</span> <span class='ocrx_word' id='word_1_195' title='bbox 1511 1293 1575 1326; x_wconf 90' lang='lat' dir='ltr'>pro</span> <span class='ocrx_word' id='word_1_196' title='bbox 1591 1282 1766 1317; x_wconf 83' lang='lat' dir='ltr'>tribunali</span> 
     </span>
     <span class='ocr_line' id='line_1_20' title="bbox 136 1333 1767 1379; baseline 0.003 -12"><span class='ocrx_word' id='word_1_197' title='bbox 136 1333 308 1375; x_wconf 80' lang='lat' dir='ltr'>sedentes,</span> <span class='ocrx_word' id='word_1_198' title='bbox 326 1333 564 1369; x_wconf 87' lang='lat' dir='ltr'>sacrosanctis</span> <span class='ocrx_word' id='word_1_199' title='bbox 591 1334 811 1378; x_wconf 84' lang='lat' dir='ltr'>Ewangeliis</span> <span class='ocrx_word' id='word_1_200' title='bbox 839 1346 960 1369; x_wconf 91' lang='lat' dir='ltr'>coram</span> <span class='ocrx_word' id='word_1_201' title='bbox 984 1335 1088 1369; x_wconf 89' lang='lat' dir='ltr'>nobis</span> <span class='ocrx_word' id='word_1_202' title='bbox 1103 1335 1240 1379; x_wconf 83' lang='lat' dir='ltr'>positis,</span> <span class='ocrx_word' id='word_1_203' title='bbox 1259 1339 1299 1371; x_wconf 85' lang='lat' dir='ltr'>ut</span> <span class='ocrx_word' id='word_1_204' title='bbox 1321 1337 1364 1371; x_wconf 91' lang='lat' dir='ltr'>de</span> <span class='ocrx_word' id='word_1_205' title='bbox 1388 1338 1489 1372; x_wconf 82' lang='lat' dir='ltr'>vultu</span> <span class='ocrx_word' id='word_1_206' title='bbox 1515 1337 1580 1372; x_wconf 91' lang='lat' dir='ltr'>Dei</span> <span class='ocrx_word' id='word_1_207' title='bbox 1605 1341 1767 1373; x_wconf 84' lang='lat' dir='ltr'>nostrum</span> 
     </span>
     <span class='ocr_line' id='line_1_21' title="bbox 132 1390 1765 1437; baseline 0.001 -12"><span class='ocrx_word' id='word_1_208' title='bbox 132 1390 284 1434; x_wconf 80' lang='lat' dir='ltr'>prodeat</span> <span class='ocrx_word' id='word_1_209' title='bbox 301 1390 496 1434; x_wconf 89' lang='lat' dir='ltr'>judicium,</span> <span class='ocrx_word' id='word_1_210' title='bbox 523 1393 559 1426; x_wconf 90' lang='lat' dir='ltr'>et</span> <span class='ocrx_word' id='word_1_211' title='bbox 585 1390 703 1434; x_wconf 88' lang='lat' dir='ltr'>ipsum</span> <span class='ocrx_word' id='word_1_212' title='bbox 727 1391 843 1426; x_wconf 89' lang='lat' dir='ltr'>solum</span> <span class='ocrx_word' id='word_1_213' title='bbox 866 1402 930 1435; x_wconf 90' lang='lat' dir='ltr'>pre</span> <span class='ocrx_word' id='word_1_214' title='bbox 954 1392 1068 1426; x_wconf 88' lang='lat' dir='ltr'>oculis</span> <span class='ocrx_word' id='word_1_215' title='bbox 1095 1392 1303 1434; x_wconf 88' lang='lat' dir='ltr'>habeamus,</span> <span class='ocrx_word' id='word_1_216' title='bbox 1332 1396 1406 1427; x_wconf 88' lang='lat' dir='ltr'>tam</span> <span class='ocrx_word' id='word_1_217' title='bbox 1435 1393 1649 1429; x_wconf 86' lang='lat' dir='ltr'>auctoritate</span> <span class='ocrx_word' id='word_1_218' title='bbox 1665 1405 1765 1437; x_wconf 85' lang='lat' dir='ltr'>apos-</span> 
     </span>
     <span class='ocr_line' id='line_1_22' title="bbox 133 1445 1766 1491; baseline 0.002 -11"><span class='ocrx_word' id='word_1_219' title='bbox 133 1445 243 1480; x_wconf 84' lang='lat' dir='ltr'>tolica</span> <span class='ocrx_word' id='word_1_220' title='bbox 273 1457 382 1490; x_wconf 89' lang='lat' dir='ltr'>quam</span> <span class='ocrx_word' id='word_1_221' title='bbox 413 1445 612 1487; x_wconf 87' lang='lat' dir='ltr'>ordinaria,</span> <span class='ocrx_word' id='word_1_222' title='bbox 646 1447 777 1491; x_wconf 89' lang='lat' dir='ltr'>quibus</span> <span class='ocrx_word' id='word_1_223' title='bbox 804 1447 993 1491; x_wconf 88' lang='lat' dir='ltr'>fungimur</span> <span class='ocrx_word' id='word_1_224' title='bbox 1018 1447 1057 1481; x_wconf 86' lang='lat' dir='ltr'>in</span> <span class='ocrx_word' id='word_1_225' title='bbox 1083 1447 1152 1482; x_wconf 88' lang='lat' dir='ltr'>hac</span> <span class='ocrx_word' id='word_1_226' title='bbox 1179 1452 1291 1491; x_wconf 90' lang='lat' dir='ltr'>parte,</span> <span class='ocrx_word' id='word_1_227' title='bbox 1321 1449 1519 1483; x_wconf 86' lang='lat' dir='ltr'>multorum</span> <span class='ocrx_word' id='word_1_228' title='bbox 1547 1450 1766 1484; x_wconf 83' lang='lat' dir='ltr'>famosorum</span> 
     </span>
     <span class='ocr_line' id='line_1_23' title="bbox 133 1500 1765 1550; baseline 0.003 -14"><span class='ocrx_word' id='word_1_229' title='bbox 133 1500 363 1536; x_wconf 86' lang='lat' dir='ltr'>dominorum</span> <span class='ocrx_word' id='word_1_230' title='bbox 379 1505 453 1537; x_wconf 86' lang='lat' dir='ltr'>tam</span> <span class='ocrx_word' id='word_1_231' title='bbox 470 1502 722 1547; x_wconf 88' lang='lat' dir='ltr'>theologorum</span> <span class='ocrx_word' id='word_1_232' title='bbox 735 1514 843 1546; x_wconf 84' lang='lat' dir='ltr'>quam</span> <span class='ocrx_word' id='word_1_233' title='bbox 853 1502 1151 1547; x_wconf 81' lang='lat' dir='ltr'>jurisperitorum</span> <span class='ocrx_word' id='word_1_234' title='bbox 1163 1503 1378 1539; x_wconf 84' lang='lat' dir='ltr'>solemnium</span> <span class='ocrx_word' id='word_1_235' title='bbox 1395 1508 1430 1540; x_wconf 85' lang='lat' dir='ltr'>et</span> <span class='ocrx_word' id='word_1_236' title='bbox 1446 1506 1603 1540; x_wconf 88' lang='lat' dir='ltr'>aliorum</span> <span class='ocrx_word' id='word_1_237' title='bbox 1619 1506 1765 1550; x_wconf 87' lang='lat' dir='ltr'>religio-</span> 
     </span>
     <span class='ocr_line' id='line_1_24' title="bbox 134 1556 1766 1601; baseline 0.003 -10"><span class='ocrx_word' id='word_1_238' title='bbox 134 1567 256 1591; x_wconf 92' lang='lat' dir='ltr'>sorum</span> <span class='ocrx_word' id='word_1_239' title='bbox 287 1556 449 1591; x_wconf 89' lang='lat' dir='ltr'>virorum</span> <span class='ocrx_word' id='word_1_240' title='bbox 479 1560 622 1592; x_wconf 88' lang='lat' dir='ltr'>maturo</span> <span class='ocrx_word' id='word_1_241' title='bbox 652 1561 688 1593; x_wconf 90' lang='lat' dir='ltr'>et</span> <span class='ocrx_word' id='word_1_242' title='bbox 714 1558 869 1592; x_wconf 89' lang='lat' dir='ltr'>multum</span> <span class='ocrx_word' id='word_1_243' title='bbox 898 1558 1094 1601; x_wconf 86' lang='lat' dir='ltr'>ponderato</span> <span class='ocrx_word' id='word_1_244' title='bbox 1125 1558 1209 1593; x_wconf 88' lang='lat' dir='ltr'>freti</span> <span class='ocrx_word' id='word_1_245' title='bbox 1241 1559 1403 1601; x_wconf 86' lang='lat' dir='ltr'>consilio,</span> <span class='ocrx_word' id='word_1_246' title='bbox 1429 1561 1579 1596; x_wconf 88' lang='lat' dir='ltr'>eandem</span> <span class='ocrx_word' id='word_1_247' title='bbox 1607 1564 1766 1596; x_wconf 88' lang='lat' dir='ltr'>nostram</span> 
     </span>
     <span class='ocr_line' id='line_1_25' title="bbox 101 1613 1092 1658; baseline 0.001 -11"><span class='ocrx_word' id='word_1_248' title='bbox 101 1615 106 1619; x_wconf 87' lang='lat'>&#39;</span> <span class='ocrx_word' id='word_1_249' title='bbox 134 1613 354 1648; x_wconf 84' lang='lat' dir='ltr'>sentenciam</span> <span class='ocrx_word' id='word_1_250' title='bbox 371 1613 602 1649; x_wconf 88' lang='lat' dir='ltr'>diffinitivam</span> <span class='ocrx_word' id='word_1_251' title='bbox 618 1614 767 1649; x_wconf 87' lang='lat' dir='ltr'>ferimus</span> <span class='ocrx_word' id='word_1_252' title='bbox 783 1614 822 1648; x_wconf 94' lang='lat' dir='ltr'>in</span> <span class='ocrx_word' id='word_1_253' title='bbox 838 1613 909 1648; x_wconf 89' lang='lat' dir='ltr'>hiis</span> <span class='ocrx_word' id='word_1_254' title='bbox 926 1614 1070 1658; x_wconf 87' lang='lat' dir='ltr'>scriptis</span> <span class='ocrx_word' id='word_1_255' title='bbox 1085 1626 1092 1648; x_wconf 93' lang='lat'>:</span> 
     </span>
    </p>

    <p class='ocr_par' dir='ltr' id='par_1_4' title="bbox 136 1667 1783 2984">
     <span class='ocr_line' id='line_1_26' title="bbox 178 1667 1765 1717; baseline 0.004 -14"><span class='ocrx_word' id='word_1_256' title='bbox 178 1667 221 1703; x_wconf 90' lang='lat' dir='ltr'>In</span> <span class='ocrx_word' id='word_1_257' title='bbox 234 1667 379 1703; x_wconf 90' lang='lat' dir='ltr'>nomine</span> <span class='ocrx_word' id='word_1_258' title='bbox 392 1668 523 1704; x_wconf 88' lang='lat' dir='ltr'>Sancte</span> <span class='ocrx_word' id='word_1_259' title='bbox 536 1673 572 1704; x_wconf 89' lang='lat' dir='ltr'>et</span> <span class='ocrx_word' id='word_1_260' title='bbox 583 1669 770 1704; x_wconf 90' lang='lat' dir='ltr'>individue</span> <span class='ocrx_word' id='word_1_261' title='bbox 784 1669 986 1712; x_wconf 85' lang='lat' dir='ltr'>Trinitatis,</span> <span class='ocrx_word' id='word_1_262' title='bbox 1003 1669 1122 1705; x_wconf 86' lang='lat' dir='ltr'>Patris</span> <span class='ocrx_word' id='word_1_263' title='bbox 1134 1673 1169 1705; x_wconf 89' lang='lat' dir='ltr'>et</span> <span class='ocrx_word' id='word_1_264' title='bbox 1182 1670 1266 1705; x_wconf 89' lang='lat' dir='ltr'>Filii</span> <span class='ocrx_word' id='word_1_265' title='bbox 1281 1675 1319 1707; x_wconf 85' lang='lat' dir='ltr'>et</span> <span class='ocrx_word' id='word_1_266' title='bbox 1331 1672 1487 1717; x_wconf 87' lang='lat' dir='ltr'>Spiritus</span> <span class='ocrx_word' id='word_1_267' title='bbox 1500 1673 1636 1716; x_wconf 89' lang='lat' dir='ltr'>Sancti,</span> <span class='ocrx_word' id='word_1_268' title='bbox 1648 1686 1765 1709; x_wconf 90' lang='lat' dir='ltr'>amen.</span> 
     </span>
     <span class='ocr_line' id='line_1_27' title="bbox 140 1723 1770 1774; baseline 0.004 -15"><span class='ocrx_word' id='word_1_269' title='bbox 140 1723 320 1765; x_wconf 88' lang='lat' dir='ltr'>Quoniam</span> <span class='ocrx_word' id='word_1_270' title='bbox 344 1735 409 1769; x_wconf 92' lang='lat' dir='ltr'>per</span> <span class='ocrx_word' id='word_1_271' title='bbox 431 1724 638 1770; x_wconf 83' lang='lat' dir='ltr'>dilligentes</span> <span class='ocrx_word' id='word_1_272' title='bbox 665 1725 943 1760; x_wconf 81' lang='lat' dir='ltr'>informaciones</span> <span class='ocrx_word' id='word_1_273' title='bbox 960 1728 996 1760; x_wconf 89' lang='lat' dir='ltr'>et</span> <span class='ocrx_word' id='word_1_274' title='bbox 1018 1731 1152 1760; x_wconf 88' lang='lat' dir='ltr'>vestras</span> <span class='ocrx_word' id='word_1_275' title='bbox 1168 1729 1276 1770; x_wconf 89' lang='lat' dir='ltr'>atque</span> <span class='ocrx_word' id='word_1_276' title='bbox 1291 1733 1449 1763; x_wconf 80' lang='lat' dir='ltr'>vest-rum</span> <span class='ocrx_word' id='word_1_277' title='bbox 1473 1730 1667 1774; x_wconf 87' lang='lat' dir='ltr'>cujuslibet</span> <span class='ocrx_word' id='word_1_278' title='bbox 1688 1741 1770 1765; x_wconf 87' lang='lat' dir='ltr'>con-</span> 
     </span>
     <span class='ocr_line' id='line_1_28' title="bbox 139 1780 1772 1830; baseline 0.004 -15"><span class='ocrx_word' id='word_1_279' title='bbox 139 1780 310 1816; x_wconf 86' lang='lat' dir='ltr'>fessiones</span> <span class='ocrx_word' id='word_1_280' title='bbox 340 1792 462 1816; x_wconf 90' lang='lat' dir='ltr'>coram</span> <span class='ocrx_word' id='word_1_281' title='bbox 479 1781 582 1816; x_wconf 89' lang='lat' dir='ltr'>nobis</span> <span class='ocrx_word' id='word_1_282' title='bbox 611 1781 651 1816; x_wconf 90' lang='lat' dir='ltr'>in</span> <span class='ocrx_word' id='word_1_283' title='bbox 671 1781 813 1827; x_wconf 87' lang='lat' dir='ltr'>judicio</span> <span class='ocrx_word' id='word_1_284' title='bbox 837 1781 921 1816; x_wconf 91' lang='lat' dir='ltr'>fidei</span> <span class='ocrx_word' id='word_1_285' title='bbox 939 1782 1051 1816; x_wconf 88' lang='lat' dir='ltr'>factas</span> <span class='ocrx_word' id='word_1_286' title='bbox 1074 1784 1111 1817; x_wconf 86' lang='lat' dir='ltr'>et</span> <span class='ocrx_word' id='word_1_287' title='bbox 1130 1793 1214 1826; x_wconf 86' lang='lat' dir='ltr'>sepe</span> <span class='ocrx_word' id='word_1_288' title='bbox 1237 1783 1419 1827; x_wconf 89' lang='lat' dir='ltr'>repetitas,</span> <span class='ocrx_word' id='word_1_289' title='bbox 1439 1785 1691 1830; x_wconf 89' lang='lat' dir='ltr'>comperimus,</span> <span class='ocrx_word' id='word_1_290' title='bbox 1709 1797 1772 1821; x_wconf 89' lang='lat' dir='ltr'>vos</span> 
     </span>
     <span class='ocr_line' id='line_1_29' title="bbox 136 1836 1771 1882; baseline 0.004 -11"><span class='ocrx_word' id='word_1_291' title='bbox 136 1840 173 1872; x_wconf 90' lang='lat' dir='ltr'>et</span> <span class='ocrx_word' id='word_1_292' title='bbox 197 1836 393 1881; x_wconf 87' lang='lat' dir='ltr'>quemlibet</span> <span class='ocrx_word' id='word_1_293' title='bbox 419 1840 578 1872; x_wconf 77' lang='lat' dir='ltr'>vestrum</span> <span class='ocrx_word' id='word_1_294' title='bbox 602 1848 624 1871; x_wconf 86' lang='lat' dir='ltr'>a</span> <span class='ocrx_word' id='word_1_295' title='bbox 648 1837 718 1872; x_wconf 90' lang='lat' dir='ltr'>fide</span> <span class='ocrx_word' id='word_1_296' title='bbox 741 1837 941 1872; x_wconf 87' lang='lat' dir='ltr'>orthodoxa</span> <span class='ocrx_word' id='word_1_297' title='bbox 963 1837 1123 1872; x_wconf 85' lang='lat' dir='ltr'>deviasse</span> <span class='ocrx_word' id='word_1_298' title='bbox 1148 1841 1183 1873; x_wconf 83' lang='lat' dir='ltr'>et</span> <span class='ocrx_word' id='word_1_299' title='bbox 1207 1842 1435 1882; x_wconf 85' lang='lat' dir='ltr'>apostatasse,</span> <span class='ocrx_word' id='word_1_300' title='bbox 1461 1841 1713 1876; x_wconf 87' lang='lat' dir='ltr'>conventicula</span> <span class='ocrx_word' id='word_1_301' title='bbox 1736 1845 1771 1877; x_wconf 85' lang='lat' dir='ltr'>et</span> 
     </span>
     <span class='ocr_line' id='line_1_30' title="bbox 139 1891 1772 1940; baseline 0.004 -14"><span class='ocrx_word' id='word_1_302' title='bbox 139 1891 456 1937; x_wconf 78' lang='lat' dir='ltr'>congregaciones,</span> <span class='ocrx_word' id='word_1_303' title='bbox 474 1891 513 1926; x_wconf 90' lang='lat' dir='ltr'>in</span> <span class='ocrx_word' id='word_1_304' title='bbox 529 1892 660 1936; x_wconf 88' lang='lat' dir='ltr'>quibus</span> <span class='ocrx_word' id='word_1_305' title='bbox 675 1892 844 1927; x_wconf 87' lang='lat' dir='ltr'>demones</span> <span class='ocrx_word' id='word_1_306' title='bbox 860 1893 1055 1937; x_wconf 85' lang='lat' dir='ltr'>aliquando</span> <span class='ocrx_word' id='word_1_307' title='bbox 1079 1892 1118 1927; x_wconf 90' lang='lat' dir='ltr'>in</span> <span class='ocrx_word' id='word_1_308' title='bbox 1138 1893 1258 1938; x_wconf 88' lang='lat' dir='ltr'>effigie</span> <span class='ocrx_word' id='word_1_309' title='bbox 1281 1894 1450 1937; x_wconf 88' lang='lat' dir='ltr'>hominis,</span> <span class='ocrx_word' id='word_1_310' title='bbox 1475 1896 1670 1940; x_wconf 86' lang='lat' dir='ltr'>aliquando</span> <span class='ocrx_word' id='word_1_311' title='bbox 1686 1909 1772 1932; x_wconf 91' lang='lat' dir='ltr'>vero</span> 
     </span>
     <span class='ocr_line' id='line_1_31' title="bbox 136 1947 1772 1997; baseline 0.002 -14"><span class='ocrx_word' id='word_1_312' title='bbox 136 1956 180 1993; x_wconf 74' lang='lat' dir='ltr'>in</span> <span class='ocrx_word' id='word_1_313' title='bbox 203 1947 324 1993; x_wconf 83' lang='lat' dir='ltr'>effigie</span> <span class='ocrx_word' id='word_1_314' title='bbox 346 1949 535 1983; x_wconf 85' lang='lat' dir='ltr'>brutorum</span> <span class='ocrx_word' id='word_1_315' title='bbox 559 1947 783 1983; x_wconf 82' lang='lat' dir='ltr'>naturalium</span> <span class='ocrx_word' id='word_1_316' title='bbox 798 1947 1023 1982; x_wconf 87' lang='lat' dir='ltr'>diversarum</span> <span class='ocrx_word' id='word_1_317' title='bbox 1046 1948 1247 1992; x_wconf 86' lang='lat' dir='ltr'>specierum</span> <span class='ocrx_word' id='word_1_318' title='bbox 1270 1950 1509 1993; x_wconf 87' lang='lat' dir='ltr'>presidebant,</span> <span class='ocrx_word' id='word_1_319' title='bbox 1528 1952 1772 1997; x_wconf 84' lang='lat' dir='ltr'>frequentasse</span> 
     </span>
     <span class='ocr_line' id='line_1_32' title="bbox 142 2002 1772 2049; baseline -0.001 -10"><span class='ocrx_word' id='word_1_320' title='bbox 142 2007 179 2039; x_wconf 89' lang='lat' dir='ltr'>et</span> <span class='ocrx_word' id='word_1_321' title='bbox 201 2003 336 2038; x_wconf 90' lang='lat' dir='ltr'>eisdem</span> <span class='ocrx_word' id='word_1_322' title='bbox 358 2003 570 2038; x_wconf 89' lang='lat' dir='ltr'>demonibus</span> <span class='ocrx_word' id='word_1_323' title='bbox 593 2002 838 2038; x_wconf 84' lang='lat' dir='ltr'>reverenciam</span> <span class='ocrx_word' id='word_1_324' title='bbox 854 2002 1070 2044; x_wconf 82' lang='lat' dir='ltr'>exhibuisse,</span> <span class='ocrx_word' id='word_1_325' title='bbox 1089 2006 1124 2038; x_wconf 92' lang='lat' dir='ltr'>et</span> <span class='ocrx_word' id='word_1_326' title='bbox 1147 2015 1189 2038; x_wconf 90' lang='lat' dir='ltr'>ea</span> <span class='ocrx_word' id='word_1_327' title='bbox 1204 2004 1366 2040; x_wconf 87' lang='lat' dir='ltr'>exhibita</span> <span class='ocrx_word' id='word_1_328' title='bbox 1381 2006 1504 2049; x_wconf 86' lang='lat' dir='ltr'>aliqua</span> <span class='ocrx_word' id='word_1_329' title='bbox 1520 2006 1614 2040; x_wconf 90' lang='lat' dir='ltr'>dona</span> <span class='ocrx_word' id='word_1_330' title='bbox 1638 2005 1772 2040; x_wconf 88' lang='lat' dir='ltr'>eisdem</span> 
     </span>
     <span class='ocr_line' id='line_1_33' title="bbox 142 2058 1773 2102; baseline 0.001 -9"><span class='ocrx_word' id='word_1_331' title='bbox 142 2058 355 2093; x_wconf 89' lang='lat' dir='ltr'>demonibus</span> <span class='ocrx_word' id='word_1_332' title='bbox 378 2058 514 2099; x_wconf 85' lang='lat' dir='ltr'>fecisse,</span> <span class='ocrx_word' id='word_1_333' title='bbox 533 2059 749 2102; x_wconf 89' lang='lat' dir='ltr'>quamplura</span> <span class='ocrx_word' id='word_1_334' title='bbox 765 2058 935 2093; x_wconf 85' lang='lat' dir='ltr'>mandata</span> <span class='ocrx_word' id='word_1_335' title='bbox 958 2058 1117 2102; x_wconf 88' lang='lat' dir='ltr'>ipsorum</span> <span class='ocrx_word' id='word_1_336' title='bbox 1141 2059 1334 2095; x_wconf 91' lang='lat' dir='ltr'>demonum</span> <span class='ocrx_word' id='word_1_337' title='bbox 1351 2066 1471 2096; x_wconf 88' lang='lat' dir='ltr'>nostre</span> <span class='ocrx_word' id='word_1_338' title='bbox 1487 2061 1570 2096; x_wconf 89' lang='lat' dir='ltr'>fidei</span> <span class='ocrx_word' id='word_1_339' title='bbox 1593 2064 1629 2096; x_wconf 89' lang='lat' dir='ltr'>et</span> <span class='ocrx_word' id='word_1_340' title='bbox 1651 2061 1773 2095; x_wconf 83' lang='lat' dir='ltr'>divine</span> 
     </span>
     <span class='ocr_line' id='line_1_34' title="bbox 140 2113 1772 2161; baseline 0.001 -13"><span class='ocrx_word' id='word_1_341' title='bbox 140 2113 214 2158; x_wconf 90' lang='lat' dir='ltr'>legi</span> <span class='ocrx_word' id='word_1_342' title='bbox 238 2113 420 2148; x_wconf 85' lang='lat' dir='ltr'>contraria</span> <span class='ocrx_word' id='word_1_343' title='bbox 436 2113 623 2157; x_wconf 86' lang='lat' dir='ltr'>recepisse,</span> <span class='ocrx_word' id='word_1_344' title='bbox 640 2117 675 2148; x_wconf 90' lang='lat' dir='ltr'>et</span> <span class='ocrx_word' id='word_1_345' title='bbox 700 2114 799 2157; x_wconf 82' lang='lat' dir='ltr'>quod</span> <span class='ocrx_word' id='word_1_346' title='bbox 819 2113 882 2148; x_wconf 90' lang='lat' dir='ltr'>illa</span> <span class='ocrx_word' id='word_1_347' title='bbox 905 2114 1096 2149; x_wconf 81' lang='lat' dir='ltr'>servaretis</span> <span class='ocrx_word' id='word_1_348' title='bbox 1113 2115 1328 2158; x_wconf 83' lang='lat' dir='ltr'>promisisse,</span> <span class='ocrx_word' id='word_1_349' title='bbox 1347 2120 1383 2151; x_wconf 87' lang='lat' dir='ltr'>et</span> <span class='ocrx_word' id='word_1_350' title='bbox 1407 2117 1500 2160; x_wconf 87' lang='lat' dir='ltr'>ipsos</span> <span class='ocrx_word' id='word_1_351' title='bbox 1517 2118 1685 2152; x_wconf 87' lang='lat' dir='ltr'>demones</span> <span class='ocrx_word' id='word_1_352' title='bbox 1709 2116 1772 2161; x_wconf 86' lang='lat' dir='ltr'>qui</span> 
     </span>
     <span class='ocr_line' id='line_1_35' title="bbox 144 2168 1772 2216; baseline 0.002 -13"><span class='ocrx_word' id='word_1_353' title='bbox 144 2168 182 2203; x_wconf 87' lang='lat' dir='ltr'>in</span> <span class='ocrx_word' id='word_1_354' title='bbox 198 2168 406 2213; x_wconf 88' lang='lat' dir='ltr'>hujusmodi</span> <span class='ocrx_word' id='word_1_355' title='bbox 422 2169 770 2213; x_wconf 88' lang='lat' dir='ltr'>congregacionibus</span> <span class='ocrx_word' id='word_1_356' title='bbox 787 2169 1025 2213; x_wconf 78' lang='lat' dir='ltr'>presidebant,</span> <span class='ocrx_word' id='word_1_357' title='bbox 1044 2181 1114 2213; x_wconf 87' lang='lat' dir='ltr'>quo</span> <span class='ocrx_word' id='word_1_358' title='bbox 1131 2170 1176 2204; x_wconf 87' lang='lat' dir='ltr'>ad</span> <span class='ocrx_word' id='word_1_359' title='bbox 1192 2170 1332 2214; x_wconf 74' lang='lat' dir='ltr'>aliquos</span> <span class='ocrx_word' id='word_1_360' title='bbox 1356 2171 1394 2206; x_wconf 91' lang='lat' dir='ltr'>in</span> <span class='ocrx_word' id='word_1_361' title='bbox 1411 2172 1680 2216; x_wconf 86' lang='lat' dir='ltr'>posterioribus,</span> <span class='ocrx_word' id='word_1_362' title='bbox 1701 2183 1772 2215; x_wconf 87' lang='lat' dir='ltr'>quo</span> 
     </span>
     <span class='ocr_line' id='line_1_36' title="bbox 145 2223 1773 2270; baseline 0.002 -12"><span class='ocrx_word' id='word_1_363' title='bbox 145 2224 192 2258; x_wconf 90' lang='lat' dir='ltr'>ad</span> <span class='ocrx_word' id='word_1_364' title='bbox 207 2223 297 2259; x_wconf 86' lang='lat' dir='ltr'>alios</span> <span class='ocrx_word' id='word_1_365' title='bbox 312 2235 396 2258; x_wconf 85' lang='lat' dir='ltr'>vero</span> <span class='ocrx_word' id='word_1_366' title='bbox 419 2223 458 2258; x_wconf 89' lang='lat' dir='ltr'>in</span> <span class='ocrx_word' id='word_1_367' title='bbox 474 2223 623 2267; x_wconf 88' lang='lat' dir='ltr'>pedibus</span> <span class='ocrx_word' id='word_1_368' title='bbox 639 2227 673 2258; x_wconf 88' lang='lat' dir='ltr'>et</span> <span class='ocrx_word' id='word_1_369' title='bbox 688 2223 855 2258; x_wconf 89' lang='lat' dir='ltr'>manibus</span> <span class='ocrx_word' id='word_1_370' title='bbox 871 2224 1093 2270; x_wconf 84' lang='lat' dir='ltr'>deosculatos</span> <span class='ocrx_word' id='word_1_371' title='bbox 1117 2225 1237 2267; x_wconf 87' lang='lat' dir='ltr'>fuisse,</span> <span class='ocrx_word' id='word_1_372' title='bbox 1256 2226 1458 2270; x_wconf 82' lang='lat' dir='ltr'>multosque</span> <span class='ocrx_word' id='word_1_373' title='bbox 1474 2239 1517 2261; x_wconf 79' lang='lat' dir='ltr'>ex</span> <span class='ocrx_word' id='word_1_374' title='bbox 1534 2227 1634 2261; x_wconf 77' lang='lat' dir='ltr'>vobis</span> <span class='ocrx_word' id='word_1_375' title='bbox 1650 2226 1773 2270; x_wconf 89' lang='lat' dir='ltr'>aliqua</span> 
     </span>
     <span class='ocr_line' id='line_1_37' title="bbox 145 2278 1773 2323; baseline 0.001 -9"><span class='ocrx_word' id='word_1_376' title='bbox 145 2279 241 2314; x_wconf 86' lang='lat' dir='ltr'>dona</span> <span class='ocrx_word' id='word_1_377' title='bbox 266 2279 311 2314; x_wconf 89' lang='lat' dir='ltr'>ab</span> <span class='ocrx_word' id='word_1_378' title='bbox 338 2279 470 2313; x_wconf 89' lang='lat' dir='ltr'>eisdem</span> <span class='ocrx_word' id='word_1_379' title='bbox 502 2278 714 2313; x_wconf 88' lang='lat' dir='ltr'>demonibus</span> <span class='ocrx_word' id='word_1_380' title='bbox 744 2278 931 2322; x_wconf 86' lang='lat' dir='ltr'>recepisse,</span> <span class='ocrx_word' id='word_1_381' title='bbox 961 2282 996 2313; x_wconf 90' lang='lat' dir='ltr'>et</span> <span class='ocrx_word' id='word_1_382' title='bbox 1027 2279 1171 2323; x_wconf 86' lang='lat' dir='ltr'>signum</span> <span class='ocrx_word' id='word_1_383' title='bbox 1199 2281 1318 2314; x_wconf 85' lang='lat' dir='ltr'>crucis</span> <span class='ocrx_word' id='word_1_384' title='bbox 1346 2281 1490 2316; x_wconf 90' lang='lat' dir='ltr'>Domini</span> <span class='ocrx_word' id='word_1_385' title='bbox 1522 2281 1633 2317; x_wconf 87' lang='lat' dir='ltr'>nostri</span> <span class='ocrx_word' id='word_1_386' title='bbox 1662 2281 1773 2316; x_wconf 76' lang='lat' dir='ltr'>Jhesu</span> 
     </span>
     <span class='ocr_line' id='line_1_38' title="bbox 148 2335 1773 2380; baseline 0.001 -10"><span class='ocrx_word' id='word_1_387' title='bbox 148 2335 294 2376; x_wconf 87' lang='lat' dir='ltr'>Christi,</span> <span class='ocrx_word' id='word_1_388' title='bbox 312 2335 507 2379; x_wconf 86' lang='lat' dir='ltr'>aliquando</span> <span class='ocrx_word' id='word_1_389' title='bbox 530 2335 679 2379; x_wconf 89' lang='lat' dir='ltr'>pedibus</span> <span class='ocrx_word' id='word_1_390' title='bbox 695 2335 923 2370; x_wconf 58' lang='lat' dir='ltr'>conculcasse</span> <span class='ocrx_word' id='word_1_391' title='bbox 939 2335 995 2369; x_wconf 77' lang='lat' dir='ltr'>vel</span> <span class='ocrx_word' id='word_1_392' title='bbox 1022 2347 1130 2379; x_wconf 90' lang='lat' dir='ltr'>super</span> <span class='ocrx_word' id='word_1_393' title='bbox 1152 2335 1243 2371; x_wconf 90' lang='lat' dir='ltr'>illud</span> <span class='ocrx_word' id='word_1_394' title='bbox 1266 2337 1446 2380; x_wconf 66' lang='lat' dir='ltr'>exspuisse</span> <span class='ocrx_word' id='word_1_395' title='bbox 1462 2351 1469 2379; x_wconf 70' lang='grc' dir='ltr'><strong>ς</strong></span> <span class='ocrx_word' id='word_1_396' title='bbox 1487 2341 1523 2372; x_wconf 88' lang='lat' dir='ltr'>et</span> <span class='ocrx_word' id='word_1_397' title='bbox 1546 2343 1581 2372; x_wconf 91' lang='lat' dir='ltr'>te</span> <span class='ocrx_word' id='word_1_398' title='bbox 1598 2338 1773 2372; x_wconf 87' lang='lat' dir='ltr'>Colettam</span> 
     </span>
     <span class='ocr_line' id='line_1_39' title="bbox 148 2389 1774 2436; baseline -0.001 -9"><span class='ocrx_word' id='word_1_399' title='bbox 148 2391 349 2432; x_wconf 65' lang='lat' dir='ltr'>Loetrebee,</span> <span class='ocrx_word' id='word_1_400' title='bbox 367 2391 453 2426; x_wconf 89' lang='lat' dir='ltr'>bina</span> <span class='ocrx_word' id='word_1_401' title='bbox 466 2390 556 2431; x_wconf 82' lang='lat' dir='ltr'>vice,</span> <span class='ocrx_word' id='word_1_402' title='bbox 575 2402 596 2424; x_wconf 87' lang='lat' dir='ltr'>a</span> <span class='ocrx_word' id='word_1_403' title='bbox 619 2390 781 2430; x_wconf 89' lang='lat' dir='ltr'>demone,</span> <span class='ocrx_word' id='word_1_404' title='bbox 800 2390 837 2423; x_wconf 89' lang='lat' dir='ltr'>in</span> <span class='ocrx_word' id='word_1_405' title='bbox 861 2389 981 2434; x_wconf 88' lang='lat' dir='ltr'>effigie</span> <span class='ocrx_word' id='word_1_406' title='bbox 1004 2389 1172 2430; x_wconf 85' lang='lat' dir='ltr'>hominis,</span> <span class='ocrx_word' id='word_1_407' title='bbox 1190 2393 1225 2425; x_wconf 87' lang='lat' dir='ltr'>et</span> <span class='ocrx_word' id='word_1_408' title='bbox 1241 2391 1349 2425; x_wconf 83' lang='lat' dir='ltr'>semel</span> <span class='ocrx_word' id='word_1_409' title='bbox 1373 2391 1411 2425; x_wconf 88' lang='lat' dir='ltr'>in</span> <span class='ocrx_word' id='word_1_410' title='bbox 1434 2391 1554 2436; x_wconf 87' lang='lat' dir='ltr'>effigie</span> <span class='ocrx_word' id='word_1_411' title='bbox 1577 2391 1672 2426; x_wconf 87' lang='lat' dir='ltr'>tauri</span> <span class='ocrx_word' id='word_1_412' title='bbox 1698 2402 1774 2425; x_wconf 89' lang='lat' dir='ltr'>car-</span> 
     </span>
     <span class='ocr_line' id='line_1_40' title="bbox 147 2444 1778 2491; baseline -0.002 -9"><span class='ocrx_word' id='word_1_413' title='bbox 147 2446 280 2482; x_wconf 79' lang='lat' dir='ltr'>naliter</span> <span class='ocrx_word' id='word_1_414' title='bbox 301 2446 483 2491; x_wconf 89' lang='lat' dir='ltr'>cognitam</span> <span class='ocrx_word' id='word_1_415' title='bbox 507 2445 628 2486; x_wconf 87' lang='lat' dir='ltr'>fuisse,</span> <span class='ocrx_word' id='word_1_416' title='bbox 648 2457 786 2480; x_wconf 85' lang='lat' dir='ltr'>necnon</span> <span class='ocrx_word' id='word_1_417' title='bbox 809 2449 881 2480; x_wconf 87' lang='lat' dir='ltr'>tres</span> <span class='ocrx_word' id='word_1_418' title='bbox 904 2448 1061 2479; x_wconf 85' lang='lat' dir='ltr'>sacratas</span> <span class='ocrx_word' id='word_1_419' title='bbox 1084 2444 1229 2486; x_wconf 82' lang='lat' dir='ltr'>hostias,</span> <span class='ocrx_word' id='word_1_420' title='bbox 1248 2457 1331 2480; x_wconf 88' lang='lat' dir='ltr'>cum</span> <span class='ocrx_word' id='word_1_421' title='bbox 1359 2445 1498 2480; x_wconf 79' lang='lat' dir='ltr'>duobus</span> <span class='ocrx_word' id='word_1_422' title='bbox 1523 2446 1726 2480; x_wconf 82' lang='lat' dir='ltr'>buffonibus</span> <span class='ocrx_word' id='word_1_423' title='bbox 1742 2454 1778 2480; x_wconf 86' lang='lat' dir='ltr'>et</span> 
     </span>
     <span class='ocr_line' id='line_1_41' title="bbox 149 2499 1779 2546; baseline -0.001 -10"><span class='ocrx_word' id='word_1_424' title='bbox 149 2501 331 2546; x_wconf 88' lang='lat' dir='ltr'>aliquibus</span> <span class='ocrx_word' id='word_1_425' title='bbox 357 2501 506 2542; x_wconf 82' lang='lat' dir='ltr'>ossibus,</span> <span class='ocrx_word' id='word_1_426' title='bbox 537 2512 605 2544; x_wconf 86' lang='lat' dir='ltr'>que</span> <span class='ocrx_word' id='word_1_427' title='bbox 634 2501 700 2535; x_wconf 91' lang='lat' dir='ltr'>sub</span> <span class='ocrx_word' id='word_1_428' title='bbox 733 2500 893 2544; x_wconf 89' lang='lat' dir='ltr'>patibulo</span> <span class='ocrx_word' id='word_1_429' title='bbox 924 2499 1151 2534; x_wconf 78' lang='lat' dir='ltr'>Atrebatensi</span> <span class='ocrx_word' id='word_1_430' title='bbox 1183 2500 1392 2544; x_wconf 81' lang='lat' dir='ltr'>collegeras,</span> <span class='ocrx_word' id='word_1_431' title='bbox 1424 2501 1592 2535; x_wconf 86' lang='lat' dir='ltr'>defuncto</span> <span class='ocrx_word' id='word_1_432' title='bbox 1619 2501 1779 2536; x_wconf 79' lang='lat' dir='ltr'>Johanni</span> 
     </span>
     <span class='ocr_line' id='line_1_42' title="bbox 153 2554 1780 2600; baseline -0.002 -9"><span class='ocrx_word' id='word_1_433' title='bbox 153 2556 337 2600; x_wconf 48' lang='lat' dir='ltr'>Tannoya</span> <span class='ocrx_word' id='word_1_434' title='bbox 352 2555 449 2591; x_wconf 82' lang='lat' dir='ltr'>dicto</span> <span class='ocrx_word' id='word_1_435' title='bbox 478 2555 601 2590; x_wconf 77' lang='lat' dir='ltr'>l‘Abbe</span> <span class='ocrx_word' id='word_1_436' title='bbox 625 2555 668 2589; x_wconf 92' lang='lat' dir='ltr'>de</span> <span class='ocrx_word' id='word_1_437' title='bbox 692 2554 769 2588; x_wconf 91' lang='lat' dir='ltr'>Pau</span> <span class='ocrx_word' id='word_1_438' title='bbox 797 2554 841 2588; x_wconf 92' lang='lat' dir='ltr'>de</span> <span class='ocrx_word' id='word_1_439' title='bbox 865 2565 956 2594; x_wconf 65' lang='lat' dir='ltr'>senS,</span> <span class='ocrx_word' id='word_1_440' title='bbox 982 2565 1098 2597; x_wconf 88' lang='lat' dir='ltr'>nuper</span> <span class='ocrx_word' id='word_1_441' title='bbox 1121 2557 1160 2588; x_wconf 85' lang='lat' dir='ltr'>ut</span> <span class='ocrx_word' id='word_1_442' title='bbox 1184 2554 1377 2588; x_wconf 77' lang='lat' dir='ltr'>criminoso</span> <span class='ocrx_word' id='word_1_443' title='bbox 1401 2555 1444 2589; x_wconf 89' lang='lat' dir='ltr'>de</span> <span class='ocrx_word' id='word_1_444' title='bbox 1468 2555 1565 2589; x_wconf 86' lang='lat' dir='ltr'>dicta</span> <span class='ocrx_word' id='word_1_445' title='bbox 1587 2555 1780 2590; x_wconf 74' lang='lat' dir='ltr'>maledicta</span> 
     </span>
     <span class='ocr_line' id='line_1_43' title="bbox 151 2608 1780 2654; baseline -0.001 -9"><span class='ocrx_word' id='word_1_446' title='bbox 151 2613 247 2646; x_wconf 88' lang='lat' dir='ltr'>secta</span> <span class='ocrx_word' id='word_1_447' title='bbox 265 2610 498 2645; x_wconf 90' lang='lat' dir='ltr'>Valdensium</span> <span class='ocrx_word' id='word_1_448' title='bbox 516 2610 709 2654; x_wconf 86' lang='lat' dir='ltr'>dampnato</span> <span class='ocrx_word' id='word_1_449' title='bbox 725 2612 760 2644; x_wconf 90' lang='lat' dir='ltr'>et</span> <span class='ocrx_word' id='word_1_450' title='bbox 777 2608 925 2654; x_wconf 88' lang='lat' dir='ltr'>justicie</span> <span class='ocrx_word' id='word_1_451' title='bbox 947 2609 1084 2650; x_wconf 87' lang='lat' dir='ltr'>relicto,</span> <span class='ocrx_word' id='word_1_452' title='bbox 1104 2612 1143 2643; x_wconf 87' lang='lat' dir='ltr'>ut</span> <span class='ocrx_word' id='word_1_453' title='bbox 1171 2608 1253 2643; x_wconf 86' lang='lat' dir='ltr'>inde</span> <span class='ocrx_word' id='word_1_454' title='bbox 1277 2612 1462 2654; x_wconf 85' lang='lat' dir='ltr'>unguenta</span> <span class='ocrx_word' id='word_1_455' title='bbox 1486 2609 1780 2653; x_wconf 88' lang='lat' dir='ltr'>dampnatissima</span> 
     </span>
     <span class='ocr_line' id='line_1_44' title="bbox 153 2663 1779 2708; baseline -0.001 -8"><span class='ocrx_word' id='word_1_456' title='bbox 153 2666 357 2707; x_wconf 85' lang='lat' dir='ltr'>conficeret,</span> <span class='ocrx_word' id='word_1_457' title='bbox 390 2665 602 2707; x_wconf 74' lang='lat' dir='ltr'>tradidisse3</span> <span class='ocrx_word' id='word_1_458' title='bbox 635 2671 669 2699; x_wconf 77' lang='lat' dir='ltr'>te</span> <span class='ocrx_word' id='word_1_459' title='bbox 698 2675 784 2699; x_wconf 89' lang='lat' dir='ltr'>vero</span> <span class='ocrx_word' id='word_1_460' title='bbox 817 2663 1048 2698; x_wconf 87' lang='lat' dir='ltr'>Catherinam</span> <span class='ocrx_word' id='word_1_461' title='bbox 1081 2663 1301 2707; x_wconf 88' lang='lat' dir='ltr'>Gringaude‚</span> <span class='ocrx_word' id='word_1_462' title='bbox 1334 2664 1501 2698; x_wconf 86' lang='lat' dir='ltr'>similiter</span> <span class='ocrx_word' id='word_1_463' title='bbox 1532 2664 1666 2708; x_wconf 89' lang='lat' dir='ltr'>pluries</span> <span class='ocrx_word' id='word_1_464' title='bbox 1696 2676 1779 2698; x_wconf 88' lang='lat' dir='ltr'>cum</span> 
     </span>
     <span class='ocr_line' id='line_1_45' title="bbox 152 2718 1780 2764; baseline -0.002 -9"><span class='ocrx_word' id='word_1_465' title='bbox 152 2720 315 2761; x_wconf 89' lang='lat' dir='ltr'>demone,</span> <span class='ocrx_word' id='word_1_466' title='bbox 347 2719 386 2754; x_wconf 89' lang='lat' dir='ltr'>in</span> <span class='ocrx_word' id='word_1_467' title='bbox 416 2719 535 2764; x_wconf 88' lang='lat' dir='ltr'>effigie</span> <span class='ocrx_word' id='word_1_468' title='bbox 566 2719 742 2759; x_wconf 89' lang='lat' dir='ltr'>humana,</span> <span class='ocrx_word' id='word_1_469' title='bbox 776 2722 895 2762; x_wconf 89' lang='lat' dir='ltr'>preter</span> <span class='ocrx_word' id='word_1_470' title='bbox 924 2718 1070 2752; x_wconf 88' lang='lat' dir='ltr'>modum</span> <span class='ocrx_word' id='word_1_471' title='bbox 1102 2719 1321 2760; x_wconf 88' lang='lat' dir='ltr'>naturalem,</span> <span class='ocrx_word' id='word_1_472' title='bbox 1355 2719 1643 2762; x_wconf 73' lang='lat' dir='ltr'>commiscuisse3</span> <span class='ocrx_word' id='word_1_473' title='bbox 1675 2722 1780 2763; x_wconf 79' lang='lat' dir='ltr'>teque</span> 
     </span>
     <span class='ocr_line' id='line_1_46' title="bbox 153 2773 1782 2820; baseline -0.002 -9"><span class='ocrx_word' id='word_1_474' title='bbox 153 2775 426 2820; x_wconf 87' lang='lat' dir='ltr'>Margarettam,</span> <span class='ocrx_word' id='word_1_475' title='bbox 445 2775 577 2809; x_wconf 82' lang='lat' dir='ltr'>dictam</span> <span class='ocrx_word' id='word_1_476' title='bbox 602 2774 634 2808; x_wconf 90' lang='lat' dir='ltr'>le</span> <span class='ocrx_word' id='word_1_477' title='bbox 656 2773 963 2817; x_wconf 82' lang='lat' dir='ltr'>Parqueminiere,</span> <span class='ocrx_word' id='word_1_478' title='bbox 982 2773 1090 2808; x_wconf 85' lang='lat' dir='ltr'>etiam</span> <span class='ocrx_word' id='word_1_479' title='bbox 1115 2785 1197 2808; x_wconf 88' lang='lat' dir='ltr'>cum</span> <span class='ocrx_word' id='word_1_480' title='bbox 1221 2774 1370 2808; x_wconf 88' lang='lat' dir='ltr'>demone</span> <span class='ocrx_word' id='word_1_481' title='bbox 1395 2774 1431 2808; x_wconf 91' lang='lat' dir='ltr'>in</span> <span class='ocrx_word' id='word_1_482' title='bbox 1456 2775 1575 2819; x_wconf 88' lang='lat' dir='ltr'>effigie</span> <span class='ocrx_word' id='word_1_483' title='bbox 1591 2774 1728 2818; x_wconf 82' lang='lat' dir='ltr'>vulpis3</span> <span class='ocrx_word' id='word_1_484' title='bbox 1747 2778 1782 2808; x_wconf 87' lang='lat' dir='ltr'>et</span> 
     </span>
     <span class='ocr_line' id='line_1_47' title="bbox 155 2827 1781 2873; baseline -0.002 -7"><span class='ocrx_word' id='word_1_485' title='bbox 155 2834 191 2866; x_wconf 84' lang='lat' dir='ltr'>te</span> <span class='ocrx_word' id='word_1_486' title='bbox 206 2830 411 2865; x_wconf 66' lang='lat' dir='ltr'>«Iohannem</span> <span class='ocrx_word' id='word_1_487' title='bbox 426 2829 690 2870; x_wconf 87' lang='lat' dir='ltr'>Wissemande,</span> <span class='ocrx_word' id='word_1_488' title='bbox 708 2828 841 2863; x_wconf 88' lang='lat' dir='ltr'>dictam</span> <span class='ocrx_word' id='word_1_489' title='bbox 858 2827 1066 2872; x_wconf 85' lang='lat' dir='ltr'>Printamps</span> <span class='ocrx_word' id='word_1_490' title='bbox 1084 2827 1170 2872; x_wconf 80' lang='lat' dir='ltr'>Gay,</span> <span class='ocrx_word' id='word_1_491' title='bbox 1190 2828 1227 2863; x_wconf 90' lang='lat' dir='ltr'>in</span> <span class='ocrx_word' id='word_1_492' title='bbox 1251 2829 1369 2873; x_wconf 86' lang='lat' dir='ltr'>effigie</span> <span class='ocrx_word' id='word_1_493' title='bbox 1394 2829 1525 2873; x_wconf 89' lang='lat' dir='ltr'>leporis</span> <span class='ocrx_word' id='word_1_494' title='bbox 1540 2833 1661 2864; x_wconf 87' lang='lat' dir='ltr'>actum</span> <span class='ocrx_word' id='word_1_495' title='bbox 1679 2841 1781 2864; x_wconf 83' lang='lat' dir='ltr'>vene-</span> 
     </span>
     <span class='ocr_line' id='line_1_48' title="bbox 155 2883 1783 2929; baseline -0.002 -9"><span class='ocrx_word' id='word_1_496' title='bbox 155 2895 259 2920; x_wconf 87' lang='lat' dir='ltr'>reum</span> <span class='ocrx_word' id='word_1_497' title='bbox 274 2896 374 2920; x_wconf 90' lang='lat' dir='ltr'>more</span> <span class='ocrx_word' id='word_1_498' title='bbox 389 2885 595 2920; x_wconf 88' lang='lat' dir='ltr'>inordinato</span> <span class='ocrx_word' id='word_1_499' title='bbox 611 2888 646 2919; x_wconf 88' lang='lat' dir='ltr'>et</span> <span class='ocrx_word' id='word_1_500' title='bbox 668 2887 770 2918; x_wconf 85' lang='lat' dir='ltr'>extra</span> <span class='ocrx_word' id='word_1_501' title='bbox 793 2887 932 2927; x_wconf 87' lang='lat' dir='ltr'>portam</span> <span class='ocrx_word' id='word_1_502' title='bbox 956 2883 1112 2917; x_wconf 86' lang='lat' dir='ltr'>debitam</span> <span class='ocrx_word' id='word_1_503' title='bbox 1129 2883 1330 2918; x_wconf 85' lang='lat' dir='ltr'>exercuisse</span> <span class='ocrx_word' id='word_1_504' title='bbox 1345 2897 1353 2925; x_wconf 75' lang='lat'><em>3</em></span> <span class='ocrx_word' id='word_1_505' title='bbox 1372 2884 1519 2928; x_wconf 85' lang='lat' dir='ltr'>insuper</span> <span class='ocrx_word' id='word_1_506' title='bbox 1534 2895 1596 2919; x_wconf 89' lang='lat' dir='ltr'>vos</span> <span class='ocrx_word' id='word_1_507' title='bbox 1613 2883 1783 2929; x_wconf 87' lang='lat' dir='ltr'>Egidium</span> 
     </span>
     <span class='ocr_line' id='line_1_49' title="bbox 158 2938 1783 2984; baseline -0.001 -8"><span class='ocrx_word' id='word_1_508' title='bbox 158 2939 203 2976; x_wconf 81' lang='lat' dir='ltr'>de</span> <span class='ocrx_word' id='word_1_509' title='bbox 234 2940 430 2976; x_wconf 82' lang='lat' dir='ltr'>Blancourt</span> <span class='ocrx_word' id='word_1_510' title='bbox 472 2943 506 2975; x_wconf 86' lang='lat' dir='ltr'>et</span> <span class='ocrx_word' id='word_1_511' title='bbox 536 2939 797 2983; x_wconf 79' lang='lat' dir='ltr'>Margarettam</span> <span class='ocrx_word' id='word_1_512' title='bbox 827 2939 861 2974; x_wconf 93' lang='lat' dir='ltr'>le</span> <span class='ocrx_word' id='word_1_513' title='bbox 891 2938 1188 2982; x_wconf 72' lang='lat' dir='ltr'>Parqueminiere</span> <span class='ocrx_word' id='word_1_514' title='bbox 1231 2940 1277 2975; x_wconf 89' lang='lat' dir='ltr'>ad</span> <span class='ocrx_word' id='word_1_515' title='bbox 1306 2944 1512 2984; x_wconf 78' lang='lat' dir='ltr'>preceptum</span> <span class='ocrx_word' id='word_1_516' title='bbox 1539 2941 1714 2982; x_wconf 85' lang='lat' dir='ltr'>demonis,</span> <span class='ocrx_word' id='word_1_517' title='bbox 1744 2940 1783 2974; x_wconf 85' lang='lat' dir='ltr'>in</span> 
     </span>
    </p>
   </div>
   <div class='ocr_carea' id='block_1_3' title="bbox 771 3003 1655 3052">
    <p class='ocr_par' dir='ltr' id='par_1_5' title="bbox 771 3003 1655 3052">
     <span class='ocr_line' id='line_1_50' title="bbox 771 3003 1655 3052; baseline 0.001 -1"><span class='ocrx_word' id='word_1_518' title='bbox 771 3003 781 3028; x_wconf 63' lang='lat'>⁸</span> <span class='ocrx_word' id='word_1_519' title='bbox 1616 3021 1655 3052; x_wconf 71' lang='lat'>24</span> 
     </span>
    </p>
   </div>
  </div>
 </body>
</html>
