2097 3466
803 241 936 277 ANNO
962 243 1063 276 1288
1673 242 1734 276 147

567 335 636 371 IV.
663 336 716 371 De
739 336 965 381 consessione
986 341 1018 370 et
1035 335 1276 381 poenitentia.

226 419 278 453 11.
297 417 398 459 Item,
416 418 617 454 sacerdotes
633 422 815 454 reservent
837 419 1002 463 episeopo
1018 420 1156 464 majora
1173 420 1329 462 peecata,
1349 420 1389 452 ut
1466 417 1668 463 sacrilegia,

109 473 284 515 haereses,
302 474 490 518 apostasia,
510 474 686 509 maleficia
701 486 897 518 eorumque
914 474 1078 510 malefici.
1098 473 1138 509 In
1155 473 1210 507 his
1226 476 1347 508 autem
1363 472 1506 508 mittant
1530 473 1726 518 presbytcri

108 528 155 563 ad
177 528 382 573 episcopum
404 529 650 570 absolvandos,
669 541 734 565 nec
749 530 936 565 absolvant
958 540 1018 565 eos
1041 528 1109 564 nisi
1132 528 1176 564 de
1197 531 1318 564 nostra
1341 527 1486 572 speciali
1510 527 1656 563 lieentia
1672 529 1728 563 vel

109 583 179 619 nisi
196 583 234 618 in
249 583 406 619 articulo
422 583 561 619 mortis.

153 640 206 673 12.
232 637 433 674 Licentiam
457 650 660 674 concessam
688 651 709 674 a
737 639 838 674 nobis
862 651 924 675 seu
947 638 1162 674 auctoritate
1188 641 1310 674 nostra
1337 638 1633 683 quibuscumque,
1659 639 1734 675 sive

108 692 288 737 religiosis
303 693 378 728 sive
393 693 486 735 aliis,
505 694 711 729 absolvendi
729 706 751 728 a
767 694 959 738 praedictis
978 693 1133 738 peccatis
1150 704 1370 728 revocamus.

136 747 141 752 “
154 749 206 782 13.
224 747 447 783 Intendimus
462 748 571 784 etiam
588 760 652 784 nos
666 749 710 784 de
723 749 915 793 praedietis
931 749 1086 793 pcccatis
1101 748 1294 783 salubriter
1305 748 1492 792 disponere
1505 751 1540 783 et
1552 747 1730 793 religiosis

108 804 145 838 et
166 801 248 837 aliis
270 803 432 846 personis
458 802 596 838 idoneis
619 816 726 848 super
748 804 817 839 hoe
841 804 1065 839 committere
1081 803 1177 838 vices
1201 806 1350 844 nostras,
1368 804 1591 838 declarantes
1612 806 1732 837 autem

109 857 204 901 quod
220 857 274 892 illi
291 858 421 902 quibus
436 858 645 894 duxerimus
661 859 970 902 committendum,
988 861 1198 904 potestatem
1216 870 1288 893 non
1304 858 1461 894 habeant
1477 858 1558 893 aliis
1574 858 1734 903 personis

108 911 205 947 idem
221 912 481 948 committendi.

223 969 277 1003 26.
296 968 386 1004 Item
410 969 608 1014 presbyteri
624 970 811 1005 attendant
827 970 933 1014 quod,
952 970 982 1004 si
998 968 1209 1014 parochiani
1226 980 1351 1004 eorum
1368 980 1440 1004 non
1455 969 1600 1005 veniant
1624 968 1734 1004 semel

108 1022 148 1058 in
163 1034 258 1058 anno
274 1023 320 1059 ad
343 1024 614 1066 confessionem,
633 1025 779 1060 nomina
795 1036 921 1060 eorum
937 1024 1065 1060 referri
1089 1025 1219 1060 debent
1234 1024 1281 1060 ad
1296 1023 1502 1068 episcopum
1518 1025 1575 1060 vel
1599 1024 1731 1060 officia-

108 1077 180 1114 lem
195 1077 235 1114 in
250 1078 394 1123 seriptis
410 1082 451 1115 ut
467 1079 677 1124 puniantur.

728 1169 910 1204 XXVIII.
929 1169 982 1203 De
993 1168 1200 1213 judicibus.

224 1247 256 1281 9.
275 1245 376 1288 Item,
395 1257 477 1281 cum
501 1245 539 1280 in
556 1245 710 1281 concilio
727 1245 960 1291 Lugdunensi
985 1247 1157 1280 statutum
1181 1245 1238 1286 sit,
1259 1256 1302 1279 ne
1324 1256 1346 1280 a
1362 1245 1443 1280 sede
1465 1243 1662 1289 apostoliea
1678 1242 1735 1280 vel

109 1299 237 1345 legatis
260 1304 338 1345 ejus
360 1313 489 1337 causae
512 1302 694 1345 aliquibus
718 1301 990 1336 committantur
1013 1301 1081 1335 nisi
1106 1300 1265 1344 personis
1281 1312 1372 1344 quae
1396 1300 1434 1335 in
1461 1300 1638 1345 dignitate
1653 1303 1738 1336 sunt

109 1356 303 1400 praeditae,
323 1369 388 1392 nee
411 1357 498 1392 alibi
515 1369 623 1401 quam
644 1358 681 1392 in
698 1357 843 1392 civitate
860 1360 895 1392 et
919 1357 956 1391 in
980 1356 1068 1391 locis
1084 1357 1224 1400 magnis
1240 1360 1275 1392 et
1298 1356 1513 1401 insignibus,
1533 1356 1593 1390 ubi
1617 1356 1734 1390 valeat

102 1411 398 1456 jurisperitorum
415 1412 518 1456 copia
541 1413 719 1455 inveniri3
739 1416 772 1448 et
795 1424 877 1446 cum
904 1412 943 1446 in
966 1415 1087 1446 nostra
1103 1411 1257 1446 dioecesi
1280 1423 1301 1446 a
1326 1411 1508 1446 nonnullis
1525 1411 1735 1446 dubitentur

109 1476 201 1509 quae
229 1466 308 1501 loca
334 1466 493 1511 insignia
515 1467 668 1502 debcant
692 1466 864 1510 reputari,
892 1478 954 1500 nos
981 1466 1089 1500 talem
1129 1465 1389 1500 dubitationem
1413 1469 1635 1500 removentes
1659 1466 1736 1509 ipsa

108 1519 189 1554 loca
215 1519 373 1565 insignia
396 1521 551 1565 propriis
574 1521 759 1556 vocabulis
782 1520 950 1555 duximus
977 1521 1186 1564 exponenda
1215 1520 1271 1554 vel
1299 1520 1542 1563 exprimenda,
1569 1520 1737 1555 videlieet

110 1575 296 1616 Leodium,
317 1575 471 1619 Hoyum,
499 1576 707 1617 Dinantum,
738 1577 973 1616 Namureum,
1004 1575 1139 1615 FosseS,
1167 1574 1415 1616 Thuduinum,
1442 1575 1595 1616 Nivella,
1623 1575 1734 1609 Lova-

110 1629 223 1671 nium,
242 1630 366 1673 Aquis,
394 1631 614 1675 Trajcctum,
645 1630 805 1675 Tungris
826 1633 861 1665 et
883 1629 1018 1665 Thenis
1042 1629 1080 1664 in
1103 1629 1238 1670 Monte,
1268 1629 1497 1672 prohibentes
1521 1641 1564 1664 ne
1592 1630 1673 1664 aliis
1697 1630 1735 1664 in

109 1684 198 1719 locis
214 1696 342 1720 causae
358 1686 574 1729 apostelicae
590 1687 648 1721 vel
670 1686 873 1730 legatorum
890 1687 966 1731 ejus
982 1688 1193 1726 tractentur,
1213 1683 1282 1719 nisi
1306 1685 1350 1719 de
1373 1685 1555 1719 communi
1579 1685 1737 1729 partium

111 1739 324 1784 processerit
340 1740 536 1777 voluntate.

460 1818 614 1853 Raikem
632 1830 677 1854 en
691 1818 831 1860 Polam,
851 1817 1041 1852 Coucumes
1059 1817 1109 1851 du
1123 1817 1225 1862 Pays
1242 1816 1288 1851 de
1301 1817 1422 1862 Lieye,
1442 1816 1520 1852 deel
1536 1816 1563 1857 I,
1579 1817 1644 1851 blz.
1664 1819 1739 1857 422,

506 1877 581 1916 424,
597 1877 660 1909 469
676 1885 721 1909 en
738 1877 812 1909 470.
831 1893 875 1898 —
886 1874 948 1908 Zie
960 1874 1031 1908 ook
1048 1873 1214 1914 Raikem,
1237 1873 1410 1907 Discours
1427 1873 1472 1907 cle
1486 1876 1628 1906 rentree
1645 1872 1689 1906 de
1707 1872 1744 1906 la

504 1940 595 1963 cour
617 1929 760 1974 d’appel
782 1929 826 1962 de
845 1929 954 1972 Lieye
970 1930 1092 1971 (1852),
1112 1928 1177 1963 blz.
1197 1930 1237 1962 51
1255 1938 1300 1962 en
1317 1929 1380 1970 523
1397 1939 1442 1962 en
1459 1927 1613 1968 Poullet,
1632 1927 1744 1961 Essai

505 1995 571 2018 sur
593 1983 770 2018 l’hz'stoz're
787 1984 837 2017 du
855 1984 952 2018 droit
974 1982 1147 2016 crimincl
1169 1983 1264 2016 dans
1288 1982 1490 2016 Z'anciemzc
1507 1983 1745 2027 principante

503 2039 548 2073 de
564 2039 686 2083 Εἰὲφῑ,
700 2039 766 2074 blz.
786 2041 838 2080 42,
856 2038 915 2073 die
931 2041 966 2074 te
981 2038 1084 2073 recht
1099 2038 1182 2072 deze
1198 2038 1326 2072 laatste
1342 2037 1511 2081 synodale
1527 2036 1742 2081 bepalingen

506 2106 551 2139 op
567 2095 610 2130 de
627 2095 826 2140 pauselijke
842 2094 1077 2139 inquisiteurs
1093 2093 1321 2138 toepasselijk
1337 2093 1434 2129 aoht.

867 2262 980 2305 155.

178 2397 317 2450 1288,
344 2397 589 2441 December
610 2397 687 2448 23,
715 2398 870 2441 Rome.
892 2398 1094 2442 Statuten
1118 2412 1201 2442 van
1224 2398 1430 2444 Nikolaas
1451 2398 1513 2441 IV
1535 2401 1665 2454 tegen
1689 2396 1742 2440 de

116 2464 301 2511 ketters.
331 2492 381 2498 —
416 2467 659 2523 Herhaling
696 2467 772 2510 der
809 2468 1047 2526 pauselijke
1090 2471 1284 2512 statuten
1323 2481 1409 2511 van
1452 2467 1580 2519 1229,
1612 2467 1742 2520 1231,

120 2534 248 2588 1235,
279 2534 408 2589 1236,
438 2537 550 2580 1254
574 2550 627 2579 en
650 2536 778 2580 1260.

160 2659 318 2695 Noverit
343 2663 568 2696 universitas
595 2668 715 2696 vestra
742 2688 750 2697 .
781 2688 788 2696 .
815 2688 823 2697 .
853 2689 860 2696 .
902 2663 1039 2697 Datum
1074 2664 1225 2707 Romae,
1252 2663 1353 2708 apud
1377 2663 1415 2697 S.
1440 2661 1607 2696 Blariam
1630 2662 1744 2705 majo-

115 2723 207 2756 rem,
225 2713 264 2748 X
277 2713 355 2748 kal.
381 2713 573 2757 Ianuarii,
592 2726 690 2749 anno
701 2717 841 2760 prime.

466 2791 641 2826 Odoricus
664 2791 886 2836 Raynaldus,
904 2792 1069 2827 Annales
1092 2793 1338 2834 ecclesiastici,
1365 2793 1443 2828 deel
1468 2793 1566 2834 XIV,
1585 2793 1651 2827 blz.
1671 2795 1747 2833 402,

509 2847 554 2882 ad
570 2859 705 2882 annum
724 2850 819 2889 1288,
847 2855 885 2883 nr
909 2850 962 2883 28.
989 2849 1180 2891 (Potthast,
1199 2849 1278 2884 deel
1294 2848 1339 2889 II,
1360 2849 1426 2883 blz.
1448 2851 1542 2889 1844,
1562 2855 1600 2883 nr
1616 2849 1750 2890 22845.)

507 2921 551 2927 -
566 2902 627 2938 Zie
643 2903 780 2947 hooger
795 2915 880 2939 onze
897 2910 949 2938 nrs
965 2906 1019 2945 76,
1038 2906 1091 2945 79,
1112 2906 1186 2945 102,
1207 2906 1279 2945 105,
1302 2906 1363 2939 129
1378 2915 1423 2938 en
1441 2906 1514 2939 136.
