2097 3466
377 246 437 277 4913
989 239 1120 273 ANNO
1148 239 1259 275 1505,
1288 238 1384 271 1507

420 337 461 370 P.
482 335 578 378 Mag.
599 333 767 367 Nicolaus
784 333 919 373 Venne,
932 332 1038 375 hujus
1054 332 1109 366 sui
1129 329 1354 376 [Brugensis]
1373 332 1570 364 conventus
1591 327 1721 363 iterato
1738 328 1849 372 prior,
1867 327 1989 363 haere-

376 391 468 426 ticae
486 389 672 433 pravitatis
687 388 880 430 inquisitor
897 392 930 421 et
946 387 1221 421 facundissimus
1237 385 1475 429 praedicator,
1495 383 1585 418 obiit
1600 394 1694 418 anno
1713 384 1813 418 1505.

722 465 762 499 B.
783 464 833 498 De
849 463 1004 507 Jonghe,
1022 462 1195 505 Belqium
1217 462 1513 501 Dominicanum,
1531 459 1597 494 blz.
1618 461 1696 494 179.

418 578 457 611 F.
472 574 640 609 Nicolaus
652 572 786 614 Venne,
800 572 956 606 Flander
967 572 1094 605 domus
1106 568 1304 613 Brugensis
1316 569 1496 609 alumnus,
1514 578 1638 602 sacrae
1648 565 1853 610 theologiae
1867 565 1995 612 magis-

376 639 442 671 ter,
463 630 612 664 illustris
627 639 690 662 sua
714 631 829 662 aetate
848 626 946 661 verbi
975 626 1038 660 Dei
1056 636 1197 668 praeco,
1216 627 1319 666 cujus
1335 623 1377 657 de
1393 633 1455 657 ore
1471 621 1595 666 populi
1622 621 1835 665 pendebant,
1855 621 1944 655 adeo
1961 624 1996 656 et

375 686 560 721 doctrinae
571 682 760 717 sanctitate
777 686 811 716 et
827 681 968 716 dicendi
983 681 1102 724 gratia
1115 680 1290 721 clarebat3
1306 678 1462 722 priorem
1475 679 1570 721 apud
1584 689 1665 712 suos
1677 677 1813 712 diutius
1826 679 1861 712 et
1877 676 1996 711 adver-

375 754 433 776 sus
449 739 661 774 haeriticam
679 737 893 781 pravitatem
917 735 1167 777 inquisitorem
1191 733 1229 768 in
1253 734 1416 776 partibus
1441 732 1633 767 Flandriae
1657 731 1780 766 multis
1799 731 1904 766 annis
1920 730 1996 775 egit

374 796 670 841 grandaevusque
683 791 827 827 tandem
843 790 974 834 Brugis
989 789 1080 824 obiit
1095 800 1190 824 anno
1207 787 1324 830 MDV,
1340 788 1378 823 in
1392 787 1607 823 coemeterio
1620 786 1803 822 communi
1818 785 1997 822 sodalium

377 851 550 895 sepultus.
930 884 936 892 ,

721 898 847 939 Quetif
859 909 903 932 en
920 896 1074 937 Echard‚
1095 897 1173 932 deel
1191 898 1236 939 11,
1255 897 1322 931 blz.
1344 898 1397 932 11.

1122 1046 1249 1089 404.

440 1178 667 1222 Tusschen
710 1176 829 1219 1505
866 1188 922 1219 en
967 1174 1103 1222 1526,
1141 1174 1341 1228 Bruyye.
1385 1169 1776 1225 Aanteekeningen
1808 1182 1912 1211 over
1950 1167 2002 1211 de

377 1249 690 1306 predikheeren
714 1245 964 1290 Sebastiaan
987 1244 1037 1286 de
1061 1242 1219 1294 Witte,
1239 1241 1322 1283 Jan
1341 1239 1542 1282 Hellinck
1565 1252 1619 1282 en
1636 1237 1822 1281 Andries
1839 1236 1999 1289 Caulis,

378 1320 444 1362 die
467 1318 615 1361 aldaar
636 1317 711 1359 het
733 1314 850 1359 ambt
873 1327 957 1356 van
980 1311 1237 1367 inquisiteur
1260 1307 1428 1352 hebben
1447 1307 1642 1352 bekleed.
1833 1311 1835 1313 ’

423 1443 478 1478 Ab
494 1453 588 1476 anno
606 1441 689 1475 1485
705 1450 818 1482 usque
833 1438 879 1473 ad
890 1448 1025 1472 annum
1044 1438 1127 1471 1526
1145 1436 1345 1470 floruerunt
1357 1433 1396 1468 in
1411 1432 1480 1467 hoc
1496 1433 1673 1466 conventu
1692 1429 1899 1476 [Brugensi]
1913 1441 1922 1465 :

520 1496 561 1530 P.
580 1495 678 1538 Mag.
707 1492 936 1528 Sebastianus
963 1492 1007 1526 de
1032 1490 1161 1532 Witte,
1188 1492 1332 1524 sanctae
1359 1486 1563 1531 theologiae
1586 1486 1711 1521 doctor
1736 1488 1772 1521 et
1799 1483 2004 1521 haereticae

381 1551 567 1596 pravitatis
580 1549 784 1592 inquisitor.
1804 1581 1807 1583 Α

425 1607 466 1641 P.
484 1606 639 1640 Joannes
656 1602 835 1644 Hellinck,
855 1605 998 1637 sanctae
1021 1601 1224 1645 theologiae
1248 1601 1361 1635 lector
1385 1601 1420 1634 et
1443 1596 1647 1633 haereticae
1671 1595 1859 1641 pravitatis
1886 1594 2003 1640 inqui-

400 1665 470 1751 111211*
486 1715 647 1750 Andreas
664 1713 796 1754 Caulis,
814 1715 958 1747 sanctae
970 1711 1173 1756 theologiae
1188 1710 1301 1745 lector
1316 1711 1351 1744 et
1365 1708 1570 1744 haereticae
1585 1706 1773 1752 pravitatis
1796 1706 2002 1751 inquisitor.

729 1793 770 1826 B.
807 1791 859 1825 De
896 1789 1050 1834 Jonghe,
1090 1788 1264 1832 Bel‘qz’um
1294 1787 1597 1828 Domz‘m'camcm,
1631 1786 1698 1821 blz.
1732 1787 1808 1820 179.
1839 1803 1884 1810 -
1915 1784 2007 1819 Deze

771 1845 1032 1891 predikheeren
1047 1843 1193 1878 worden
1209 1840 1486 1885 chronologisch
1502 1851 1711 1885 opgegeven
1726 1851 1774 1875 na
1796 1839 1867 1874 den
1891 1837 2007 1883 inqui-

770 1902 883 1937 siteur
905 1902 936 1935 N
941 1900 1073 1934 ieolaas
1105 1898 1241 1939 Venne,
1259 1896 1317 1932 die
1340 1896 1379 1930 in
1404 1897 1487 1930 1505
1513 1895 1618 1931 stierf
1629 1906 1675 1931 en
1690 1895 1801 1931 wiens
1817 1895 2007 1940 opvolgers

770 1959 812 2000 zij
827 1960 862 1992 te
878 1957 1027 2000 Brugge
1041 1954 1204 1997 schijnen
1219 1954 1373 1998 geweest
1387 1954 1423 1988 te
1435 1954 1518 1995 zijn.

1127 2100 1256 2144 405.

446 2233 579 2282 1507,
607 2229 836 2274 Februarz'
859 2228 931 2279 18,
959 2226 1096 2270 Laik.
1120 2225 1358 2269 Uittreksel
1382 2224 1446 2267 uit
1469 2237 1548 2266 een
1571 2223 1685 2266 edict
1708 2237 1790 2266 van
1815 2224 2006 2268 Erardus

382 2316 466 2345 van
489 2302 565 2344 der
583 2299 723 2350 Mark‚
752 2297 1092 2354 prins-hisschop
1111 2308 1196 2337 van
1230 2293 1350 2344 Luik‚
1378 2293 1651 2336 inhoudende
1674 2292 1854 2336 straffen
1875 2297 2006 2351 tegen

382 2371 433 2413 de
457 2369 818 2426 godslasteraars.
844 2392 895 2398 —
923 2368 980 2408 De
1005 2367 1145 2407 eerste
1179 2376 1231 2404 en
1263 2361 1433 2404 tweede
1471 2361 1581 2403 maal
1613 2361 1794 2404 worden
1830 2362 1882 2420 zij
1918 2367 2006 2407 met

383 2437 519 2481 eenen
544 2437 590 2479 of
609 2440 694 2479 met
725 2440 839 2479 twee
863 2434 1033 2491 gouden
1056 2432 1238 2488 guldens
1260 2429 1428 2480 beboet,
1451 2430 1502 2472 de
1536 2429 1665 2472 derde
1692 2430 1804 2472 maa]
1827 2431 2006 2475 worden

384 2508 435 2564 zij
461 2521 542 2549 aan
566 2506 617 2548 de
650 2505 763 2547 kaak
796 2503 980 2560 gesteld.
1016 2503 1075 2544 De
1107 2500 1262 2543 boeten
1294 2499 1474 2541 worden
1509 2498 1644 2542 onder
1675 2498 1759 2541 den
1791 2501 1927 2551 vorst‚
1955 2498 2006 2540 de

385 2574 481 2618 stad
503 2575 610 2618 Luik
633 2589 686 2617 en
709 2574 792 2617 den
814 2573 1053 2628 aanklager
1074 2572 1130 2627 bij
1156 2568 1318 2612 derden
1340 2568 1558 2612 verdeeld.

430 2697 544 2731 Erard
568 2697 611 2731 de
634 2697 670 2730 la
696 2695 837 2736 Marck,
863 2706 928 2739 par
944 2695 979 2729 la
996 2705 1104 2739 grace
1127 2694 1170 2728 de
1194 2693 1285 2728 Dieu
1315 2705 1467 2737 evesque
1491 2693 1534 2728 de
1558 2692 1680 2738 Liege,
1699 2691 1769 2727 duc
1784 2692 1828 2727 de
1845 2691 2004 2734 Buillon,

387 2755 491 2786 conte
507 2752 549 2786 de
567 2752 671 2792 Looz,
690 2752 711 2785 a
726 2753 806 2785 tous
819 2750 923 2784 ceulx
939 2749 1001 2793 qui
1018 2760 1075 2783 ces
1091 2751 1270 2792 presentes
1286 2751 1413 2783 veront
1428 2751 1463 2783 et
1479 2750 1594 2789 oront,
1612 2748 1706 2783 salut
1724 2774 1732 2783 .
1751 2776 1757 2782 .
1773 2776 1779 2782 .
1794 2776 1801 2782 .

432 2809 483 2840 18.
510 2807 611 2846 Item,
637 2806 839 2849 quiconque
865 2804 1130 2848 blasphemerat
1153 2807 1186 2838 et
1206 2806 1331 2847 Jurera
1357 2804 1391 2838 le
1417 2815 1519 2848 sang,
1547 2803 1646 2844 char,
1663 2806 1779 2845 vertu,
1798 2803 1940 2848 passion
1962 2803 2006 2838 de

390 2860 494 2902 Dieu,
513 2873 558 2895 ou
576 2864 678 2895 autre
695 2871 866 2895 ennorme
878 2862 914 2894 et
926 2858 1039 2893 vilain
1062 2858 1243 2899 seriment,
1262 2869 1341 2893 sera
1357 2869 1450 2902 pour
1464 2859 1498 2893 le
1513 2857 1669 2902 premier
1683 2857 1759 2893 foid
1773 2868 1819 2893 en
1834 2857 2006 2892 l'amende

387 2915 496 2959 d'ung
524 2915 629 2950 ssorin
658 2914 757 2957 d'oir,
776 2926 868 2958 pour
890 2915 923 2949 le
950 2913 1084 2950 secund
1111 2916 1133 2947 a
1157 2913 1250 2948 deux
1266 2912 1390 2948 florins
1405 2912 1505 2955 d'oir,
1524 2915 1559 2948 et
1574 2913 1608 2949 le
1631 2912 1806 2949 troixeme
1829 2911 1971 2956 corrige
1986 2913 2008 2946 a
