2097 3466
838 218 971 254 ANNO
999 220 1101 254 1360
1731 223 1795 257 219

142 315 273 371 tegen
297 312 358 357 dit
381 311 609 371 keizerlijk
633 312 748 356 edict
769 313 964 365 handelt,
994 316 1061 358 zal
1086 329 1193 359 voor
1215 313 1362 358 iedere
1382 315 1666 374 overtreding
1688 330 1795 360 eene

142 383 241 427 boet
263 397 349 426 van
372 382 568 425 honderd
594 382 718 425 mark
741 383 877 439 gouds
901 383 1090 435 betalen,
1133 398 1340 427 waarvan
1365 385 1415 427 de
1438 386 1548 429 helft
1583 389 1658 429 ten
1692 386 1794 430 bate

142 453 219 496 der
254 452 505 508 keizerlijke
547 452 763 496 schatkist
801 467 854 496 en
895 456 946 495 de
985 455 1146 497 andere
1185 454 1295 496 helft
1334 456 1409 496 ten
1450 454 1549 499 bate
1589 470 1674 498 van
1709 456 1793 499 den

141 521 404 578 inquisiteur
426 521 492 563 zal
516 521 692 564 komen.
722 522 862 565 Alwie
887 537 944 566 na
976 523 1068 566 drie
1110 523 1324 566 maanden
1363 524 1447 566 den
1486 525 1790 580 inquisiteurs,

139 593 321 635 hunnen
345 591 583 634 vicarissen
609 591 656 633 of
675 592 855 634 hunnen
889 592 1172 636 ambtenaars
1205 594 1456 636 weerstand
1491 595 1557 637 zal
1596 594 1792 651 geboden

139 660 326 711 hebben,
353 661 416 703 zal
451 660 760 704 daarenboven
795 662 833 704 al
875 663 990 719 zijne
1027 663 1243 719 goederen
1285 666 1358 705 ten
1396 662 1495 706 bate
1527 664 1603 707 der
1625 664 1793 707 keizer-

140 731 245 789 lijke
283 730 499 774 schatkist
534 730 631 773 zien
670 731 880 774 aanslaan
921 746 974 774 cn
1007 733 1048 775 al
1089 733 1202 789 zijne
1243 733 1440 784 rechten,
1478 734 1786 785 voorrechten‚

138 799 382 858 vrijheden,
411 799 586 842 ambten
610 814 664 842 en
700 801 1045 857 waardigheden
1084 803 1319 845 verliezen.
1349 803 1434 859 (Na
1458 803 1533 846 het
1562 803 1790 860 keizerlijk

137 871 323 927 szynum
346 873 470 913 staan
495 869 688 912 dezelfde
716 871 924 926 getuigen
958 885 1211 928 opgegeven
1245 873 1309 915 als
1344 872 1389 914 in
1428 872 1503 916 het
1549 872 1661 916 edict
1705 887 1789 915 van

143 940 197 984 lO
219 940 322 984 Juni
347 939 500 997 1369.)

180 1038 222 1074 In
239 1037 385 1073 nomine
397 1040 543 1073 sanctae
559 1040 594 1073 et
610 1037 821 1074 individuae
841 1038 1033 1075 Trinitatis
1050 1040 1207 1075 feliciter
1223 1053 1340 1075 amen.

188 1094 339 1129 Carolus
373 1095 536 1137 quartus,
575 1093 701 1127 divina
734 1094 877 1129 favente
909 1095 1103 1130 clementia
1134 1096 1385 1131 Romanorum
1416 1095 1616 1141 imperator
1654 1109 1794 1142 semper

139 1152 316 1194 augustus
340 1151 376 1184 et
403 1149 574 1184 Boemiae
598 1161 673 1191 rex,
701 1150 746 1184 ad
781 1153 991 1194 perpetuam
1023 1151 1077 1185 rei
1106 1151 1332 1186 memoriam.
1371 1152 1464 1187 Prae
1493 1154 1633 1189 eunctis
1660 1154 1792 1189 mentis

138 1208 282 1240 nostrae
295 1204 595 1240 desiderabilibus
612 1207 688 1240 tota
706 1208 824 1240 mente
839 1208 1002 1249 optantes
1016 1206 1099 1241 fidei
1113 1206 1338 1242 incrementa
1359 1211 1393 1242 et
1415 1220 1494 1243 eam
1508 1220 1528 1243 a
1544 1209 1789 1254 malignorum

140 1269 176 1296 et
203 1272 398 1305 pravorum
426 1260 696 1295 haereticorum
740 1272 880 1295 necnon
913 1262 1110 1303 fautorum,
1157 1263 1425 1297 defensatorum
1456 1267 1491 1299 et
1524 1268 1792 1308 receptatorum

144 1316 306 1361 ipsorum
325 1315 457 1350 dolosis
474 1316 617 1350 insidiis
634 1319 669 1351 et
686 1317 929 1351 fraudulentis
943 1317 1110 1358 fallaciis
1131 1318 1263 1361 quibus
1287 1318 1429 1353 vineam
1460 1320 1605 1354 Domini
1633 1320 1792 1355 Sabaoth

141 1372 308 1416 nequiter
324 1374 495 1416 satagunt
511 1371 693 1413 demoliri,
713 1384 778 1415 pro
795 1372 934 1406 viribus
951 1384 1177 1413 conservare,
1198 1385 1239 1407 eo
1265 1374 1462 1408 animosius
1487 1375 1700 1419 aspiramus,
1720 1388 1791 1420 quo

144 1428 183 1462 in
197 1427 402 1462 animorum
419 1430 577 1471 stragem
595 1427 804 1471 hujusmodi
822 1428 1047 1472 pestilentiae
1065 1428 1304 1472 perniciosius
1321 1441 1430 1473 agere
1450 1431 1700 1466 dinoscuntur.

183 1483 365 1525 Quocirca
395 1482 563 1518 dominus
595 1486 716 1518 noster
745 1495 908 1518 summus
937 1484 1098 1528 pontifex
1129 1484 1297 1519 dominus
1329 1485 1499 1520 Urbanus
1525 1498 1618 1530 papa
1642 1487 1791 1530 quintus

145 1539 420 1574 honorabilibus
433 1542 468 1574 et
483 1538 664 1583 religiosis
681 1539 855 1574 fratribus
877 1539 929 1574 W
931 1540 1072 1574 althero
1090 1540 1255 1585 Kerling,
1275 1541 1413 1575 ordinis
1429 1542 1583 1576 fratrum
1603 1543 1788 1586 praedica-

141 1598 276 1636 torum,
296 1594 471 1639 magistro
488 1594 527 1629 in
544 1595 739 1638 theologia,
772 1595 959 1639 capellano
989 1598 1123 1637 nostro,
1154 1597 1400 1637 commensali,
1432 1597 1618 1638 familiari,
1648 1599 1788 1639 devoto,

136 1651 288 1691 dilecto,
308 1662 449 1685 necnon
466 1651 651 1685 Ludovieo
680 1652 723 1685 de
753 1651 880 1695 Caliga
896 1654 930 1686 et
943 1651 1025 1685 aliis
1042 1652 1182 1686 duobus
1195 1652 1369 1687 fratribus
1386 1665 1450 1697 per
1467 1653 1604 1687 dietum
1623 1654 1790 1689 Walthe-

137 1718 219 1741 rum
246 1706 478 1741 nominandis
505 1707 666 1750 ejusdem
696 1705 845 1748 ordinis,
866 1707 1025 1741 officium
1043 1707 1292 1751 Inquisitionis
1316 1708 1520 1743 haereticae
1545 1709 1734 1753 pravitatis
1752 1709 1790 1745 in

137 1762 300 1807 partibus
337 1762 549 1797 Alemaniae
592 1761 809 1797 auctoritate
854 1762 947 1796 sedis
982 1762 1201 1806 apostolicae
1232 1764 1277 1797 ad
1308 1764 1525 1799 destruenda
1558 1766 1787 1808 quorundam

137 1817 405 1853 haereticorum
438 1817 564 1861 iniqua
597 1817 786 1852 molimina
817 1818 953 1852 dudum
981 1818 1204 1853 recommisit
1222 1821 1255 1853 et
1269 1819 1475 1862 specialiter
1489 1821 1533 1854 ad
1550 1821 1786 1856 destruendas

136 1878 172 1910 et
187 1874 428 1910 eliminandas
444 1877 559 1909 sectas
577 1873 724 1908 illorum
742 1874 1024 1915 haereticorum,
1043 1875 1104 1918 qui
1122 1875 1306 1920 Beghardi
1325 1878 1359 1910 et
1391 1876 1577 1920 Beguinae
1595 1880 1786 1918 vocantur,

137 1941 230 1974 quae
257 1932 374 1964 sectae
391 1929 500 1964 nimis
523 1929 773 1973 dispendiosae
790 1933 824 1964 et
849 1929 1074 1974 periculosae
1090 1930 1129 1964 in
1155 1930 1269 1964 caulis
1286 1930 1449 1965 fidelium
1467 1932 1719 1974 dinoscuntur,
1748 1945 1790 1968 eo

138 1986 234 2029 qnod
250 1985 408 2020 exterius
425 1987 600 2029 majorem
620 1988 869 2029 paupertatem
887 1986 1072 2026 simulant,
1092 1986 1184 2020 votis
1201 1989 1331 2021 vovent
1355 1998 1415 2021 seu
1446 1988 1674 2031 profitentur,
1694 1991 1792 2033 quod

139 2040 231 2075 nihil
244 2040 379 2076 habere
395 2041 509 2076 velint
527 2053 591 2075 nee
610 2041 765 2075 debeant
783 2041 819 2075 in
838 2041 984 2085 proprio
1004 2053 1069 2075 nec
1095 2041 1133 2075 in
1151 2042 1348 2084 communi,
1369 2055 1476 2087 quam
1495 2043 1605 2078 etiam
1630 2043 1792 2078 vestibus

138 2097 274 2132 vilibus
290 2097 441 2132 mentita
458 2097 526 2132 sibi
551 2097 746 2141 iniquitate
764 2097 922 2132 exterius
939 2099 1192 2141 praetendunt,
1213 2098 1367 2133 interius
1384 2102 1505 2134 autem
1523 2103 1563 2135 ut
1579 2100 1792 2143 vulpeculae

139 2152 281 2187 vineam
309 2152 455 2187 Domini
474 2152 633 2187 Sabaoth
652 2156 823 2196 satagunt
841 2153 1020 2193 demoliri,
1042 2165 1125 2187 cum
1142 2156 1264 2188 tamen
1281 2155 1426 2189 eaedem
1441 2158 1558 2189 sectae
1575 2155 1711 2189 dudum
1730 2167 1793 2199 per

139 2207 328 2242 ecelesiam
365 2209 556 2243 damnatae
595 2208 837 2243 dinoscuntur
876 2211 911 2243 et
942 2208 1026 2243 talis
1057 2212 1251 2253 paupertas
1282 2210 1515 2245 haereticalis
1542 2210 1588 2245 sit
1610 2210 1789 2255 judicata.

142 2263 327 2304 Quocirca
343 2264 481 2298 dudum
506 2263 646 2299 litteras
673 2264 871 2299 Caesareae
898 2264 1098 2308 majestatis
1126 2264 1321 2308 praedictis
1351 2265 1527 2310 magistro
1544 2266 1739 2301 NValthero
1755 2269 1791 2301 et

142 2319 327 2354 Ludovico
341 2331 383 2353 ac
396 2319 478 2353 aliis
496 2318 774 2363 inquisitoribus
788 2331 869 2354 cum
885 2320 994 2355 certis
1011 2320 1134 2364 poenis
1151 2332 1258 2364 super
1276 2321 1578 2356 exterminatione
1594 2322 1791 2356 earundem

141 2377 321 2409 sectarum
335 2375 381 2408 ad
398 2374 585 2409 universos
602 2374 706 2409 nobis
731 2377 766 2409 et
783 2386 885 2409 sacro
904 2374 1070 2409 Romano
1088 2375 1241 2419 imperio
1259 2376 1421 2411 subditos
1438 2377 1604 2418 directas.
1625 2378 1790 2420 majesta-

147 2430 220 2463 tem
256 2429 468 2464 Caesaream
501 2429 640 2464 dedisse
672 2429 867 2464 recolimus
897 2432 933 2464 et
963 2430 1145 2464 efficacius
1176 2430 1352 2472 emisisse,
1383 2430 1435 2464 sie
1467 2432 1562 2474 quod
1593 2430 1794 2474 opitulante

142 2483 297 2519 Domino
316 2485 390 2519 Deo
404 2496 445 2519 ac
459 2484 605 2519 domino
620 2487 742 2520 nostro
755 2497 896 2520 summo
912 2485 1082 2529 pontifice
1095 2487 1302 2528 mandante,
1316 2498 1451 2530 nosque
1465 2487 1589 2531 poenis
1613 2490 1791 2531 tempora-

142 2538 239 2573 libus
263 2538 603 2575 exterminationem
633 2539 813 2575 dietarum
844 2546 1025 2575 sectarum
1043 2541 1256 2576 mandantes
1273 2544 1308 2576 et
1324 2541 1494 2576 seriosius
1512 2541 1788 2585 praecipientes

143 2595 304 2640 dictique
332 2595 559 2639 inquisitoris
587 2595 753 2641 magistri
779 2596 964 2631 waltheri
992 2596 1195 2631 ministerio
1212 2598 1393 2632 mediante
1417 2599 1460 2632 de
1486 2597 1593 2632 certis
1611 2598 1786 2641 partibus,

142 2654 183 2687 ut
210 2652 303 2687 laete
331 2651 548 2693 audivimus,
574 2651 744 2687 videlicet
768 2652 812 2687 de
840 2651 1038 2696 provinciis
1065 2653 1373 2698 lN'Iagdeburgensi
1401 2656 1435 2688 et
1464 2654 1663 2694 Bremensi‚
1684 2653 1793 2689 terris

144 2706 383 2752 Thuringiae,
404 2707 583 2743 Saxoniae
611 2711 646 2743 et
666 2707 862 2742 Hassoniae
876 2710 911 2742 et
924 2707 1006 2742 aliis
1019 2708 1127 2743 certis
1141 2709 1304 2752 partibus
1317 2709 1555 2744 Alemanniae
1585 2709 1792 2753 praedictae

140 2765 258 2798 sectae
274 2762 488 2799 maledictae
516 2764 794 2808 Beghardorum
818 2766 853 2798 et
878 2763 1129 2808 Beguinarum
1158 2764 1301 2808 penitus
1329 2768 1412 2799 sunt
1440 2765 1658 2806 destructae,
1690 2765 1786 2808 quod

143 2817 278 2862 ubique
295 2821 476 2853 terrarum
494 2819 573 2854 fieri
591 2820 812 2860 affectamus,
834 2830 1026 2863 superque
1039 2821 1210 2855 mandata
1223 2819 1422 2864 imperialis
1437 2823 1580 2855 nostrae
1593 2819 1793 2864 majestatis

143 2872 338 2917 dirigimus
355 2873 480 2917 poenis
497 2874 616 2918 plena.

189 2929 233 2964 Et
251 2940 295 2964 ne
310 2929 438 2964 domus
453 2932 489 2965 et
513 2928 778 2972 conventicula,
805 2942 894 2976 quas
922 2935 958 2966 et
986 2943 1077 2976 quae
1106 2931 1193 2967 dicti
1223 2930 1407 2977 Beghardi
1437 2933 1472 2966 et
1501 2930 1688 2975 Beguinae
1714 2934 1787 2969 tam
