2097 3466
340 249 402 283 160
1023 246 1155 281 ANNO
1181 247 1280 281 1310

383 343 512 376 Actum
545 340 706 375 Parisius
736 340 774 375 in
814 340 957 381 Gravia,
990 343 1151 384 presente
1189 339 1349 384 predicto
1387 342 1489 384 patre
1526 339 1722 376 reverendo
1760 338 1959 376 Parisiensi

340 396 517 439 episcopo,
532 396 628 430 clero
644 398 677 430 et
691 396 822 439 populo
839 395 932 430 dicte
945 394 1101 430 civitatis
1117 394 1248 430 ibidem
1265 395 1510 438 sollempniter
1525 397 1755 440 congregato,
1771 394 1960 430 Dominica

339 451 433 484 infra
450 450 701 485 Aseensionem
719 450 874 492 Domini,
893 462 988 485 anno
1007 449 1151 484 Domini
1165 449 1292 485 MCCC
1310 449 1461 485 decimo.

684 535 931 579 RiJ'ksarchief
944 539 977 570 te
991 536 1119 578 Parus,
1137 535 1170 570 J.
1190 538 1263 577 428,
1284 542 1322 569 11Γ
1336 537 1387 570 15.
1406 536 1611 580 Asgedrukt
1623 536 1661 571 in
1676 536 1738 571 het
1761 535 1960 581 Appendix

727 591 775 635 bij
792 592 875 634 Lea,
891 591 1043 635 History
1059 590 1167 635 oftlze
1182 591 1418 635 Inquisition‚
1437 590 1514 626 deel
1526 591 1572 634 H,
1591 592 1657 627 blz.
1675 593 1828 627 575-577.

1093 779 1209 823 166.

401 925 537 975 1310,
565 925 812 968 omstreeks
834 924 1123 978 Pz'nksteren‚
1150 925 1321 981 Parg'js.
1349 924 1591 969 Uittreksel
1624 925 1688 970 1111
1724 925 1777 970 (16
1809 925 1961 984 gelijk-

339 994 490 1051 tijdige
512 993 686 1050 kronijk
708 1008 793 1037 van
818 993 898 1037 den
922 994 1154 1049 vervolger
1175 1007 1260 1036 van
1292 993 1536 1038 Guillaume
1573 995 1624 1038 de
1655 995 1821 1051 Nangis
1854 1008 1960 1039 over

338 1063 414 1106 het
445 1062 718 1105 verbranden
752 1076 882 1105 eener
904 1063 1262 1119 Henegouwsche
1284 1076 1453 1115 vrouw,
1481 1063 1764 1119 Margaretha
1785 1065 1958 1108 Porete.

338 1159 390 1165 --
412 1132 471 1188 Zij
497 1131 581 1174 had
615 1145 693 1174 een
715 1131 941 1176 kettersch
976 1131 1099 1174 werk
1137 1131 1407 1188 geschreven
1445 1146 1498 1175 en
1521 1132 1739 1189 weigerde
1772 1132 1824 1176 de
1845 1133 1963 1176 dwa-

339 1199 502 1256 lingen‚
539 1200 605 1242 die
628 1214 676 1243 er
707 1200 750 1242 in
773 1200 1044 1257 verkondigd
1075 1214 1241 1252 waren,
1267 1203 1312 1244 te
1334 1201 1591 1256 herroepen.
1629 1201 1721 1245 Ook
1748 1201 1877 1245 wilde
1907 1201 1960 1260 zij

337 1269 432 1311 zich
454 1283 536 1312 aan
571 1269 653 1312 den
686 1268 785 1319 ban,
824 1273 955 1325 tegen
988 1270 1098 1312 haar
1120 1270 1224 1313 door
1246 1269 1328 1313 den
1351 1270 1611 1325 inquisiteur
1631 1271 1959 1327 uitgesproken‚

338 1338 428 1381 niet
466 1338 781 1394 onderwerpen
815 1339 927 1381 noch
959 1337 1065 1381 veor
1107 1338 1188 1381 den
1227 1338 1428 1395 bisschop
1461 1339 1754 1396 verschijnen.
1782 1341 1964 1383 Daarom

337 1407 458 1450 werd
491 1407 544 1464 zij
578 1410 620 1450 te
653 1408 794 1465 ParijS
816 1421 868 1464 op
892 1407 943 1450 de
957 1409 1093 1464 place
1115 1409 1168 1451 cle
1194 1408 1336 1452 Greve
1358 1409 1400 1450 in
1423 1408 1854 1465 tegenwoordigheid
1876 1422 1963 1452 van

340 1476 392 1519 de
424 1476 753 1533 geestelijkheid
786 1491 838 1519 en
871 1490 957 1520 van
980 1477 1031 1520 de
1064 1477 1255 1533 gansche
1276 1476 1510 1533 bevolking
1533 1477 1886 1534 tentoongesteld
1908 1490 1963 1520 en

341 1545 504 1588 daarna
521 1559 601 1587 aan
621 1545 672 1587 de
689 1545 963 1602 wereldlijke
981 1546 1183 1588 overheid
1203 1546 1486 1602 uitgeleverd,
1503 1546 1569 1589 die
1586 1546 1694 1589 haar
1710 1547 1742 1589 ’s
1752 1546 1964 1589 anderen-

339 1614 471 1669 daags
489 1628 540 1670 op
565 1614 755 1657 dezelfde
778 1615 918 1670 plaats
940 1615 1014 1657 liet
1037 1615 1328 1658 verbranden.
1356 1615 1417 1671 ssij
1443 1616 1580 1658 haren
1599 1615 1706 1658 dood
1730 1615 1888 1658 toonde
1910 1614 1962 1673 zij

339 1684 511 1725 zooveel
534 1682 726 1735 berouw,
754 1683 827 1726 dat
850 1683 901 1726 de
924 1684 1247 1728 toeschouwers
1271 1698 1318 1726 er
1348 1686 1507 1727 tranen
1540 1698 1643 1727 over
1665 1687 1869 1728 stortten.

386 1816 490 1851 Circa
521 1817 649 1852 festum
678 1816 905 1852 Pentecostes
933 1817 1065 1851 accidit
1098 1815 1260 1856 Parisiis,
1294 1816 1389 1859 quod
1419 1815 1594 1859 quaedam
1624 1815 1891 1860 pseudomulier
1920 1815 1963 1851 de

342 1871 545 1911 Hannonia,
566 1872 710 1907 nomine
725 1873 959 1917 Margaretha
983 1872 1080 1906 dieta
1097 1872 1273 1912 Porrette,
1293 1872 1482 1915 quemdam
1499 1871 1631 1906 librum
1649 1871 1820 1913 ediderat,
1838 1871 1877 1905 in
1893 1882 1963 1915 quo

340 1927 502 1962 omnium
515 1927 765 1972 theologorum
782 1928 930 1968 iudicio,
949 1928 1010 1971 qui
1025 1927 1140 1970 ipsum
1155 1927 1349 1971 diligenter
1361 1926 1671 1967 examinanerunt,
1686 1926 1791 1961 multi
1804 1925 1962 1961 contine-

341 1983 473 2017 bantur
497 1994 636 2016 errores
659 1986 694 2017 et
716 1983 892 2024 haereses,
918 1985 953 2017 et
973 1983 1068 2016 inter
1095 1984 1241 2022 ceteras,
1275 1982 1371 2024 quod
1397 1981 1519 2015 anima
1545 1981 1747 2016 annihilata
1776 1980 1815 2015 in
1841 1991 1964 2015 amore

341 2037 537 2071 conditoris
561 2036 636 2071 sine
663 2037 939 2080 reprehensione
967 2036 1207 2070 conscientiae
1230 2036 1287 2070 vel
1310 2047 1471 2070 remorsu
1498 2037 1613 2079 potest
1635 2037 1670 2070 et
1693 2035 1797 2070 debet,
1813 2036 1964 2070 naturae

340 2091 515 2134 quidquid
539 2091 674 2134 appetit
690 2094 724 2126 et
740 2091 919 2126 desiderat
935 2091 1141 2131 concedere,
1161 2091 1255 2134 quod
1272 2091 1458 2125 manifeste
1481 2093 1584 2125 sonat
1606 2089 1645 2124 in
1660 2089 1849 2124 haeresim.
1868 2090 1963 2124 Dum

338 2145 500 2179 libellum
519 2145 616 2179 hunc
640 2147 703 2180 aut
718 2145 755 2179 in
774 2157 815 2180 eo
832 2148 1017 2180 contentos
1033 2157 1173 2180 errores
1197 2145 1366 2179 abiurare
1389 2145 1512 2186 nollet,
1530 2144 1730 2188 quinimmo
1746 2145 1856 2179 latam
1873 2143 1911 2178 in
1927 2154 1964 2178 se

340 2199 723 2234 excommunicationis
746 2200 958 2234 sententiam
976 2201 1020 2234 ab
1048 2198 1262 2243 inquisitore
1285 2198 1488 2234 haereticae
1502 2199 1691 2243 pravitatis
1708 2199 1962 2239 contemneret,

340 2253 425 2296 quia
453 2265 574 2287 coram
599 2253 766 2297 episcopo
793 2254 1013 2289 sufficienter
1039 2253 1177 2288 monita
1205 2264 1413 2296 comparere
1439 2254 1584 2288 nolebat
1613 2256 1648 2288 et
1665 2264 1730 2297 per
1755 2264 1891 2288 annum
1906 2252 1964 2287 vel

340 2308 495 2351 amplius
513 2307 687 2351 pertinaci
704 2308 931 2343 sustinuisset
954 2308 1075 2342 animo
1092 2307 1130 2342 in
1146 2319 1211 2342 sua
1227 2307 1368 2342 malitia
1384 2308 1542 2342 finaliter
1565 2307 1746 2348 indurata,
1764 2307 1909 2342 tandem
1924 2306 1964 2340 in

342 2362 525 2397 communi
552 2363 670 2406 platea
695 2363 848 2398 Grai-iae
866 2374 987 2398 coram
1013 2363 1109 2397 clero
1132 2365 1168 2397 et
1190 2363 1322 2406 populo
1346 2363 1391 2396 ad
1414 2362 1483 2397 hoc
1509 2362 1714 2406 specialiter
1736 2361 1894 2397 euocatis
1920 2362 1965 2396 de

341 2418 539 2461 peritorum
571 2418 721 2453 consilio
749 2419 910 2462 exposita
941 2421 993 2452 est
1019 2421 1055 2452 et
1072 2417 1206 2453 tradita
1231 2417 1354 2452 curiae
1386 2418 1583 2461 saeculari3
1615 2428 1723 2461 quam
1750 2416 1966 2452 Parisiensis

340 2473 564 2516 praepositus
581 2473 618 2507 in
643 2485 707 2507 sua
731 2476 906 2517 potestate
933 2473 1053 2509 statim
1080 2472 1260 2516 accipiens
1286 2472 1421 2507 ibidem
1448 2473 1486 2507 in
1510 2473 1666 2507 crastino
1690 2472 1856 2507 incendio
1880 2471 1966 2507 fecit

340 2529 532 2573 exstingui.
552 2530 669 2564 Multa
684 2531 804 2563 tamen
828 2528 865 2563 in
883 2540 946 2563 suo
963 2528 1060 2563 exitu
1078 2527 1318 2571 poenitentiae
1335 2527 1439 2571 signa
1455 2527 1611 2562 ostendit
1627 2527 1763 2562 nobilia
1778 2527 1915 2571 pariter
1929 2529 1966 2562 61

341 2584 482 2624 deuota,
498 2595 561 2627 per
577 2596 668 2628 quae
683 2584 882 2618 multorum
897 2583 1035 2618 viscera
1052 2583 1098 2617 ad
1113 2582 1404 2625 compatiendum
1430 2582 1463 2617 ei
1479 2582 1537 2626 pie
1560 2594 1603 2617 ac
1623 2581 1732 2617 etiam
1754 2581 1966 2627 lacrymabi-

342 2637 425 2673 liter
440 2638 547 2673 fuisse
560 2642 738 2673 commota
754 2637 874 2672 testati
892 2640 975 2672 sunt
991 2636 1100 2677 oculi,
1119 2636 1181 2680 qui
1193 2636 1373 2671 viderunt.

685 2732 885 2776 Vervolger
909 2742 979 2766 van
1008 2731 1070 2765 het
1101 2729 1305 2765 Chronicon
1332 2742 1402 2765 van
1430 2730 1634 2766 Guillaume
1664 2730 1708 2765 de
1735 2729 1884 2774 Nangis,
1913 2730 1962 2772 bij

729 2786 917 2829 d'Achery,
943 2785 1185 2829 Spicz'leyz'um
1210 2787 1434 2828 scriptorum
1461 2790 1634 2827 veterum,
1653 2785 1732 2820 (1661
1746 2784 1811 2828 ΙΙΙ,
1837 2785 1903 2820 blz.
1921 2787 1964 2820 63

727 2840 795 2884 (ed.
815 2841 931 2882 nova).
951 2859 995 2865 --
1017 2839 1253 2883 Aangehaald
1269 2840 1316 2882 bij
1334 2840 1523 2882 Mosheim,
1541 2840 1607 2875 blz.
1626 2842 1701 2875 237.
