2097 3466
816 233 948 267 ANNO
978 235 1081 268 183ss
1691 234 1753 265 185

113 331 201 367 riter
228 330 453 372 nuncupatos
485 339 567 361 cum
595 328 668 361 suis
697 327 993 370 receptatoribus,
1023 324 1270 361 defensoribus
1302 329 1337 359 et
1369 324 1571 359 fautoribus
1601 329 1749 369 propter

97 390 258 426 sectam,
277 396 385 430 quam
413 390 626 427 sequuntur,
652 387 688 418 et
715 395 856 419 errores
881 383 999 418 varios
1025 381 1107 416 fidei
1133 380 1333 415 catholicae
1358 380 1559 415 contrarios
1583 381 1750 426 exigente

113 441 251 476 iustitia
277 438 621 475 excommunicasset
653 441 689 473 et,
719 438 1050 473 cxcomrmmicatos
1084 447 1148 480 pcr
1175 446 1298 470 omnes
1328 434 1497 469 ecclesias
1528 435 1685 470 civitatis
1717 439 1751 470 et

112 495 285 531 dioecesis
302 505 444 530 nostrae
468 494 671 528 mandasset
698 493 840 536 publice
864 492 1038 531 nuntiari,
1057 490 1208 526 diversis
1226 489 1461 524 nihilominus
1487 489 1610 533 poenis
1627 493 1749 524 contra

111 563 171 586 eos
193 550 231 586 in
248 551 321 585 suis
338 553 562 595 processibus
580 552 831 597 promulgatis,
851 565 940 596 quos
965 555 1000 586 ct
1025 562 1087 585 nos
1114 550 1150 584 in
1176 548 1340 592 pluribus
1367 548 1496 583 uostris
1520 548 1754 592 synodalibus

112 606 277 642 conciliis
300 606 470 642 innouari
498 609 647 643 fecimus
666 608 809 652 publice
833 612 868 642 et
891 607 1089 642 solenniter
1106 605 1298 649 publicari,
1318 608 1425 647 prout
1448 604 1537 638 haec
1562 608 1597 639 et
1620 604 1692 638 alia
1717 605 1753 639 in

112 661 224 706 ipsius
248 662 361 697 nostri
386 663 670 707 praedecessoris
694 667 801 707 atque
828 663 958 698 nostris
984 662 1124 706 plenius
1149 660 1405 700 continentum
1434 672 1497 693 nos
1521 660 1665 694 demum
1685 661 1752 694 fide

110 717 305 762 dignorum
323 718 581 753 assertionibus
610 718 774 753 inclinati
803 718 1040 752 asserentium
1066 716 1270 760 complures
1297 727 1340 749 ex
1369 714 1436 754 his,
1455 714 1636 748 dictorum
1662 715 1751 759 Beg-

111 773 309 817 gardorum
339 776 373 807 et
403 773 655 809 Suestrionum
685 773 825 808 abiecto
851 773 977 807 habitu
1003 776 1039 807 et
1067 771 1197 816 spretis
1225 770 1422 810 erroribus,
1449 769 1756 804 reconciliationis

110 827 266 873 gratiam
283 831 319 863 et,
335 829 572 864 absolutionis
590 829 804 863 beneficium
830 830 1011 868 affectare,
1033 831 1176 871 paratos
1199 825 1308 860 etiam
1327 824 1462 860 erroris
1478 829 1610 859 sectam
1629 824 1751 858 liuius-

110 884 208 919 modi
233 887 268 919 et
295 883 459 919 habitum
485 885 668 923 abiurare,
695 888 793 919 certo
820 887 940 918 nostro
965 881 1213 917 commissario
1237 892 1345 924 super
1368 880 1424 914 his
1441 879 1649 923 inquirendi
1678 891 1752 914 eos-

110 951 180 984 que
195 939 251 974 vel
268 950 327 973 eas
343 939 389 973 ab
407 939 492 983 ipsis
510 939 734 983 processibus
752 938 962 973 absolvendi
979 937 1143 972 dedimus
1161 938 1383 979 potestatem.

154 995 289 1030 Verum
307 994 393 1038 quia
416 996 459 1030 de
485 1007 579 1030 nouo
605 996 798 1029 nonnullos
823 993 1030 1029 huiusmodi
1054 992 1199 1027 habitus
1224 991 1401 1026 delatores
1419 993 1453 1025 et
1476 992 1593 1025 sectae
1618 990 1750 1033 profes-

108 1062 217 1091 soreS,
237 1062 308 1085 non
331 1050 509 1085 abiuratis
533 1054 630 1085 secta
654 1054 687 1085 et
712 1050 838 1085 habitu
864 1048 1084 1088 huiusmodi,
1109 1048 1219 1081 immo
1244 1046 1321 1090 ipso
1344 1045 1471 1080 habitu
1498 1057 1569 1079 non
1594 1045 1749 1083 abieoto,

108 1118 130 1142 a
145 1106 252 1142 di'ctis
273 1105 498 1150 processibus
522 1108 558 1140 et
581 1106 705 1150 poenis
730 1106 768 1140 in
793 1105 880 1149 ipsis
904 1103 1082 1139 contentis
1106 1114 1170 1147 per
1193 1102 1330 1136 dictum
1356 1103 1518 1135 nostrum
1543 1100 1747 1135 commissa-

108 1161 204 1198 rium
227 1161 336 1205 (quod
360 1164 480 1196 tamen
506 1173 571 1195 nec
594 1172 780 1205 speramus
805 1172 870 1195 nec
895 1159 1088 1200 credimus)
1111 1170 1148 1193 se
1173 1157 1317 1202 publice
1341 1156 1568 1200 percepimus
1591 1167 1751 1190 asserere

109 1218 313 1258 absolutos;
344 1228 418 1257 nos,
449 1216 510 1260 qui
539 1215 734 1260 praecipue
761 1215 799 1250 in
827 1215 920 1250 votis
948 1214 1121 1258 gerimus,
1148 1217 1188 1247 ut
1216 1212 1408 1257 negocium
1438 1210 1639 1245 catholicae
1667 1209 1750 1245 fidei

109 1271 240 1308 nostris
263 1274 495 1316 prosperetur
517 1271 740 1315 temporibus
764 1274 799 1306 et
829 1281 970 1304 errores
998 1268 1208 1303 huiusmodi
1236 1279 1257 1301 a
1290 1266 1422 1300 finibus
1452 1266 1613 1300 fidelium
1641 1265 1750 1300 extir-

109 1330 251 1372 pentur,
278 1327 526 1371 praesentibus
553 1327 780 1361 declaramus
808 1328 951 1359 nostrae
980 1322 1193 1358 intentionis
1222 1334 1287 1357 nec
1311 1321 1420 1356 fuisse
1449 1333 1515 1356 nec
1541 1332 1628 1361 esse,
1655 1321 1751 1364 quod

107 1382 184 1426 ipse
207 1385 328 1417 noster
351 1381 620 1417 commissarius
648 1381 742 1425 ipsos
770 1380 981 1424 Beggardos
1005 1382 1067 1413 aut
1094 1377 1320 1412 Suestrioncs
1344 1388 1365 1410 a
1392 1376 1498 1411 dictis
1526 1376 1751 1420 processibus

107 1439 144 1473 et,
159 1437 284 1482 poenis
299 1437 472 1473 eximeret
495 1437 552 1472 vel
576 1437 781 1471 absolueret.
804 1439 867 1470 aut
891 1447 950 1469 eos
974 1433 1061 1478 ipsis
1078 1434 1288 1468 decerneret
1312 1444 1383 1467 non
1407 1431 1533 1472 teneri,
1555 1431 1623 1465 nisi
1649 1431 1750 1474 prius

107 1493 188 1538 ipsi,
206 1493 367 1538 ipsorum
383 1493 580 1534 erroribus,
600 1496 697 1527 secta
713 1492 822 1527 etiam
841 1494 877 1526 et
898 1491 1026 1526 habitu
1043 1489 1251 1524 huiusmodi
1275 1488 1463 1529 abiuratis,
1482 1489 1548 1522 sub
1565 1487 1749 1522 communi

106 1550 183 1586 vita
212 1553 248 1585 et
278 1549 406 1585 habitu
439 1549 573 1585 Christi
605 1548 767 1583 fidelium
799 1547 967 1583 viuerent
998 1546 1233 1581 laudabiliter
1263 1548 1298 1580 et
1328 1546 1469 1580 deuote.
1513 1544 1749 1579 Decernimus

107 1604 217 1641 etiam
235 1607 271 1640 et
285 1605 512 1640 declaramus
525 1603 769 1638 absolutiones
786 1602 871 1646 ipsis
886 1601 1088 1646 Beggardis
1105 1604 1139 1636 et
1157 1599 1427 1635 Suestrionibus
1440 1601 1542 1634 datas
1554 1602 1590 1634 et
1605 1599 1750 1634 decreta

107 1671 216 1704 super
238 1659 326 1704 ipsis
350 1660 446 1695 faeta
469 1659 576 1694 aliter
598 1670 619 1693 a
641 1657 771 1702 quouis
793 1660 915 1692 nost-ro
932 1655 1191 1696 commissario,
1211 1656 1306 1699 quod
1328 1658 1449 1690 tamen
1467 1665 1538 1689 non
1555 1654 1746 1695 credimus,

108 1727 180 1751 non
204 1719 338 1751 tenere.

153 1770 333 1812 Quocirca
356 1769 458 1804 vobis
481 1772 517 1804 et
541 1768 691 1803 cuilibet
717 1771 875 1803 vestrum
900 1768 966 1802 sub
991 1766 1116 1810 poenis
1139 1766 1178 1800 in
1201 1765 1308 1801 dictis
1331 1764 1557 1810 processibus
1573 1765 1750 1809 expressis

106 1829 142 1861 et
166 1825 315 1870 prolatis
331 1824 574 1869 praecipimus
592 1827 626 1859 et
643 1824 868 1864 mandamus,
887 1825 1064 1866 quatenus
1081 1821 1199 1856 dictae
1215 1824 1332 1856 sectae
1350 1821 1567 1864 professores
1591 1823 1626 1855 et
1647 1820 1748 1855 habi-

107 1884 164 1916 tus
190 1880 398 1915 huiusmodi
424 1880 601 1914 delatores
626 1879 836 1923 Beggardos
865 1880 900 1912 ct
929 1876 1156 1912 Suestriones
1183 1887 1257 1910 una
1281 1887 1365 1910 cum
1388 1875 1462 1909 suis
1487 1875 1747 1914 defensoribus,

106 1936 390 1980 receptatoribus
413 1938 448 1971 et
472 1935 675 1970 fautoribus
698 1933 1031 1969 excommunicatos
1060 1935 1095 1967 et.
1122 1944 1144 1967 a
1172 1931 1313 1966 cunctis
1331 1931 1465 1966 Christi
1490 1931 1657 1965 fidelibus
1673 1931 1747 1966 eui-

105 1992 233 2027 tandos
263 1991 408 2036 publice
439 1990 624 2031 nuntietis,
656 1992 782 2024 contra
814 2000 874 2024 eos
905 1984 1010 2023 sicut'
1030 1988 1130 2032 prius
1162 1987 1395 2031 procedentes
1426 1987 1625 2021 secundum
1660 1986 1748 2021 dieti

106 2046 218 2082 nostri
251 2045 535 2091 praedecessoris
566 2048 602 2080 et.
632 2048 839 2079 nostrorum
871 2043 1132 2079 continentiam
1165 2043 1438 2082 mandatorum,
1473 2041 1549 2085 ipsa
1580 2041 1618 2076 in
1649 2042 1747 2076 omni

105 2113 170 2137 sua
193 2102 310 2137 forma
334 2101 539 2137 executioni
565 2101 662 2135 fideli
687 2101 806 2135 debite
830 2099 1094 2134 demandando.

149 2158 283 2194 Datum
303 2157 381 2202 ipso
397 2157 455 2192 die
473 2158 514 2191 B.
535 2156 697 2201 Remigii
714 2155 941 2196 confessoris,
960 2166 1056 2189 anno
1074 2153 1220 2189 Domini
1237 2153 1527 2189 MCCCXXXV.

454 2233 680 2267 Statutorum
700 2230 987 2271 Coloniensium,
1007 2241 1096 2271 enz.,
1124 2230 1190 2264 blz.
1211 2232 1273 2264 119
1297 2229 1365 2272 (ed.
1384 2229 1589 2271 recentior),
1616 2241 1747 2274 aange-

498 2287 608 2322 haald
625 2287 672 2329 bij
690 2285 882 2326 Mosheim‚
902 2285 968 2319 blz.
987 2287 1146 2319 296-298.

871 2429 986 2472 189.

173 2568 288 2612 Vdo'r
320 2579 375 2610 en
406 2579 471 2609 na,
506 2565 644 2615 1336,
674 2566 878 2609 Brassel.
907 2565 1149 2609 Uittreksel
1175 2565 1239 2609 uit
1267 2566 1342 2608 het
1366 2565 1642 2609 handschrift
1664 2581 1748 2610 van

105 2636 318 2680 Henricus
350 2636 403 2679 de
436 2635 637 2678 Pomerio
671 2635 738 2691 (of
754 2635 937 2679 Vanden
969 2635 1206 2692 Bogaerde,
1238 2635 1307 2678 15*ξ
1330 2638 1474 2684 eeuw)
1499 2649 1604 2678 over
1627 2636 1750 2679 Bloe—

105 2705 328 2749 maardine
345 2719 398 2748 en
418 2718 523 2747 over
540 2705 622 2748 Jan
646 2719 730 2747 van
751 2703 1038 2747 Ruusbroec's
1057 2704 1185 2761 strijd
1203 2707 1333 2759 tegen
1353 2704 1459 2747 hare
1476 2704 1671 2761 ketterij.
1695 2732 1751 2737 —

104 2775 180 2819 Die
213 2774 465 2818 kettersche
498 2787 651 2817 vrouw
685 2773 805 2816 werd
838 2773 989 2816 alsdan
1026 2774 1089 2816 als
1121 2787 1226 2816 eene
1261 2773 1418 2828 heilige
1452 2774 1651 2818 vereerd.
1683 2775 1750 2818 Na

103 2845 242 2887 haren
279 2843 388 2886 dood
427 2843 689 2898 (omstreeks
731 2843 865 2897 1336)
898 2843 1018 2885 werd
1055 2843 1163 2885 haar
1200 2843 1391 2885 zilveren
1429 2843 1539 2886 zetel
1574 2857 1654 2886 aan
1695 2844 1746 2886 de

103 2912 305 2970 hertogin
339 2925 423 2956 van
458 2911 651 2956 Brabant
683 2912 980 2969 geschouken.
1011 2911 1109 2954 Men
1144 2912 1288 2962 dacht‚
1317 2912 1391 2955 dat
1426 2912 1612 2956 manken
1638 2913 1744 2967 door
