2097 3466
783 236 916 272 ANNO
942 249 978 272 c·
1010 240 1110 274 1050
1732 248 1751 277 9

117 334 291 391 Angers
313 346 368 377 en
391 333 700 389 Berengarius,
724 333 966 378 scholaster
987 347 1075 378 van
1099 335 1251 379 Tours.
1275 360 1331 368 —
1349 337 1627 382 Theoduinus
1650 342 1750 396 zegt

115 417 355 448 vernomen
378 406 422 446 te
446 402 631 454 hebben,
660 402 734 445 dat
767 404 927 455 Bruno,
955 403 1154 461 bisschop
1178 419 1263 448 van
1287 406 1476 462 Angers,
1508 422 1562 451 en
1587 409 1749 451 Beren-

117 473 266 530 garius
289 472 340 515 de
363 472 471 515 oude
502 471 754 515 kettersche
778 472 982 528 dolingen
1007 486 1112 516 over
1143 474 1220 516 het
1249 474 1434 518 lichaam
1458 476 1533 519 des
1555 477 1745 528 Heeren,

115 541 193 585 het
216 540 427 597 huwelijk
450 554 502 583 en
531 540 608 584 het
639 541 813 596 doopsel
847 542 923 584 der
944 541 1157 585 kinderen
1179 541 1348 586 hebben
1372 545 1641 589 vernieuwd.
1679 546 1746 603 Hij

116 610 224 654 looft
245 609 328 653 den
351 610 517 666 koning
538 624 643 653 voor
669 610 750 652 den
784 611 920 662 iever,
954 611 1052 655 dien
1086 611 1145 668 hij
1170 614 1302 669 tegen
1325 614 1411 656 hen
1445 628 1527 657 aan
1560 615 1642 658 den
1666 615 1750 672 dag

115 678 209 734 legt
241 677 346 720 door
377 678 452 721 het
482 677 787 735 bijeenroepen
822 694 906 723 van
940 694 1019 723 een
1042 680 1231 724 Concilie
1270 684 1314 724 te
1347 682 1505 739 Parijs.
1540 682 1749 726 Mochten

116 746 168 789 de
205 745 444 803 plichtigen
481 747 643 790 zonder
679 749 826 791 uitstel
865 749 917 791 de
955 749 1276 792 welverdiende
1314 749 1430 792 straf
1469 750 1744 807 ondergaan!

115 817 241 860 Maar
273 817 336 860 als
369 816 568 873 bisschop
601 817 689 861 kan
722 819 868 862 Bruno
902 819 1044 862 alleen
1068 818 1173 861 door
1207 818 1291 861 den
1324 832 1430 874 paus
1464 821 1748 864 veroordeeld

114 885 311 937 worden,
348 900 402 929 en
435 886 780 930 ondertusschen
814 901 980 944 vragen
1014 887 1066 945 zij
1101 900 1169 930 om
1193 887 1341 930 hunne
1375 888 1578 945 dolingen
1607 891 1651 934 in
1674 891 1750 934 het

115 955 302 999 Concilie
337 959 382 999 te
418 969 575 1012 mogen
606 955 899 1014 blootleggen.
936 957 1005 1000 Dit
1043 958 1161 1000 moet
1190 956 1281 999 hun
1314 956 1532 1000 verboden
1567 959 1748 1003 worden

114 1024 256 1068 totdat
293 1023 344 1067 de
376 1038 483 1080 paus
515 1025 735 1068 volmacht
767 1025 888 1069 heeft
924 1026 1147 1082 gezonden
1180 1039 1248 1068 om
1286 1025 1373 1069 hen
1412 1030 1456 1070 te
1494 1029 1744 1072 vonnissen.

114 1093 287 1137 Anders
323 1094 391 1137 zal
423 1097 467 1137 te
499 1095 593 1136 veel
632 1095 868 1138 schandaal
908 1095 1109 1138 verwekt
1147 1095 1342 1147 worden,
1384 1096 1491 1138 daar
1521 1097 1574 1154 zij
1610 1098 1748 1141 intus-

115 1161 331 1219 schentijd
363 1161 609 1217 ongedeerd
640 1163 783 1206 zullen
817 1163 997 1222 blijVen.
1022 1165 1106 1207 Het
1131 1165 1258 1220 eenig
1281 1164 1376 1207 doel
1401 1178 1483 1208 van
1508 1166 1536 1209 ’t
1559 1166 1748 1209 Concilie

113 1234 229 1274 moet
251 1231 337 1288 zijn
361 1244 466 1274 over
486 1231 635 1274 hunne
669 1232 852 1289 lijfstraf
877 1238 920 1276 te
943 1232 1258 1289 beraadslagen
1281 1247 1336 1275 en
1359 1234 1446 1276 hen
1479 1234 1544 1277 als
1577 1234 1748 1278 ketters

112 1304 158 1344 te
190 1299 478 1351 behandelen,
505 1299 610 1343 daar
643 1301 685 1344 al
716 1301 865 1344 hunne
898 1301 1102 1357 dolingen
1127 1302 1273 1345 sedert
1294 1302 1399 1358 lang
1422 1303 1528 1345 door
1550 1303 1601 1346 de
1624 1304 1748 1347 Kerk

115 1383 169 1412 en
191 1368 244 1412 de
265 1368 534 1412 kerkvaders
556 1371 838 1414 veroordeeld
859 1372 961 1429 zijn.
988 1373 1171 1414 Daarom
1197 1385 1276 1415 zou
1310 1372 1362 1415 de
1391 1372 1558 1429 koning
1581 1373 1625 1416 in
1648 1373 1748 1416 dien

114 1438 184 1482 zin
206 1440 295 1480 met
323 1437 375 1481 de
398 1438 700 1496 bisschoppen‚
737 1443 826 1484 met
859 1440 944 1483 den
966 1440 1112 1484 keizer
1134 1455 1188 1483 en
1211 1445 1300 1485 met
1329 1441 1411 1484 den
1446 1455 1553 1497 paus
1575 1446 1748 1486 moeten

114 1505 415 1550 onderzoeken
447 1508 590 1550 welke
623 1508 741 1552 straf
769 1509 820 1552 de
843 1509 1015 1553 ketters
1049 1510 1191 1554 zullen
1227 1510 1498 1567 ondergaan,
1524 1512 1631 1555 daar
1663 1513 1748 1556 alle

113 1576 286 1620 handen
322 1576 418 1620 zich
450 1581 623 1623 moeten
654 1579 817 1624 keeren
851 1584 982 1637 tegen
1020 1579 1231 1636 degenen,
1271 1579 1338 1622 die
1383 1580 1535 1624 bunne
1573 1580 1748 1625 handen

114 1649 247 1704 tegen
268 1646 386 1690 allen
407 1646 584 1691 keeren.

161 1752 444 1789 Gloriossissimo
468 1758 504 1790 et
526 1755 766 1791 invictissimo
789 1755 870 1800 regi
895 1755 1123 1790 Francorum
1149 1754 1309 1791 Henrico
1326 1755 1536 1792 Deoduinus
1555 1756 1750 1794 Leodicen-

116 1810 164 1845 sis
180 1809 342 1852 antistes,
359 1811 570 1855 temporalis
590 1812 696 1856 regni
719 1811 1024 1857 gubernationem
1048 1812 1099 1846 ita
1117 1811 1311 1853 moderari,
1332 1815 1373 1847 ut
1397 1812 1437 1847 in
1461 1816 1649 1849 aeternum
1666 1826 1750 1849 cum

116 1864 250 1900 sanctis
266 1865 310 1900 ab
328 1865 569 1910 omnipotenti
593 1867 668 1902 Deo
684 1868 814 1902 merito
831 1868 960 1902 debeat
975 1865 1160 1901 coronari.

160 1921 273 1956 Fama
293 1934 480 1967 supremos
512 1922 652 1958 Galliae
677 1923 766 1958 fines
790 1927 1060 1967 praetergressa
1077 1925 1191 1957 totam
1224 1922 1458 1958 Germaniam
1483 1923 1641 1967 pervasit
1661 1928 1750 1967 jam-

116 1988 186 2021 que
208 1977 371 2012 omnium
395 1982 560 2014 nostrum
588 1979 741 2023 replevit
763 1990 881 2020 aures,
907 1978 1065 2022 qualiter
1090 1977 1216 2013 Bruno
1239 1978 1511 2023 Andevagensis
1546 1979 1748 2022 episcopus,

115 2033 202 2068 item
229 2034 474 2077 Berengarius
498 2034 732 2075 Turonensis,
752 2034 921 2078 antiquas
946 2033 1111 2068 haereses
1134 2033 1319 2068 modernis
1341 2033 1565 2077 temporibus
1588 2034 1750 2068 introdu-

117 2087 242 2129 cendo,
259 2093 425 2124 astruant
453 2100 584 2133 corpus
602 2090 748 2124 Domini
774 2100 847 2124 non
870 2093 944 2123 tam
963 2099 1095 2132 corpus
1120 2099 1194 2122 esse
1220 2100 1329 2132 quam
1353 2091 1519 2124 umbram
1537 2095 1571 2125 et
1593 2090 1750 2134 figuram

117 2143 279 2188 corporis
307 2143 466 2185 Domini,
493 2145 659 2189 legitima
682 2145 856 2190 conjugia
880 2146 1081 2187 destruant,
1100 2149 1134 2180 et
1158 2148 1334 2188 quantum
1359 2144 1397 2179 in
1422 2145 1510 2189 ipsis
1534 2149 1597 2186 est,
1622 2147 1752 2190 baptis-

116 2209 217 2232 mum
240 2199 475 2242 parvulorum
501 2204 676 2235 evertant.
712 2200 810 2240 Quos
837 2200 882 2233 ad
921 2200 1155 2235 revicendum
1184 2203 1219 2234 et
1246 2199 1391 2243 publice
1422 2200 1682 2235 confutandum
1707 2213 1749 2236 eo

115 2253 190 2288 zelo
207 2254 320 2297 eoque
343 2255 497 2294 fervore,
533 2266 604 2298 quo
628 2266 716 2299 erga
733 2258 895 2290 sanctam
914 2254 1104 2290 ecclesiam
1136 2254 1261 2289 divina
1295 2254 1534 2298 inspiratione
1550 2256 1748 2299 plurimum

115 2319 256 2352 semper
271 2309 419 2351 ardetis,
438 2309 541 2344 aiunt
558 2321 620 2344 vos
637 2310 842 2346 Concilium
859 2321 1074 2345 convocasse
1090 2310 1148 2353 (1).
1169 2310 1222 2344 uti
1239 2310 1385 2344 tandem
1410 2309 1502 2344 illud
1520 2310 1630 2345 totius
1649 2311 1750 2346 nobi-

116 2364 245 2399 lissimi
275 2365 380 2409 regni
412 2365 535 2405 vestri,
566 2365 637 2400 heu
667 2366 774 2400 nimis
806 2370 912 2410 turpe
944 2366 1182 2409 opprobrium
1214 2365 1257 2400 de
1289 2365 1407 2400 medio
1435 2366 1608 2401 auferatis
1631 2371 1666 2400 et
1711 2367 1750 2401 in

116 2424 316 2461 aeternum,
345 2420 375 2454 si
400 2420 478 2456 fieri
503 2425 630 2465 potest,
657 2423 702 2456 ab
729 2421 807 2465 ipsa
831 2422 994 2456 omnium
1020 2421 1223 2455 homimum
1246 2422 1422 2456 memoria
1446 2422 1610 2457 deleatis.
1634 2422 1662 2456 O
1689 2423 1750 2467 pia

115 2476 282 2510 voluntas
300 2479 335 2511 et
362 2487 444 2512 vere
474 2489 559 2522 rege
583 2478 820 2522 dignissima!
857 2478 958 2518 Quae
976 2477 1115 2512 utinam
1141 2477 1311 2512 effectum
1341 2477 1474 2512 habere
1498 2482 1626 2521 posset,
1646 2481 1686 2512 ut
1711 2478 1749 2512 in

115 2534 216 2566 tanto
247 2531 440 2576 sacrilegio
471 2533 655 2568 convictos
684 2533 792 2576 (quod
825 2537 922 2568 certe
952 2532 1169 2567 facillimum
1203 2535 1268 2576 est)
1298 2533 1431 2576 absque
1468 2532 1543 2568 ulla
1573 2532 1749 2568 dilatione

117 2587 238 2621 debita
254 2587 344 2622 ultio
361 2592 662 2632 consequeretur.

164 2641 231 2677 Sed
258 2643 490 2687 desperamus
528 2644 563 2678 id
604 2644 683 2679 fieri
707 2656 820 2688 posse,
850 2655 933 2679 cum
965 2643 1090 2679 Bruno
1116 2644 1265 2679 exsistat
1293 2643 1506 2688 episeopus3
1541 2643 1748 2687 episcopum

117 2702 238 2733 autem
263 2711 334 2734 non
358 2702 524 2743 oporteat
540 2699 784 2734 damnationis
809 2700 932 2734 subire
956 2698 1174 2735 sententiam
1207 2703 1350 2743 praeter
1369 2698 1604 2741 apostolicam
1630 2704 1750 2733 aucto-

117 2752 286 2797 nitatem.
331 2754 449 2798 Igitur
480 2765 603 2789 omnes
646 2754 866 2798 quicumque
898 2765 1022 2790 sumus
1054 2754 1121 2790 filii
1153 2755 1281 2789 matris
1313 2754 1485 2790 ecclesiae
1520 2754 1560 2789 in
1589 2754 1748 2789 maximo

162 2946 208 2990 (1)
233 2945 283 2981 Tc
301 2946 430 2990 Parijs,
449 2946 518 2982 don
536 2948 594 2982 16¹¹
611 2946 766 2982 October
784 2948 868 2983 1050
883 2947 1064 2991 geopend.
