2097 3466
814 237 947 273 ANNO
973 239 1070 274 1394
1687 242 1750 276 253

879 386 997 430 238.

196 510 312 555 Vo'o'r
334 524 388 555 en
410 524 467 568 op
487 512 624 562 1394,
648 513 849 556 Jamcam‘
869 515 912 562 7,
936 512 1238 556 Duitschland
1254 513 1307 569 (ἒ)
1331 526 1386 556 en
1410 513 1565 557 Rome.
1587 513 1760 557 Smeek-

129 580 284 624 schrift
308 580 414 624 door
431 595 567 624 eenen
592 582 830 625 Duitsehen
852 582 909 639 (ἲ)
932 581 1186 625 onbekende
1209 585 1275 625 tot
1296 596 1403 638 paus
1427 582 1672 626 Bonifacius
1695 583 1759 625 IX

127 649 298 706 gericht
327 656 402 694 ten
425 650 653 693 voordeele
685 665 771 694 van
805 651 1012 707 sommige
1044 665 1258 707 personen
1298 664 1380 694 van
1424 650 1570 694 beider
1612 651 1760 694 kunne

126 718 402 776 (Beggarden
425 733 478 762 en
503 720 749 777 Regimen),
775 719 843 762 die
865 724 940 763 ten
973 720 1180 763 onrechte
1204 720 1248 762 in
1281 720 1333 762 de
1363 720 1568 764 Duitsche
1599 720 1758 764 landen

126 787 230 830 door
252 787 304 830 de
336 786 623 845 bisschoppen
657 803 712 831 en
744 789 795 832 de
818 788 1099 844 inquisiteurs
1133 789 1343 845 vervolgd
1379 789 1575 832 worden.
1601 814 1660 821 —
1681 790 1756 832 Die

125 870 340 913 personen
372 857 513 900 leiden
553 871 631 900 een
666 858 955 914 godvruchtig
985 858 1126 907 leven,
1164 858 1248 914 zijn
1286 858 1330 900 in
1366 858 1456 901 hun
1490 858 1638 914 geloof
1665 859 1758 902 vol-

125 925 282 969 komen
314 926 588 982 rechtzinnig
611 941 663 969 en
686 927 936 970 verrichten
959 927 1126 970 allerlei
1149 926 1329 970 werken
1352 941 1437 970 van
1465 927 1758 984 barmhartig-

124 994 247 1046 heid;
298 996 510 1040 nochtans
545 995 722 1038 worden
767 996 818 1053 zij
865 996 1055 1052 dikwijls
1107 995 1212 1038 door
1253 996 1305 1038 de
1358 995 1658 1053 bisschoppen,
1706 997 1759 1040 de

124 1064 365 1122 pauselijke
395 1064 678 1120 inquisiteurs
717 1078 770 1107 en
803 1065 995 1107 anderen
1034 1065 1258 1120 vervolgd.
1299 1066 1485 1109 Daarom
1527 1066 1670 1110 wordt
1707 1067 1760 1110 de

124 1146 231 1188 paus
264 1134 487 1185 verzocht,
514 1133 588 1177 dat
620 1133 679 1191 hij
706 1133 812 1177 door
844 1133 895 1176 de
923 1133 1236 1188 kerkprelaten
1261 1133 1305 1176 in
1339 1134 1390 1177 de
1428 1135 1634 1178 Duitsche
1666 1136 1759 1178 lan-

124 1200 207 1244 den
234 1216 314 1245 een
341 1203 586 1246 onderzoek
609 1216 718 1245 naar
743 1202 795 1245 de
819 1203 953 1246 zeden
977 1216 1031 1245 en
1063 1203 1140 1245 het
1163 1202 1310 1258 geloof
1327 1203 1419 1246 dier
1440 1218 1655 1260 personen
1679 1218 1758 1248 zou

125 1270 345 1323 instellem,
368 1286 436 1314 om
458 1275 503 1315 te
526 1273 619 1314 zien
644 1272 690 1314 of
707 1286 755 1314 ze
780 1277 911 1328 tegen
944 1271 996 1315 de
1019 1272 1367 1328 verordeningen
1391 1287 1476 1316 van
1498 1273 1694 1317 Clemens
1718 1274 1759 1317 V

123 1353 179 1383 en
211 1341 436 1384 Johannes
470 1341 601 1383 XXII
634 1341 848 1396 zondigen
882 1355 935 1383 en
968 1354 1036 1383 om
1069 1340 1120 1383 de
1152 1340 1390 1398 plichtigen
1423 1346 1467 1385 te
1499 1342 1678 1386 straffen
1703 1357 1757 1385 en

124 1409 177 1451 de
209 1409 522 1466 onschuldigen
556 1414 600 1453 te
631 1409 930 1453 beschermen.
957 1408 1122 1466 (Onder
1153 1410 1230 1452 het
1261 1411 1363 1453 stuk
1393 1414 1508 1455 staat
1530 1411 1562 1454 's
1594 1424 1756 1468 pausen

123 1479 446 1536 toestemming‚
474 1492 678 1522 waarvan
705 1492 782 1521 ons
815 1480 860 1522 nr
898 1478 983 1523 239
1015 1479 1090 1522 het
1119 1478 1309 1536 dadelijk
1340 1481 1497 1537 gevolg
1528 1479 1604 1538 is.)

168 1602 381 1638 Beatissime
398 1607 511 1646 pater,
531 1603 566 1637 in
593 1603 748 1638 diuersis
772 1603 984 1638 ciuitatibus
1000 1607 1034 1638 et
1051 1603 1140 1638 locis
1156 1603 1368 1638 Alamaniae
1385 1604 1429 1638 ab
1445 1603 1594 1648 antiquo
1611 1605 1758 1640 fuerunt

125 1663 161 1694 et
183 1658 291 1694 hodie
318 1663 402 1694 sunt
425 1657 594 1693 nonnulli
618 1669 792 1701 personae
809 1657 998 1701 utriusque
1015 1671 1131 1700 sexus,
1151 1669 1243 1701 quae
1266 1662 1415 1702 propter
1431 1659 1547 1694 Deum
1572 1660 1757 1694 saeculum

125 1714 373 1757 relinquentes
385 1719 420 1749 et
436 1714 586 1749 insimul
599 1715 735 1756 absque
746 1726 898 1748 sexuum
912 1714 1083 1750 societate
1095 1715 1293 1750 habitando
1305 1714 1480 1749 humilem
1495 1714 1607 1749 vitam
1620 1715 1759 1750 ducunt

126 1773 161 1804 et
182 1769 383 1811 honestam,
402 1769 446 1803 de
465 1780 566 1803 more
592 1770 630 1803 in
647 1769 737 1804 locis
759 1780 883 1804 eorum
901 1770 1050 1804 deuotas
1063 1781 1234 1813 personas
1251 1770 1525 1806 adinuenientes
1541 1771 1585 1805 ad
1602 1770 1758 1815 hospitia

127 1825 313 1870 recipiunt
338 1829 454 1866 nocte,
474 1825 518 1859 ad
543 1824 612 1859 hoc
638 1824 803 1859 infirmos
827 1825 1035 1859 custodiunt
1051 1836 1093 1859 ac
1109 1829 1271 1861 mortuos
1294 1824 1341 1859 ad
1362 1826 1566 1869 sepulturas
1593 1827 1759 1861 deferunt

127 1892 169 1915 ac
185 1881 258 1916 alia
273 1884 442 1916 exercent
459 1883 568 1923 prout
586 1884 734 1923 possunt
750 1891 859 1924 opera
873 1880 1037 1915 caritatis
1053 1885 1088 1916 et
1105 1879 1291 1915 Romanae
1304 1881 1477 1916 ecclesiae
1490 1881 1760 1925 diocesanisque

126 1936 291 1972 locorum
308 1947 350 1971 ac
367 1936 478 1971 etiam
502 1935 737 1970 ecclesiarum
763 1935 1015 1979 parochialurn
1043 1936 1245 1971 rectoribus
1261 1940 1297 1970 et
1320 1936 1403 1971 aliis
1423 1936 1670 1980 superioribus
1686 1937 1760 1971 suis

127 1991 166 2027 in
182 1992 350 2028 omnibus
366 1991 540 2027 obediunt
563 1995 597 2026 et
614 1991 688 2026 Deo
705 1996 740 2026 et
764 1990 833 2026 sibi
856 1992 1016 2027 inuicem
1033 1991 1222 2027 serviendo
1238 1992 1444 2027 desiderant
1468 1992 1522 2027 sic
1546 1993 1585 2028 in
1608 1992 1754 2028 humili-

127 2047 213 2083 tatis
225 2047 358 2091 spiritu
375 2045 560 2081 Altissimo
576 2045 761 2081 famulari.

172 2102 219 2136 Et
233 2100 402 2145 quamuis
418 2101 538 2135 dictae
555 2111 729 2145 personae
743 2100 854 2135 nullis
870 2101 1054 2137 erroribus
1070 2113 1107 2137 se
1122 2101 1314 2137 inuoluant
1330 2113 1396 2137 nec
1413 2103 1525 2138 ritum
1542 2105 1605 2138 aut
1620 2105 1755 2138 sectam

126 2155 284 2192 habeant
299 2156 551 2199 cuiuscunque
574 2155 765 2200 religionis
789 2167 907 2191 nouae
931 2168 996 2192 nec
1027 2157 1118 2192 alios
1142 2168 1261 2192 mores
1291 2158 1484 2192 obseruent
1513 2156 1662 2191 illicitos
1693 2167 1755 2191 seu

127 2212 338 2256 reprobatos
354 2214 417 2246 aut
433 2210 534 2245 aliud
559 2211 802 2254 quodcunque
819 2223 929 2256 agere
945 2224 1008 2248 seu
1024 2214 1216 2248 observare
1233 2213 1499 2255 consueuerint,
1517 2213 1612 2256 quod
1630 2216 1757 2247 contra

127 2268 288 2300 sanctam
306 2265 511 2301 Romanam
530 2266 720 2301 ecclesiam
738 2267 1010 2311 scripturasque
1025 2269 1242 2313 approbatas
1259 2280 1321 2303 seu
1345 2272 1473 2303 contra
1500 2268 1608 2303 fidem
1634 2267 1757 2302 catho-

126 2318 236 2354 licam
253 2320 394 2364 existat‚
413 2326 536 2356 tamen
553 2333 670 2366 saepe,
690 2322 888 2365 aliquando
905 2334 970 2366 pro
994 2328 1096 2367 parte
1119 2323 1389 2359 ordinariorum
1413 2325 1457 2358 ab
1481 2323 1758 2367 inquisitoribus

127 2373 330 2411 haereticae
347 2377 540 2420 prauitatis
557 2376 594 2411 in
619 2377 692 2412 illis
708 2377 873 2421 partibus
890 2379 1108 2414 auctoritate
1130 2379 1328 2423 apostolica
1352 2379 1544 2424 deputatis,
1562 2379 1758 2423 aliquando

127 2430 172 2464 ab
204 2430 286 2464 aliis
309 2432 472 2474 personis
496 2432 540 2466 de
571 2433 666 2467 sacto
699 2437 826 2468 contra
858 2433 1034 2469 iustitiam
1060 2434 1099 2470 in
1129 2435 1336 2479 praemissis
1364 2435 1507 2470 diversa
1538 2435 1758 2479 grauamina

127 2484 350 2520 inseruntur.

172 2539 406 2585 Supplicatur
432 2552 519 2585 ergo
546 2542 733 2576 sanctitati
759 2546 898 2578 vestrae
921 2547 1098 2587 quatenus
1123 2545 1404 2590 archiepiscopis
1432 2550 1466 2580 et
1494 2546 1669 2590 episcopis
1696 2558 1760 2591 per

125 2594 379 2630 Alemanniam
417 2597 625 2631 constitutis
654 2598 913 2634 convenienter
951 2599 1097 2644 dignari
1129 2604 1164 2636 et
1194 2601 1378 2642 mandare,
1412 2604 1589 2644 quatenus
1621 2602 1760 2647 singuli

127 2662 266 2692 eorum,
285 2651 453 2695 quotiens
470 2663 560 2695 opus
577 2651 658 2694 erit,
675 2652 713 2688 in
730 2653 804 2688 suis
821 2653 1032 2690 ciuitatibus
1048 2659 1083 2690 et
1097 2655 1299 2691 diocesibus
1314 2656 1357 2692 de
1373 2656 1580 2692 huiusmodi
1596 2658 1758 2702 personis

126 2705 316 2750 utriusque
333 2718 438 2741 sexus
457 2706 592 2742 ibidem
609 2719 676 2751 pro
702 2712 863 2753 tempore
890 2711 1201 2746 commorantibus
1224 2715 1260 2746 et
1286 2712 1330 2747 de
1346 2711 1506 2756 ipsarum
1530 2712 1606 2748 vita
1622 2718 1657 2749 et
1673 2725 1755 2750 con·

127 2759 347 2801 uersatione,
374 2759 485 2795 etiam
515 2773 560 2795 an
587 2762 727 2805 aliquos
753 2774 894 2798 errores
923 2765 962 2798 in
988 2763 1221 2800 Clementinis
1248 2765 1293 2799 ad
1320 2767 1471 2800 verbum
1498 2770 1685 2801 contentos
1711 2777 1758 2801 an

127 2813 217 2849 alios
233 2815 268 2849 in
289 2815 358 2850 fide
375 2815 558 2851 catholica
576 2820 722 2852 teneant
739 2821 803 2853 aut
814 2823 949 2854 sectam
963 2824 1027 2855 aut
1039 2821 1152 2855 ritum
1166 2820 1324 2856 habeant
1334 2825 1460 2856 contra
1472 2821 1756 2865 prohibitionem

128 2868 347 2904 decretalem
367 2869 545 2905 Johannjs
562 2870 683 2914 XXII,
701 2883 792 2915 quae
810 2872 941 2917 incipit
956 2873 1090 2908 Sancta
1107 2875 1278 2910 Romana
1297 2879 1371 2910 cet·
1392 2879 1455 2910 aut
1470 2875 1560 2910 alias
1576 2876 1614 2911 in
1630 2875 1760 2919 aliqui·

128 2923 196 2960 bus
228 2924 370 2961 casibus
403 2926 584 2962 excedunt
615 2927 672 2963 vel
703 2927 877 2964 excedere
907 2933 1188 2975 consueuerunt,
1213 2930 1409 2976 diligenter
1435 2930 1624 2975 inquirant
1652 2941 1760 2976 seque
