2097 3466
341 235 401 270 122³
1018 236 1148 273 ANNO
1175 239 1275 274 1‘254

334 328 432 363 ribus
459 329 743 375 quibuscumque
770 341 811 366 ac.
835 331 1017 367 beneficiis
1048 331 1277 368 eclesiasticis
1301 334 1336 369 et
1359 332 1512 378 publicis
1546 333 1684 376 officiis,
1714 333 1795 370 illos
1823 334 1944 377 etiam,

335 385 393 427 qui
413 384 672 420 haeretieorum
698 387 752 421 vcl
783 387 937 422 aliorum
967 388 1231 431 praedictorum
1256 388 1471 430 interventu,
1500 389 1631 424 intuitu
1656 390 1710 424 vel
1727 390 1844 434 gratia
1860 390 1947 426 talia

332 443 411 473 sunt
430 440 546 483 adepti
565 442 619 475 vel
637 441 673 475 in
691 447 869 485 posterum
887 446 1132 486 assequentur,
1160 443 1323 486 privandi
1341 443 1544 488 hujusmodi
1559 444 1806 487 dignitatibus,
1833 456 1947 488 perso-

333 494 484 532 natibus,
517 495 722 536 honoribus.
753 499 935 533 benefieiis
959 502 990 533 et
1009 498 1147 539 officiis,
1175 499 1325 532 liberam
1342 498 1442 532 vobis
1468 499 1680 534 auctoritate
1708 499 1946 542 praesentium

330 548 556 583 concedimus
582 555 799 593 potestatem.
821 553 913 587 Sane
941 553 1114 593 volumus,
1135 556 1174 587 ut.
1199 553 1343 586 nomina
1360 556 1431 587 tam
1459 554 1703 589 accusantium
1734 553 1946 597 pravitatem

331 603 546 638 hzwretieam
564 618 669 649 quam
688 607 956 642 testificantium
985 619 1092 650 super
1123 619 1162 641 ea
1190 608 1391 642 nullatcnus
1424 609 1651 652 publicentur
1674 611 1817 652 propter
1847 619 1945 643 scan-

329 658 449 692 dalum
467 660 521 693 vel
540 661 748 704 perieulum.
765 664 858 706 quod
875 675 916 697 ex
937 662 1176 706 publicatione
1190 663 1393 706 hujusmodi
1408 664 1506 706 sequi
1522 666 1647 707 posset,
1661 666 1696 698 et
1708 663 1947 698 adhibeantur

327 712 430 746 dietis
448 713 650 757 hujusmodi
669 717 809 751 testium
838 717 1092 751 nichilominus
1111 718 1214 760 plena
1239 718 1343 759 fidos3
1364 718 1457 761 quod
1480 717 1508 751 si
1534 717 1639 751 simul
1664 717 1708 751 iis
1736 728 1806 751 non
1834 717 1944 752 inter-

329 766 467 801 fueritis
485 771 710 812 exequendis.
731 783 821 805 unus
835 775 1044 805 vestrumea
1065 771 1319 805 nichilominus
1331 774 1538 814 exequatur.

374 821 502 857 Datum
522 824 699 864 Laterani.
719 826 782 861 VII
801 827 879 860 idus
896 826 1030 866 Martii,
1051 825 1277 869 pontificatus
1295 826 1405 860 nostri
1423 838 1516 861 anno
1534 825 1732 861 undecimo.

673 892 806 935 RipolL
824 892 901 925 decl
926 892 1131 932 1,blz.‘241,
1167 899 1206 925 n0
1237 894 1312 926 318.
1342 892 1530 933 (I'otthast,
1563 892 1641 926 decl
1671 891 1715 932 II,
1746 891 1811 925 blz.
1847 892 1942 931 1256,

716 953 755 981 n⁰
785 948 912 988 15:263).
930 965 973 970 —
989 946 1110 989 Ripoll
1138 950 1226 989 zegt,
1253 947 1314 981 dat
1340 947 1400 981 het
1427 946 1713 990 oorspronkcliJk
1729 945 1812 980 stuk
1829 944 1867 979 in
1883 945 1946 980 het

716 1001 857 1035 arehief
868 1002 932 1035 der
947 1001 1294 1044 predikheerenordc
1307 1003 1340 1036 tc
1355 1001 1468 1036 Rome
1483 1002 1620 1036 bcrust:
1637 1015 1652 1028 ιι
1669 1000 1863 1036 plumbum
1875 999 1946 1035 filis

716 1056 925 1090 cannabinis
941 1055 1165 1100 appenditur.
1188 1071 1203 1085 ν’

1079 1182 1191 1226 128.

389 1308 526 1356 1254,
561 1308 718 1350 Μαανί
749 1308 824 1358 23,
862 1309 1110 1352 Lateramz.
1147 1310 1226 1352 Bul
1258 1323 1342 1352 van
1374 1309 1651 1353 Innocentius
1681 1310 1743 1354 IV
1773 1310 1942 1367 gericht

323 1378 389 1419 tot
429 1376 480 1418 de
527 1376 805 1431 inquisiteurs
837 1377 912 1419 der
945 1377 1436 1429 minderbroedersorde,
1465 1378 1640 1436 waarbij
1666 1379 1724 1437 hij
1770 1381 1860 1422 hun
1889 1379 1941 1421 de

324 1445 542 1487 volmacht
565 1446 759 1488 verleent
782 1459 849 1487 om
874 1460 978 1487 eene
1011 1446 1137 1489 reeks
1171 1447 1425 1503 geestelijke
1449 1453 1637 1502 gunsten
1659 1452 1729 1490 toe
1751 1451 1794 1491 te
1817 1450 1941 1490 staan

324 1527 405 1555 aan
429 1513 639 1569 degenen,
663 1514 728 1556 die
753 1513 916 1558 beloosd
936 1515 1102 1559 hebben
1129 1530 1264 1559 eenen
1288 1515 1531 1559 kruistocht
1551 1522 1677 1573 tegen
1700 1516 1751 1560 de
1773 1516 1941 1560 ketters

323 1585 366 1625 te
390 1583 516 1626 doen.

368 1694 596 1729 Innocentius
612 1695 808 1739 episcopus,
824 1709 945 1732 servus
973 1711 1155 1733 servorum
1175 1699 1250 1740 Dei,
1270 1699 1409 1734 dilectis
1431 1699 1514 1733 filiis
1541 1698 1712 1733 fratribus
1741 1698 1785 1733 de
1815 1698 1941 1733 ordine

323 1751 502 1785 minorum
529 1751 800 1795 inquisitoribus
823 1757 856 1788 et
889 1755 1193 1797 praedicatoribus
1221 1756 1349 1796 crucis,
1376 1767 1483 1799 super
1512 1753 1693 1789 haeretica
1716 1753 1891 1797 pravitate
1918 1764 1940 1787 a

322 1807 403 1841 sede
419 1807 612 1849 apostolica
626 1807 815 1850 deputatis,
831 1809 980 1843 salutem
999 1813 1033 1843 et
1048 1810 1279 1853 apostolicam
1298 1810 1592 1845 benedictionem.

365 1860 411 1895 [st
437 1861 527 1895 nihil
552 1862 652 1895 nobis
676 1862 777 1903 desit,
797 1864 890 1906 quod
906 1864 951 1897 ad
976 1865 1286 1908 prosequutionem
1305 1865 1439 1909 negotii
1464 1868 1602 1899 vestrae
1627 1861 1939 1906 circumspectioni

320 1915 496 1948 commissi
515 1915 702 1959 pertineat,
721 1918 781 1951 sed
798 1917 887 1951 illud
902 1918 939 1952 in
956 1919 1081 1953 vestris
1094 1920 1270 1960 manibus,
1289 1923 1436 1954 auctore
1455 1919 1606 1953 Domino
1623 1929 1789 1962 prospere
1805 1916 1938 1961 diriga-

316 1972 386 2007 tur,
406 1970 725 2015 absolveiidijuxta
742 1972 893 2006 formam
910 1973 1082 2008 eeclesiae
1099 1986 1220 2008 omnes
1244 1975 1306 2017 qui
1331 1977 1455 2009 contra
1478 1974 1692 2017 pravitatem
1715 1971 1935 2007 haereticam

316 2025 572 2067 assumpserint
609 2025 752 2069 signum
776 2027 905 2068 crucis,
931 2029 975 2061 ab
999 2028 1194 2070 interdicti,
1227 2028 1467 2072 suspensionis
1494 2031 1528 2063 et
1556 2025 1936 2062 excommunicationis

316 2079 499 2113 sententiis
517 2080 716 2123 canonicis;
735 2084 769 2115 et
792 2081 1027 2125 ‹lis-pensionis
1051 2095 1132 2117 eum
1150 2083 1301 2124 clericis,
1320 2095 1426 2126 super
1442 2081 1784 2127 irregularitafibus,
1803 2080 1832 2115 si
1849 2092 1936 2125 quas

318 2134 367 2167 sic
386 2134 485 2177 ligati
505 2134 718 2168 celebrando
735 2135 856 2169 divina
885 2136 1002 2171 officia
1026 2138 1288 2180 contraxerintq
1307 2141 1341 2172 et
1365 2136 1609 2171 commutandi
1637 2138 1720 2171 vota
1743 2135 1938 2170 eorundem

317 2189 647 2231 crucesignatorum
665 2188 812 2229 (Terrae
837 2190 987 2225 Sanctae
1010 2194 1091 2225 voto
1108 2194 1287 2235 excepto);
1306 2203 1442 2225 necnon
1470 2194 1505 2226 et
1532 2190 1749 2225 concedendi
1766 2190 1935 2233 praefatis

318 2243 576 2286 crucesignatis
607 2246 646 2277 ut
678 2243 750 2277 illis
777 2245 957 2287 gaudeant
981 2245 1216 2290 indulgentiis
1245 2249 1279 2280 et
1315 2245 1524 2289 privilegiis,
1554 2256 1645 2288 quac
1680 2244 1937 2288 crucesignatis

319 2298 355 2331 in
374 2297 484 2340 ipsius
509 2298 642 2331 Terrae
671 2298 822 2332 Sanctae
846 2299 1043 2334 subsidium
1067 2304 1149 2335 sunt
1180 2312 1362 2342 concessa3
1387 2303 1422 2335 et
1452 2301 1545 2343 quod
1576 2303 1734 2342 tempore
1756 2300 1936 2343 generalis

319 2352 499 2386 interdicti
519 2352 651 2395 possint
668 2351 836 2387 interesse
853 2353 984 2387 divinis
1001 2355 1127 2388 officiis
1150 2358 1185 2389 et
1208 2355 1367 2398 recipere
1392 2356 1614 2388 sacramenta
1636 2353 1876 2389 ecclesiastica
1898 2355 1936 2389 in

317 2407 416 2445 loeis,
437 2407 473 2440 in
492 2407 619 2450 quibus
636 2407 757 2441 divina
782 2409 904 2443 eadem
929 2421 970 2443 cx
996 2410 1134 2444 indulto
1157 2411 1248 2443 sedis
1272 2410 1487 2452 apostolicae
1503 2409 1748 2451 celebrantur3
1771 2409 1936 2452 quodque

317 2462 382 2504 ipsi
401 2473 469 2495 non
484 2466 675 2496 teneantur
690 2463 734 2496 ad
749 2463 1011 2498 restitutionem
1029 2465 1286 2507 acquisitorum
1304 2464 1443 2504 illicite,
1462 2464 1491 2497 si
1508 2463 1575 2498 hoc
1591 2463 1732 2506 publice
1755 2462 1935 2506 proposito

317 2528 378 2559 per
402 2516 628 2550 dioecesanos
657 2517 710 2551 vel
738 2518 864 2551 saltem
894 2519 1118 2561 presbyteros
1144 2519 1365 2562 parochiales
1382 2519 1556 2559 locorum,
1575 2518 1612 2551 in
1629 2517 1758 2560 quibus
1774 2517 1936 2552 videritis

314 2571 492 2613 expedire,
513 2583 581 2605 non
599 2572 831 2614 apparuerint
849 2573 974 2616 aliqui,
994 2574 1122 2616 quibus
1148 2586 1271 2608 eorum
1308 2573 1487 2608 restitutio
1517 2574 1710 2616 debeatur3
1743 2573 1935 2608 dummodo

314 2624 393 2667 ipsi,
413 2628 525 2659 totum
544 2626 637 2668 quod
655 2627 697 2660 de
722 2627 843 2661 taliter
869 2627 1001 2662 habitis
1028 2629 1216 2663 restituere
1241 2629 1370 2663 debent
1387 2628 1442 2662 vel
1466 2628 1560 2671 quod
1577 2630 1722 2671 possunt
1738 2627 1934 2662 secundum

313 2682 451 2713 vestrae
468 2680 692 2714 discretionis
709 2681 898 2715 arbitrium
918 2683 953 2715 in
972 2682 1053 2715 fidei
1077 2683 1211 2726 negotii
1236 2682 1520 2726 prosecutionem
1545 2684 1765 2723 convertant,
1779 2681 1933 2716 auctori-

311 2736 381 2767 tate
396 2733 493 2767 vobis
509 2746 592 2777 prae
601 2735 754 2769 sentium
772 2736 1000 2770 concedimus
1017 2737 1234 2771 facultatem.

357 2789 485 2823 Datum
505 2790 686 2831 Laterani,
705 2791 737 2825 X
756 2791 927 2825 kalendas
944 2792 1090 2835 Aprilis,
1109 2793 1337 2836 pontificatus
1352 2792 1462 2827 nostri
1479 2803 1573 2826 anno
1590 2790 1634 2825 II.

664 2856 871 2897 Cherubim,
888 2857 1112 2900 Euam-ium,
1126 2859 1203 2893 decl
1217 2858 1243 2900 I,
1260 2859 1306 2893 bl.
1322 2861 1394 2893 105.
1407 2858 1594 2901 (Potthast‚
1606 2858 1683 2893 decl
1696 2857 1742 2900 II,
1754 2857 1819 2892 blz.
1836 2859 1931 2898 1258,

706 2918 746 2947 11⁰
765 2912 895 2955 15293.)
