2097 3466
380 240 439 270 41³8
1060 234 1189 267 ANNO
1218 235 1312 266 1491

379 339 459 362 eum
478 327 623 361 liberari
642 326 802 360 faciendo
820 325 1077 363 transmiserat,
1096 324 1131 358 id
1149 324 1241 367 qnod
1259 324 1377 358 dictus
1391 323 1578 367 episcopus
1602 335 1682 358 eum
1708 326 1782 359 tota
1807 321 1994 368 diligentia

379 383 454 417 tieri
468 384 543 425 jam
562 382 666 416 dictis
689 379 945 415 deffensoribus
963 379 1205 418 mandaverat,
1232 391 1302 422 quo
1327 379 1443 413 medio
1460 378 1546 413 dieti
1572 379 1784 413 deffensores
1800 381 1994 414 memorato

381 440 535 480 Aymery
547 437 622 479 jam
641 435 754 470 dictos
770 446 931 469 carceres
947 437 1162 477 aperuerant
1181 436 1215 468 et
1230 434 1275 468 ab
1301 433 1372 468 illis
1395 444 1476 467 eum
1500 433 1597 468 exire
1620 432 1850 475 demiserant3
1868 432 1995 467 deinde

380 488 473 531 quod
490 487 583 520 idem
608 490 763 530 Aymery
795 491 909 521 certas
938 486 1076 520 litteras
1105 497 1126 519 a
1156 486 1324 520 defuncto
1351 484 1561 519 charissimo
1593 486 1738 522 domino
1768 487 1996 532 progenitore

380 544 498 574 nostro
514 540 720 577 obtinuerat
735 543 778 577 de
795 542 997 586 praemissis
1022 541 1235 582 narrativas,
1254 541 1380 585 vigore
1412 552 1482 584 qua
1499 542 1577 584 jam
1600 541 1714 577 dictos
1739 544 1787 578 du
1812 543 1939 578 Hamel
1961 546 1997 578 et

379 594 552 638 Flameng
575 594 612 629 in
635 595 732 631 dicta
756 599 876 631 nostra
901 596 1122 630 Parlamcnti
1152 595 1255 629 curia
1286 595 1531 638 personaliter,
1561 595 1650 630 alios
1673 608 1758 631 vero
1783 597 1996 632 deffensores

375 649 586 692 simpliciter
613 651 876 694 comparituros
903 649 1113 695 adjournari
1141 650 1290 692 feceratg
1316 649 1378 692 qui
1407 650 1551 692 quidem
1577 650 1780 694 adjournati
1796 662 1839 686 ex
1855 653 1934 695 post
1957 649 1996 685 in

376 702 472 737 dicta
496 706 617 738 nostra
645 704 747 738 curia
774 707 1049 748 comparuerant
1075 707 1109 739 et
1134 715 1198 747 per
1224 715 1306 738 eum
1334 703 1547 747 interrogati
1575 705 1728 745 fuerant,
1746 707 1782 739 et
1807 705 1936 748 quibus
1960 706 1995 740 et

378 768 484 800 quam
501 757 664 801 pluribus
680 759 761 793 aliis
776 759 975 794 rationibus
992 761 1026 793 et
1042 758 1159 792 causis
1175 769 1237 802 per
1259 758 1373 793 dictos
1397 758 1615 801 appellantes
1631 761 1666 794 et
1681 764 1844 794 auctores
1858 769 1994 802 respec-

381 810 453 845 tive
481 812 669 855 propositis
693 816 727 848 et
742 813 919 857 allegatis,
938 812 1184 847 concludendo
1212 812 1380 855 petebant
1407 815 1442 846 et
1470 811 1712 854 requirebant,
1737 812 1904 848 videlicet
1918 813 1995 857 Jam

379 865 466 900 dicti
483 866 669 901 Collardus
684 868 727 902 de
753 867 938 902 Bellosorti
965 871 1001 902 et
1026 867 1181 901 Joanncs
1206 866 1366 909 Tacquet
1381 866 1611 909 appellantes,
1630 867 1724 910 quod
1741 877 1805 910 per
1819 869 1996 902 arrestum

378 919 494 954 dictae
510 921 632 955 curiae
645 925 785 957 nostrae
797 922 977 956 diceret-ur
989 924 1024 956 et
1035 922 1277 956 declareretur
1287 922 1364 965 jam
1377 921 1490 955 dictos
1502 920 1685 956 intimatos
1697 922 1791 956 male
1802 923 1838 956 et
1850 920 1997 956 abusive

378 974 513 1015 secisse,
539 975 791 1017 incamerasse,
818 976 1038 1020 processisse,
1066 977 1239 1010 refutasse
1255 978 1292 1010 et
1306 975 1510 1019 denegasse,
1537 975 1650 1010 dictos
1673 975 1892 1020 appellantes
1907 976 1997 1010 bene

378 1029 594 1071 appellasse;
612 1033 647 1064 et
662 1030 699 1064 in
717 1034 889 1073 quantum
909 1030 975 1073 ipsi
993 1034 1027 1064 et
1043 1030 1106 1063 alii
1124 1029 1179 1063 sui
1197 1032 1377 1064 consortes
1399 1032 1502 1064 erant
1518 1032 1667 1071 actores,
1682 1029 1769 1065 dicti
1785 1030 1996 1065 deffensores

379 1093 443 1126 pro
453 1083 530 1126 jam
547 1083 724 1118 dictorum
747 1085 936 1125 abusuum,
955 1095 1162 1118 excessuum
1187 1086 1222 1118 et
1245 1086 1502 1118 attentatorum
1529 1083 1768 1126 reparatione,
1793 1084 1838 1118 ad
1860 1083 1996 1119 dictum

383 1136 588 1170 Collardum
609 1138 653 1172 de
678 1138 863 1173 Bellosorti
889 1138 926 1172 in
943 1140 1035 1172 statu
1054 1149 1124 1180 quo
1148 1140 1226 1172 erat
1250 1140 1408 1180 tempore
1425 1137 1627 1180 praedictae
1643 1137 1892 1182 appellationis
1914 1147 1999 1172 suae

380 1192 639 1226 restituendum
667 1196 702 1227 et
732 1193 987 1236 reponendum,
1013 1197 1049 1227 et
1077 1203 1186 1236 supra
1216 1192 1328 1227 dictas
1359 1192 1591 1227 denariorum
1618 1204 1776 1228 summas
1800 1204 1864 1237 per
1886 1192 1999 1229 dictos

380 1249 518 1280 actores
530 1246 715 1281 occasione
739 1247 1015 1291 praemissorum
1039 1246 1172 1281 eisdem
1197 1246 1452 1281 deffensoribus
1468 1247 1627 1288 traditas,
1641 1259 1721 1281 cum
1738 1258 1863 1282 eorum
1879 1245 1997 1288 terris,

380 1300 481 1335 bonis
496 1303 531 1335 et
547 1299 724 1344 proficieis
738 1301 971 1342 reddendum,
986 1304 1021 1336 et
1033 1301 1292 1336 restituendum
1310 1312 1448 1335 necnon
1458 1302 1537 1346 jam
1552 1301 1665 1337 dictos
1677 1300 1938 1336 commissarios
1954 1300 2000 1335 ad

378 1355 416 1390 id
431 1366 538 1399 super
553 1356 750 1390 scalfaudia
765 1356 870 1390 modo
886 1358 921 1390 et
948 1357 1064 1390 forma
1090 1356 1221 1399 quibus
1247 1355 1362 1390 dictos
1388 1358 1526 1390 actores
1548 1357 1884 1398 condemnaverant,
1905 1355 2000 1400 quod

380 1409 447 1454 ipsi
472 1411 572 1451 falso,
592 1410 715 1453 inique
741 1413 777 1444 et
806 1411 941 1453 absque
967 1410 1108 1445 ratione
1133 1410 1171 1444 id
1202 1411 1361 1445 fecerant
1390 1409 1593 1451 dicendum,
1611 1421 1653 1445 ac
1683 1411 1791 1446 etiam
1814 1410 2000 1446 emendam

379 1465 626 1499 honorabilem
643 1468 716 1500 tam
741 1465 779 1499 in
802 1464 900 1500 dicta
922 1464 1025 1499 curia
1048 1468 1169 1500 nostra
1200 1476 1307 1508 quam
1331 1465 1369 1499 in
1385 1465 1473 1499 villa
1488 1464 1714 1500 Atrebatensi
1729 1464 1872 1509 publice
1893 1474 2001 1508 super

381 1520 478 1554 dicta
494 1519 702 1560 scalfaudia,
720 1518 759 1553 in
781 1531 852 1563 qua
875 1519 969 1554 idem
993 1523 1132 1554 actores
1155 1519 1366 1554 scalfaudati
1392 1520 1547 1561 fuerant,
1572 1519 1723 1554 dicendo
1753 1521 1860 1563 atque
1884 1519 1999 1563 profe-

383 1575 493 1610 rendo
509 1575 604 1617 quod
621 1577 745 1608 contra
769 1574 883 1608 Deum
911 1575 1044 1617 absque
1060 1585 1168 1608 eausa
1191 1585 1251 1609 seu
1279 1573 1419 1609 ratione
1443 1585 1507 1618 per
1529 1573 1717 1609 avaritiam
1734 1574 1800 1609 sub
1815 1573 1944 1609 umbra
1965 1575 2001 1608 et

384 1630 502 1664 colore
513 1628 676 1673 justitiae
695 1629 896 1673 praedictos
909 1629 989 1672 capi
1001 1628 1040 1662 in
1054 1640 1235 1664 carcerem
1247 1629 1545 1672 scalfaudarique,
1564 1627 1764 1672 praedicari
1779 1630 1816 1664 et
1829 1626 1998 1669 mittrari,

382 1683 653 1727 praedictosque
684 1694 858 1724 excessus,
877 1683 1009 1717 abusus
1025 1686 1060 1718 et
1080 1686 1254 1718 attentata
1272 1682 1351 1717 fieri
1366 1683 1536 1725 fecerant,
1555 1682 1807 1718 commiserant
1821 1685 1856 1718 et
1877 1693 1999 1727 perpe·

380 1740 586 1780 trax-erant3
605 1738 690 1778 Deo,
710 1737 823 1777 nobis,
837 1737 1001 1781 justitiae
1017 1740 1052 1772 et
1072 1736 1278 1771 memoratis
1295 1736 1477 1772 actoribus
1493 1737 1634 1771 veniam
1656 1736 1872 1780 requirendo
1893 1748 1936 1771 ac
1961 1735 2000 1771 in

382 1794 505 1827 eodem
521 1793 599 1827 loco
617 1804 725 1826 unam
744 1804 888 1827 crucem
905 1793 1096 1836 lapideam,
1114 1792 1153 1827 in
1169 1804 1276 1836 quam
1299 1803 1409 1826 unum
1435 1791 1683 1835 epithaphium
1708 1792 1886 1836 affigetur,
1903 1802 2001 1836 prae·

381 1848 513 1882 dictam
537 1847 722 1882 emendam
750 1847 999 1882 honorabilem
1018 1851 1054 1882 et
1075 1846 1339 1891 reparationem
1363 1846 1548 1881 continens
1564 1846 1642 1881 fieri
1658 1849 1694 1881 et
1716 1846 1808 1891 erigi
1823 1845 1998 1888 faciendo,

381 1901 500 1945 ipsum
525 1902 731 1936 Collardum
754 1902 798 1936 de
828 1901 1015 1936 Belloforti
1040 1904 1222 1945 perpetuo,
1251 1901 1457 1936 immediate
1483 1901 1528 1935 ab
1555 1900 1720 1935 omnibus
1744 1899 2001 1935 deffensoribus

383 1956 489 1991 dictis
519 1959 722 1999 exemptum
747 1956 834 1997 fore,
861 1959 896 1990 et
926 1967 990 1999 pro
1014 1956 1164 1990 emenda
1186 1955 1269 1990 utili
1297 1955 1492 1998 quemlibet
1512 1954 1672 1998 ipsorum
1699 1954 1936 1989 deffensorum
1961 1954 2000 1989 in

383 2010 536 2045 solidum
553 2022 640 2054 erga
655 2010 792 2045 dictum
810 2011 854 2044 de
881 2010 1068 2045 Belloforti
1086 2011 1123 2044 in
1139 2011 1261 2045 decem
1278 2013 1314 2045 et
1337 2021 1425 2054 erga
1451 2009 1646 2053 quemlibet
1661 2008 1814 2044 aliorum
1837 2011 2000 2044 actorum

381 2067 419 2100 in
438 2067 547 2101 trium
565 2067 719 2100 millium
747 2070 932 2101 scutorum
959 2066 1041 2100 auri
1069 2067 1217 2100 summis
1247 2069 1282 2101 et
1312 2067 1357 2100 ad
1384 2066 1576 2100 tenendum
1604 2075 1784 2100 carcerem
1810 2064 1999 2099 fermatum

381 2133 492 2164 usque
524 2121 569 2155 ad
600 2120 876 2164 praemissorum
909 2121 1220 2164 complementum,
1257 2120 1470 2155 solutionem
1499 2123 1534 2155 et
1559 2119 1837 2154 satisfactionem
1865 2119 1998 2154 eisdem

381 2175 562 2210 actoribus
578 2175 785 2218 priusquam
799 2174 900 2208 nobis
913 2175 1067 2209 fiendam
1093 2186 1230 2209 necnon
1243 2174 1282 2209 in
1294 2174 1488 2209 eorundem
1501 2177 1664 2209 actorum
1679 2173 1818 2208 damnis
1829 2173 2000 2209 interesse

382 2234 417 2265 et
433 2229 594 2273 expensis
611 2230 920 2264 condemnaretur.

426 2284 616 2319 Memorati
644 2295 728 2318 vero
745 2284 958 2318 deffensores
971 2287 1004 2318 et
1018 2283 1173 2319 intimati
1186 2295 1229 2318 ex
1241 2283 1389 2318 adverso
1403 2283 1573 2318 dixissent
1584 2285 1620 2318 et
1634 2281 1996 2327 praesupposuisseffi,

383 2341 417 2374 et
442 2339 627 2383 signanter
654 2338 770 2372 dictus
800 2337 988 2382 episcopus
1011 2337 1267 2379 AtrebatensiS,
1293 2338 1504 2382 garandiam
1528 2348 1592 2381 pro
1615 2337 1720 2373 dictis
1743 2337 1816 2372 suis
1841 2336 1998 2379 vicariis,

384 2392 548 2436 episcopo
565 2393 608 2426 de
633 2393 780 2433 Baruto,
799 2392 1012 2435 inquisitore
1029 2393 1111 2427 fidei
1130 2404 1172 2427 ac
1188 2392 1338 2427 caeteris
1353 2392 1435 2426 aliis
1450 2392 1489 2426 in
1511 2403 1548 2427 se
1562 2392 1741 2436 suscipere
1755 2392 1888 2433 volens,
1906 2391 2000 2435 quod

383 2448 681 2492 secundumjuris
694 2459 919 2482 communem
935 2447 1200 2492 dispositionem
1229 2447 1424 2492 congnitio‚
1442 2446 1574 2482 decisio
1591 2450 1626 2482 et
1637 2446 1777 2490 punitio
1789 2447 1832 2481 de
1847 2446 2000 2481 nefando

383 2503 542 2538 haeresis
557 2515 618 2538 seu
636 2503 825 2537 idolatriae
849 2503 1001 2538 crimine
1018 2503 1063 2537 ad
1080 2502 1222 2548 judices
1245 2502 1503 2537 ecclesiasticos
1525 2502 1707 2546 spectabat
1729 2513 1771 2536 ac
1786 2500 1998 2545 pertinebat,

384 2558 549 2601 quodque
573 2557 782 2601 principalis
808 2557 972 2599 materia,
997 2558 1040 2592 de
1065 2568 1137 2600 qua
1160 2568 1256 2591 nunc
1279 2557 1454 2601 agebatur
1481 2559 1516 2591 et
1539 2557 1633 2590 unde
1656 2555 1911 2600 appellationes
1936 2566 2001 2599 per

385 2613 498 2646 dictos
514 2613 733 2656 appellantes
751 2615 949 2655 praetentes
974 2612 1223 2655 procedebant,
1242 2622 1349 2655 super
1364 2611 1460 2646 dicto
1483 2610 1634 2645 crimine
1648 2610 1835 2646 ventillata
1849 2608 2000 2649 materia

387 2678 471 2710 prae
487 2666 726 2701 ecclesiastica
749 2670 843 2709 erat3
870 2667 914 2701 de
941 2678 1011 2710 qua
1034 2666 1142 2701 etiam
1168 2666 1317 2701 ecclesia
1333 2665 1371 2700 in
1397 2677 1461 2700 suo
1477 2666 1554 2700 foro
1570 2667 1606 2700 et
1621 2664 1761 2709 judicio
1775 2662 2002 2708 integraliter

386 2723 613 2764 cognoverat,
639 2721 829 2764 taliterque
857 2721 1077 2765 processibus
1101 2720 1219 2755 debite
1245 2719 1348 2755 factis
1374 2731 1475 2754 suam
1505 2719 1716 2755 sententiam
1743 2719 1943 2763 protulerat
1964 2719 2000 2753 et

387 2776 516 2818 partim
534 2775 678 2819 exsequi
695 2777 846 2817 fecerat,
865 2776 992 2819 hisque
1016 2775 1305 2820 praesuppositis,
1324 2774 1491 2809 dicebant
1506 2774 1656 2809 ulterius
1670 2773 1757 2809 dicti
1773 2774 1997 2815 deffensores,

385 2830 480 2873 quod
495 2829 686 2873 quicquam
710 2829 749 2865 in
764 2830 832 2864 hac
848 2833 949 2875 parte
965 2830 1035 2864 nisi
1053 2841 1117 2874 pro
1135 2828 1411 2864 confirmatione
1436 2828 1519 2864 fidei
1549 2828 1747 2864 catholicae
1762 2828 1923 2865 fecerant
1936 2838 1998 2864 seu

385 2887 544 2930 egerant.
