2097 3466
791 224 924 259 ANNO
951 227 1051 259 1460
1684 221 1748 254 363

108 317 213 354 cione
234 322 270 354 et
293 316 519 354 inhibicione
537 316 667 352 debitis
691 320 727 352 et
751 317 789 352 in
812 317 946 352 talibus
970 317 1048 352 fieri
1077 315 1271 352 consuetis.
1291 315 1344 349 Ad
1361 326 1470 358 quam
1487 312 1633 357 quidem
1651 312 1747 347 diem

107 386 170 409 seu
198 373 275 409 eius
302 371 574 417 expedicionem
600 372 722 407 nullus
747 373 929 407 dictorum
955 373 1148 406 citatorum
1175 382 1297 405 coram
1328 371 1430 405 nobis
1458 369 1663 412 comparuit
1686 371 1749 402 aut

107 429 226 474 ipsum
245 428 446 473 Diagonem
470 439 578 472 super
602 428 724 471 aliquo
749 428 870 463 extitit
887 433 1113 472 prosecutus.
1158 427 1388 470 Quapropter
1411 426 1526 459 dictos
1549 426 1691 464 citatos,
1709 427 1750 458 ut

107 485 221 521 moris
237 488 300 525 est,
319 488 465 519 vocatos
477 483 773 527 sufficienterque
786 488 993 527 expectatos
1010 488 1046 518 et
1070 495 1140 518 non
1165 486 1428 525 comparentes,
1447 481 1490 514 de
1514 480 1611 513 dicta
1634 479 1692 513 die
1717 482 1752 512 et

109 539 186 576 eius
213 538 447 583 expedicione
479 539 728 582 reputavimus
759 538 889 573 merito
921 543 1168 573 contumaces.
1193 538 1238 571 Et
1265 537 1302 570 in
1333 547 1458 570 eorum
1483 533 1749 569 contumaciam

109 594 272 630 nolentes
297 594 392 628 sicut
419 604 485 633 nec
517 593 620 628 decet
652 593 829 637 premissa
856 593 954 627 dicto
978 592 1135 637 Diagoni
1158 591 1329 635 imposita
1354 591 1418 624 sub
1443 587 1750 623 dissimulacionis

108 649 219 694 pallio
251 648 483 693 pertransire,
516 647 577 681 sed
625 647 752 691 pocius
784 648 981 691 cupientes,
1015 651 1123 689 prout
1160 652 1327 681 tenemur
1358 649 1551 686 nostroque
1582 641 1751 678 incubuit

109 703 241 746 officio,
258 702 397 738 dictum
427 701 642 745 Diagonem,
662 713 778 742 rcum,
797 702 826 735 si
852 706 888 736 et
915 701 1088 745 quatinus
1111 701 1316 744 reperiatur
1333 698 1538 742 culpabilis,
1563 698 1749 741 corrigere

110 762 146 794 et
161 757 482 803 punire,viajuris,
498 757 599 791 litem
618 769 660 792 ex
679 757 802 791 officio
819 762 954 798 nostro,
971 757 1128 792 instante
1145 759 1351 800 promotore
1367 765 1558 789 causarum
1576 752 1749 792 eiusdem,

109 817 237 848 contra
267 824 350 848 eum
377 811 616 851 instituimus,
636 811 779 854 sibique
806 812 990 854 premissa,
1016 812 1096 845 loco
1121 812 1215 845 fame
1239 814 1274 843 et
1298 809 1383 844 facti
1408 808 1660 847 articulorum,
1688 817 1751 849 per

108 866 247 902 dictum
264 869 507 909 promotorem
525 864 665 909 imponi
684 865 849 909 fecimus,
868 866 911 899 ad
931 866 1039 900 finem
1056 864 1261 909 punicionis
1276 863 1450 898 canonice
1468 863 1502 896 in
1517 861 1612 905 J'uris
1637 861 1752 894 sorma

109 922 379 963 concludentes,
401 922 592 966 ipsumque
610 922 816 966 Diagonem
834 933 942 965 super
961 922 1094 956 eisdem
1112 919 1296 964 premissis
1317 919 1386 953 sibi
1411 917 1588 961 impositis
1605 916 1753 959 eiusque

111 978 182 1012 fide
205 981 241 1012 et
263 977 481 1012 credulitate
508 988 550 1011 ac
578 975 662 1010 aliis
686 977 898 1011 necessariis
922 976 1231 1020 interrogavimus
1253 974 1450 1019 diligenter
1474 978 1509 1007 et
1533 972 1754 1006 examinavi-

110 1043 204 1067 mus.
223 1032 270 1066 Et
285 1030 420 1066 auditis
436 1031 597 1065 eiusdem
623 1031 799 1075 Diagonis
826 1031 1058 1075 responsione
1082 1029 1467 1071 excusacionibusque,
1485 1027 1754 1063 defensionibus

109 1086 155 1121 ad
179 1085 353 1129 premissa
375 1085 520 1127 secutis,
538 1085 695 1129 visisque
720 1085 882 1129 plurium
907 1085 1055 1120 testium
1080 1086 1118 1119 in
1149 1085 1218 1119 hac
1243 1088 1345 1127 parte
1368 1084 1412 1118 de
1436 1083 1605 1117 mandato
1631 1086 1753 1116 nostro

109 1141 320 1176 auditorum
352 1141 646 1186 deposicionibus
673 1153 714 1176 ac
746 1142 832 1185 ipsis
859 1141 1008 1176 attentis
1026 1153 1183 1176 unacum
1201 1141 1294 1181 aliis,
1313 1151 1384 1183 que
1415 1139 1577 1173 animum
1609 1147 1753 1171 movere

108 1195 322 1240 debuerant,
339 1196 485 1232 tandem
501 1197 560 1232 die
578 1197 755 1232 hodierna
779 1198 994 1241 subscripta,
1021 1197 1187 1241 partibus
1210 1197 1297 1240 ipsis
1320 1197 1364 1230 ad
1390 1194 1611 1230 audiendum
1632 1197 1692 1236 jiis
1716 1196 1752 1226 et

109 1251 294 1286 decretum
325 1256 489 1287 nostrum
520 1253 596 1287 sive
626 1258 787 1287 nostram
811 1254 1033 1288 sentenciam
1059 1252 1291 1286 diffinitivam
1315 1263 1423 1294 super
1446 1249 1630 1294 premissis
1653 1254 1688 1283 et
1713 1248 1750 1281 in

108 1305 178 1341 hac
195 1309 298 1350 parte
313 1317 378 1350 per
393 1319 458 1342 nos
472 1308 541 1343 sibi
564 1309 638 1343 dici
659 1312 694 1343 et
710 1307 866 1353 proferri
884 1309 1022 1352 prefixa
1039 1313 1074 1344 et
1098 1309 1294 1353 assignata,
1315 1306 1609 1350 comparentibus
1633 1315 1751 1347 perso-

110 1361 245 1397 naliter
261 1365 295 1396 et
311 1362 518 1397 constitutis
541 1375 663 1398 coram
681 1364 784 1398 nobis
801 1365 839 1398 in
857 1363 1000 1407 judicio
1024 1363 1120 1404 fidei,
1135 1363 1304 1397 videlicet
1321 1363 1359 1398 in
1382 1362 1466 1395 aula
1491 1360 1591 1394 curie
1615 1359 1748 1401 episco-

109 1416 203 1461 palis
219 1416 472 1460 Tornacensis‚
491 1423 699 1461 promotore
715 1419 862 1453 nomine
878 1429 951 1461 quo
967 1429 1076 1461 supra
1093 1429 1136 1452 ex
1154 1430 1238 1458 una,
1259 1423 1293 1452 et
1316 1416 1570 1459 prenominato
1587 1414 1751 1457 Diagone

109 1471 185 1506 sive
226 1470 362 1506 Jacobo
400 1472 444 1506 de
487 1474 677 1515 Gommiel,
721 1473 940 1517 prisionario
984 1476 1120 1513 nostro,
1163 1484 1237 1514 reo,
1279 1483 1435 1506 unacum
1483 1469 1754 1505 venerabilibus

109 1530 146 1562 et
175 1525 342 1561 discretis
379 1527 469 1562 viris
506 1529 683 1572 magistro
722 1528 890 1563 Johanne
930 1528 973 1563 de
1008 1529 1194 1569 Zadelare,
1235 1529 1423 1567 advocato,
1458 1532 1492 1560 et
1531 1525 1676 1567 Rogero
1710 1523 1754 1558 de

110 1581 328 1622 Crudenare,
355 1587 602 1626 procuratore,
630 1589 665 1617 et
688 1582 907 1617 consiliariis
930 1583 1004 1618 suis
1028 1595 1071 1618 ex
1096 1585 1223 1624 altera,
1249 1582 1413 1626 partibus
1437 1580 1642 1625 petentibus
1666 1590 1749 1613 cum

111 1636 292 1671 instancia
316 1642 350 1671 et
375 1637 646 1680 requirentibus
668 1642 729 1682 jus
759 1642 794 1672 et
816 1638 1002 1673 decretum
1042 1642 1205 1673 nostrum
1237 1638 1312 1672 sive
1344 1640 1505 1671 nostram
1537 1633 1753 1670 sententiam

109 1691 344 1726 diffinitivam
368 1703 478 1736 super
500 1693 685 1736 premissis
709 1698 743 1727 et
771 1693 809 1727 in
834 1693 903 1728 hac
927 1704 1037 1728 causa
1060 1704 1124 1736 per
1150 1704 1215 1728 nos
1238 1692 1307 1726 sibi
1341 1692 1413 1726 dici
1437 1695 1471 1725 et
1496 1689 1662 1734 proferri,
1690 1700 1754 1723 nos

112 1745 152 1781 in
163 1745 305 1791 judicio
329 1747 374 1781 ad
397 1750 484 1791 jura
507 1747 732 1782 reddendum
758 1759 824 1792 pro
848 1749 1026 1783 tribunali
1050 1749 1214 1784 sedentes
1238 1752 1273 1782 et
1295 1747 1470 1781 habentes
1493 1745 1610 1779 solum
1639 1744 1754 1778 Deum

111 1812 177 1845 pre
192 1800 319 1842 oculis,
337 1802 382 1836 ad
407 1806 568 1837 nostram
586 1802 624 1837 in
648 1802 717 1837 hac
735 1806 838 1846 parte
851 1805 1076 1838 sentenciam
1093 1803 1325 1838 diffinitivam
1351 1801 1590 1846 processimus
1605 1810 1757 1841 eamque

112 1856 278 1901 partibus
294 1857 380 1901 ipsis
397 1869 505 1901 super
521 1858 706 1902 premissis
723 1863 757 1894 et
775 1860 813 1894 in
830 1860 900 1894 hac
924 1863 1026 1903 parte
1045 1859 1204 1893 diximus
1222 1863 1257 1893 et
1280 1858 1500 1902 protulimus
1531 1855 1758 1898 dicimusque

112 1916 149 1948 et
165 1912 385 1957 proferimus
401 1912 440 1947 in
456 1913 601 1957 scriptis
617 1913 655 1948 in
674 1913 772 1949 hunc
789 1915 937 1949 modum
954 1926 962 1948 :

157 1968 198 2002 ln
230 1967 377 2002 nomine
409 1967 539 2002 Sancte
563 1971 599 2002 et
622 1967 814 2004 individue
839 1969 1032 2004 Trinitatis
1056 1969 1178 2004 Patris
1201 1973 1236 2004 et
1259 1968 1345 2002 Filii
1371 1972 1406 2002 et
1432 1966 1589 2010 Spiritus
1618 1964 1755 2005 Sancti,

113 2022 332 2058 amen.Visis
348 2034 412 2067 per
429 2034 494 2058 nos
510 2023 604 2058 fame
618 2028 654 2058 et
671 2023 759 2058 sacti
773 2024 941 2059 articulis
957 2025 1112 2069 Diagoni
1131 2020 1757 2060 siveJacobodeGommie1,clerico,

112 2077 277 2122 hispano,
301 2083 423 2113 nostre
453 2083 489 2113 et
512 2078 614 2113 curie
638 2083 764 2114 sancte
785 2079 1039 2122 Inquisicionis
1067 2079 1297 2124 prisionario,
1325 2090 1398 2120 ree,
1425 2089 1467 2112 ex
1491 2077 1610 2111 officio
1637 2079 1758 2109 nostro

113 2132 271 2168 instante
287 2137 496 2176 promotore
520 2144 714 2168 causarum
741 2134 1118 2179 eiusdem,impositis,
1134 2135 1293 2178 dictique
1302 2132 1596 2177 responsionibus
1606 2135 1759 2165 etexcu-

111 2187 318 2222 sacionibus
348 2188 394 2222 ad
425 2188 569 2223 eosdem
598 2189 744 2231 secutis,
765 2201 923 2224 unacum
953 2190 1116 2234 plurium
1144 2189 1289 2224 testium
1319 2201 1426 2232 super
1453 2189 1522 2223 hoc
1550 2187 1757 2221 auditorum

113 2241 406 2285 deposicionibus
422 2242 511 2286 ipsis
533 2254 677 2286 quoque
704 2244 855 2279 attentis
878 2255 962 2279 cum
987 2244 1128 2286 ceteris,
1144 2256 1214 2288 que
1238 2244 1401 2278 animum
1427 2248 1589 2277 nostrum
1614 2251 1759 2275 movere

109 2295 326 2338 debuerunt,
338 2297 382 2332 de
399 2297 560 2342 plurium
580 2299 836 2344 theologorum
854 2311 895 2334 ac
911 2299 1211 2343 jurisperitorum
1227 2299 1379 2334 consilio
1392 2298 1530 2342 pariter
1547 2303 1580 2332 et
1598 2307 1756 2335 assensu,

113 2353 295 2396 prefatum
318 2364 419 2388 reum
438 2355 483 2389 ab
501 2354 635 2390 eisdem
662 2355 829 2390 articulis
853 2356 1074 2391 absolvimus
1097 2359 1132 2390 et
1157 2367 1177 2389 a
1201 2355 1306 2390 nobis
1330 2359 1364 2389 et
1388 2354 1490 2389 curia
1516 2356 1637 2387 nostra
1661 2355 1760 2385 ante-

111 2406 210 2442 dicta
227 2407 424 2444 liberamus
440 2413 476 2444 et
492 2410 594 2445 abire
619 2410 881 2454 permittimus.
901 2410 1094 2452 Quocirca,
1122 2414 1196 2445 tam
1217 2410 1405 2445 ordinaria
1429 2420 1538 2451 quam
1563 2406 1760 2451 apostolica

112 2463 393 2498 auctoritatibus
409 2464 541 2507 quibus
560 2465 752 2510 fungimur
771 2466 808 2500 in
825 2465 894 2500 hac
912 2470 1026 2510 parte.
1045 2465 1148 2500 vobis
1164 2465 1332 2500 omnibus
1349 2472 1384 2499 ct
1407 2463 1561 2507 singuli>-
1579 2462 1761 2505 presbytc-

113 2518 176 2560 ris,
190 2519 327 2554 curatis
343 2523 378 2555 et
394 2531 467 2554 non
481 2521 629 2562 curatis,
649 2521 874 2565 notariisque
890 2526 925 2556 et
941 2521 1200 2556 tabellionibus
1217 2520 1373 2565 publicis
1391 2519 1541 2554 ubilibet
1556 2516 1761 2552 constitutis

112 2573 328 2609 mandamus
350 2574 520 2617 quatinus
549 2575 722 2618 premissa
750 2576 875 2611 omnia
902 2581 940 2610 et
967 2576 1113 2621 singula
1142 2577 1285 2618 legatis,
1319 2575 1522 2619 publicetis,
1554 2571 1758 2613 notificetis,

113 2627 291 2663 intimetis
307 2629 558 2670 etinsinuetis,
578 2630 654 2668 ubi.
674 2630 819 2673 quando
836 2642 877 2665 ac
895 2631 1034 2666 tociens
1057 2631 1230 2674 quociens
1254 2642 1344 2674 opus
1371 2629 1479 2663 suerit
1503 2633 1538 2662 et
1561 2638 1670 2671 super
1692 2626 1760 2661 hoc

113 2683 257 2720 fueritis
284 2684 450 2729 requisiti
478 2695 541 2719 seu
575 2692 737 2719 vestrum
771 2685 864 2720 alter
897 2686 1010 2720 suerit
1036 2686 1246 2729 requisitus.
1287 2685 1325 2719 In
1353 2695 1508 2727 quorum
1532 2683 1695 2717 omnium
1726 2687 1760 2716 et

112 2737 343 2781 singulorum
361 2739 468 2774 fidem
494 2744 529 2773 et
553 2739 802 2774 testimonium
830 2740 1089 2784 premissorum
1117 2744 1300 2784 presentes
1323 2739 1463 2773 litteras
1490 2739 1565 2772 sive
1589 2737 1656 2772 hoc
1681 2749 1761 2781 pre-

113 2803 195 2828 sens
233 2793 422 2837 publicum
452 2795 739 2829 instrumentum
771 2806 834 2838 per
876 2795 1049 2830 dilectum
1083 2800 1245 2830 nostrum
1287 2795 1530 2830 XValrandum
1570 2794 1613 2828 de
1652 2793 1760 2828 Baus-

114 2849 258 2892 fremez,
289 2849 478 2890 clericum,
513 2850 702 2884 notarium
728 2850 916 2894 publicum
947 2850 1113 2894 dicteque
1137 2850 1238 2885 curie
1270 2850 1484 2894 episcopalis
1521 2849 1762 2884 Tornacensis

115 2915 158 2940 ac
194 2907 360 2939 nostrum
395 2904 434 2939 in
474 2904 541 2938 hac
583 2909 686 2948 parte
728 2905 886 2940 scribam
921 2909 1100 2950 juratum,
1143 2905 1222 2941 fieri
1260 2904 1472 2949 signarique
1511 2910 1547 2940 et
1583 2903 1760 2939 subscribi
