2097 3466
316 228 378 260 162
991 224 1121 259 ANNO
1148 225 1245 258 1311

321 320 602 364 kanunniken
645 320 686 363 in
723 320 840 363 ieder
871 319 1032 362 bisdom
1057 319 1109 361 de
1132 317 1475 374 Tempelridders
1509 331 1616 362 naar
1652 318 1937 375 goeddunken

320 391 459 433 zullen
483 389 780 432 onderzoeken
815 403 867 431 en
890 388 1140 438 vonnissen‚
1163 387 1322 429 zonder
1355 389 1397 430 te
1432 387 1676 430 verzuimen
1701 386 1862 444 daarbij
1887 387 1938 430 de

318 457 642 513 medewerking
674 458 750 500 der
787 457 1025 513 pauselijke
1064 456 1342 511 inquisiteurs
1381 469 1465 498 van
1503 455 1644 498 iedere
1683 455 1938 512 geestelijke

320 527 536 582 provincie
562 527 603 569 in
628 529 671 569 te
689 540 862 582 roepen.

364 649 525 683 Clemens
540 649 737 692 episcopus,
756 660 877 683 servus·
894 658 1077 681 servoriun
1098 646 1174 687 Dei,
1193 646 1459 681 venerabilibus
1485 647 1656 682 fratribus
1672 647 1939 692 archiepiscopo

320 703 520 739 Coloniensi
537 705 685 747 ejusque
701 702 950 746 suffraganeis,
970 702 1119 736 salutem
1138 705 1173 736 et
1188 702 1420 745 apostolicam
1438 702 1735 737 benedictionem.

437 758 569 793 Verum
587 758 671 802 quia
695 758 731 792 in
758 757 932 792 universis
956 756 1080 791 mundi
1105 756 1278 800 partibus,
1298 768 1361 800 per
1384 768 1470 800 quas
1497 757 1591 792 idem
1615 757 1702 791 ordo
1726 755 1941 792 diffunditur

318 825 360 848 ac
384 814 511 848 fratres
527 813 663 857 degunt
679 813 802 856 ipsius,
821 824 929 856 super
945 812 999 846 his
1025 823 1095 846 non
1120 823 1306 855 possumus
1330 811 1513 855 inquirere
1530 823 1593 856 per
1610 824 1673 847 nos
1689 812 1794 856 ipsos,
1813 813 1939 848 frater—

319 869 423 903 nitati
447 873 585 904 vestrae
607 869 650 902 de
675 869 828 903 fratrum
857 872 1060 902 nostrorum
1085 867 1234 902 consilio
1262 879 1325 911 per
1348 867 1543 912 apostolica
1558 868 1692 912 scripta
1714 868 1938 910 mandamus,

319 927 494 967 quatenus
510 934 572 957 vos
595 925 630 957 et
653 923 805 966 quilibet
827 926 985 957 vostrum
1012 922 1179 957 videlicet
1206 922 1243 956 in
1268 922 1341 957 suis
1366 922 1512 957 civitate
1534 925 1569 958 et
1593 922 1745 958 dioecesi
1769 933 1842 958 una
1858 933 1940 957 cum

320 978 585 1013 venerabilibus
622 977 793 1011 fratribus
832 976 962 1010 nostris
998 974 1286 1019 Moguntinensi‚
1322 974 1533 1010 Trevercnsi
1571 978 1606 1010 et
1636 973 1941 1019 Magdeburgensi

321 1033 599 1078 archiepiscopis
625 1044 667 1067 ac
698 1031 892 1066 Basilecnsi
916 1033 951 1065 01
976 1030 1237 1065 Constantiensi
1265 1029 1439 1074 episcopis
1467 1033 1503 1065 et
1532 1029 1672 1065 dilectis
1703 1029 1788 1064 filiis
1813 1030 1941 1064 abbate

321 1088 528 1123 monasterii
552 1088 596 1122 (10
613 1086 782 1122 Crudalio
798 1090 833 1120 et
856 1085 976 1129 priore
991 1085 1035 1119 de
1053 1085 1176 1129 Longo
1195 1085 1309 1119 Ponte
1326 1083 1571 1119 Cluniacensis
1591 1083 1739 1126 ordinis,
1757 1083 1942 1119 Vivarien-

320 1144 367 1177 sis
390 1148 425 1178 et
449 1142 662 1178 Parisiensis
685 1140 866 1181 dioecesis,
887 1140 1001 1174 Paulo
1025 1140 1069 1174 (10
1093 1140 1289 1174 Cadarossa
1315 1139 1516 1183 praeposito
1541 1138 1789 1181 Cavallicensi,
1806 1139 1942 1175 decano

320 1198 434 1233 sancti
459 1197 613 1233 Servatii
638 1195 889 1240 Trajeetensis,
909 1195 1082 1239 magistro
1099 1195 1284 1229 Bernardo
1302 1193 1499 1229 Raimundi
1523 1193 1778 1229 archidiacono
1793 1193 1942 1238 Majori-

319 1252 428 1293 censi,
462 1252 601 1286 Joanne
631 1251 727 1286 dicto
757 1251 964 1294 presbytero
997 1250 1121 1294 Longo
1150 1249 1311 1284 Tullensi
1343 1249 1529 1292 capellano
1560 1251 1682 1284 nostro
1708 1250 1745 1284 et
1769 1248 1942 1293 magistro

320 1306 514 1341 Laurentio
541 1307 585 1341 de
613 1306 822 1341 Fuseiberte
849 1305 1019 1340 basilicae
1041 1307 1186 1340 sanctae
1212 1304 1352 1340 Mariae
1381 1305 1529 1348 majoris
1556 1305 1600 1340 de
1628 1303 1737 1346 Urbe,
1756 1303 1942 1339 canonicis

323 1359 569 1401 ecclesiarum,
599 1361 656 1395 vel
683 1359 862 1401 undecim,
879 1359 1014 1401 (1000111,
1040 1370 1180 1399 novem,
1200 1361 1292 1400 octo,
1323 1360 1467 1402 septem,
1487 1369 1558 1400 sex,
1585 1358 1755 1403 quinque,
1774 1360 1941 1403 quatuor,

319 1416 446 1457 tribus,
465 1416 603 1451 duobus
627 1418 690 1450 aut
714 1426 785 1449 uno
807 1425 851 1448 ex
874 1413 971 1457 ipsis,
990 1425 1078 1457 quos
1100 1413 1200 1447 vobis
1223 1412 1262 1447 in
1282 1413 1352 1447 hac
1368 1416 1470 1457 parte
1484 1415 1631 1457 propter
1647 1412 1785 1458 negotii
1800 1413 1940 1458 magni-

316 1471 478 1505 tudinem
494 1470 661 1505 duximus
678 1469 937 1515 adjungendos,
954 1469 1090 1503 vocatis
1113 1479 1177 1512 per
1201 1467 1386 1512 publicum
1410 1467 1591 1503 citationis
1613 1467 1771 1503 edictum
1794 1479 1859 1512 per
1880 1479 1943 1503 vos

316 1530 352 1561 et
375 1525 469 1569 ipsos
485 1526 673 1569 adjunctos
689 1525 745 1559 vel
769 1535 893 1558 eorum
910 1523 1049 1566 aliquos
1065 1522 1138 1557 sive
1155 1522 1312 1566 aliquem
1337 1522 1375 1556 in
1398 1522 1486 1557 locis
1509 1523 1553 1557 de
1570 1523 1700 1566 quibus
1714 1522 1816 1558 vobis
1839 1524 1876 1558 et
1897 1522 1944 1557 iis

320 1580 501 1615 videbitur
524 1580 740 1620 faciendum,
760 1578 823 1622 qui
845 1578 980 1613 fuerint
1002 1577 1174 1612 evocandi
1199 1580 1325 1612 contra
1347 1577 1549 1622 singulares
1572 1589 1741 1622 personas
1757 1579 1792 1613 01
1814 1577 1944 1613 fratres

321 1634 408 1668 dicti
432 1634 568 1669 ordinis
590 1635 629 1668 in
645 1633 851 1669 civitatibus
866 1636 901 1668 et
925 1632 1146 1667 dioecesibus
1161 1632 1288 1667 vestris
1311 1632 1492 1676 degentes,
1511 1632 1651 1667 etiamsi
1676 1632 1823 1667 aliunde
1839 1643 1942 1667 vene-

321 1688 395 1723 rint
410 1689 466 1723 vel
482 1689 569 1723 illuc
585 1689 731 1724 adducti
747 1689 869 1723 forsan
884 1687 1079 1728 extiterint,
1098 1698 1206 1731 super
1221 1686 1385 1722 articulis
1403 1698 1490 1731 quos
1506 1687 1607 1722 vobis
1623 1688 1688 1722 sub
1708 1687 1806 1722 bulla
1822 1690 1944 1722 nostra

321 1742 477 1776 inclusos
503 1743 780 1777 transmittimus
806 1746 841 1777 01
868 1753 974 1785 super
1001 1741 1094 1783 aliis,
1125 1741 1168 1776 de
1199 1741 1328 1784 quibus
1355 1741 1568 1785 prudentiae
1598 1744 1736 1777 vestrae
1762 1741 1945 1777 videbitur

322 1797 501 1840 expedire,
520 1797 707 1832 veritatem
724 1808 806 1831 cum
823 1796 1014 1841 diligentia
1029 1796 1233 1840 inquiratis

362 1851 537 1886 Volumus
564 1852 720 1895 insuper,
741 1852 837 1896 quod
860 1851 1093 1895 inquisitione
1116 1862 1178 1886 seu
1205 1850 1501 1895 inquisitionibus
1523 1850 1730 1896 hujusmodi
1754 1850 1857 1886 factis
1881 1861 1945 1895 per

319 1907 540 1952 provinciale
556 1907 750 1943 concilium
775 1910 900 1942 eontra
927 1907 1020 1950 ipsos
1044 1906 1247 1951 singulares
1264 1918 1432 1950 personas
1456 1909 1492 1941 et
1514 1907 1653 1948 fratres,
1673 1906 1735 1951 qui
1757 1906 1797 1941 in
1820 1906 1944 1941 eadem

319 1962 506 2005 provincia
522 1961 656 1997 fuerint
673 1974 734 1997 5011
759 1973 824 2006 pro
843 1962 904 2003 eis,
923 1972 1030 2005 super
1045 1961 1102 1995 his
1117 1961 1161 1996 de
1177 1961 1306 2005 quibus
1323 1963 1448 1996 contra
1464 1972 1523 1996 eos
1544 1961 1758 2005 inquisitum
1771 1959 1941 2002 extiterit,

317 2017 539 2052 absolutoria
565 2029 626 2052 seu
655 2017 949 2053 condemnatoria
970 2019 1076 2061 juxta
1101 2018 1198 2061 juris
1223 2016 1443 2061 exigentiam
1474 2017 1701 2060 proferatur3
1731 2013 1944 2058 inquisitore

319 2072 554 2107 nihilominus
576 2084 637 2107 seu
662 2072 936 2116 inquisitoribus
959 2072 1118 2116 ejusdem
1142 2071 1329 2115 pravitatis
1370 2071 1573 2106 haereticae
1596 2070 1635 2105 in
1657 2069 1736 2113 ipsa
1757 2068 1944 2113 provincia

320 2138 385 2170 per
415 2127 532 2161 sedem
557 2127 788 2171 apostolicam
812 2126 991 2170 deputatis
1024 2128 1098 2160 tam
1122 2127 1167 2160 ad
1197 2126 1311 2161 dictas
1337 2125 1588 2169 inquisitiones
1612 2135 1720 2168 quam
1743 2123 1790 2159 ad
1819 2124 1942 2168 hujus-

323 2180 419 2215 modi
437 2181 673 2224 prolationem
689 2181 886 2216 scntentiae
901 2181 1120 2216 admissis...

367 2236 498 2270 Datum
516 2236 685 2278 pictavis,
704 2237 859 2271 secundo
876 2237 956 2270 idus
972 2235 1139 2280 Augusti,
1158 2235 1387 2280 pontificatus
1403 2235 1515 2271 nostri
1538 2246 1633 2270 anno
1649 2234 1768 2271 tertio.

669 2312 800 2353 Mansi,
819 2312 899 2347 (1001
915 2311 1034 2354 XXV,
1053 2312 1120 2346 blz.
1140 2314 1203 2346 404
1219 2323 1264 2346 en
1281 2313 1355 2346 405.
1369 2330 1413 2336 -—
1427 2311 1512 2346 Men
1528 2314 1629 2352 weet,
1644 2311 1706 2346 dat
1720 2311 1764 2346 de
1780 2309 1866 2345 orde
1880 2309 1945 2345 der

715 2367 1003 2412 Tempelridders
1019 2379 1064 2411 op
1087 2367 1148 2402 het
1170 2367 1366 2411 Algemeen
1384 2366 1543 2402 Concilie
1559 2377 1629 2401 van
1645 2365 1795 2408 Vienne,
1814 2365 1854 2400 in
1867 2364 1943 2400 het-

711 2423 822 2457 zelfde
833 2424 918 2466 jaar
931 2424 1013 2456 1311
1027 2421 1229 2465 gehouden,
1241 2433 1384 2466 wegens
1399 2421 1541 2464 ketterij
1556 2432 1601 2455 en
1616 2420 1749 2456 andere
1760 2419 1945 2455 misdaden

712 2477 913 2521 afgeschaft
936 2477 1035 2511 werd
1051 2487 1095 2511 011
1111 2477 1172 2510 dat
1197 2476 1274 2511 veel
1297 2476 1465 2510 broeders
1480 2475 1544 2510 der
1559 2475 1646 2510 orde
1661 2474 1700 2509 in
1715 2473 1945 2518 verschillige

713 2533 843 2568 landen
860 2535 911 2567 tot
927 2532 996 2566 den
1013 2532 1242 2575 brandstapel
1258 2531 1402 2566 werden
1418 2531 1603 2575 gedoemd.

1079 2682 1194 2726 169.

385 2807 522 2858 1311,
550 2809 787 2864 Λυρκείας
813 2809 886 2861 12,
912 2809 1123 2851 Poicz'ers.
1152 2807 1391 2851 Uittreksel
1425 2808 1488 2849 uit
1511 2820 1617 2849 eene
1637 2805 1711 2849 bul
1733 2819 1818 2850 van
1850 2805 1944 2849 Cle-

322 2888 441 2918 mens
466 2877 521 2928 V,
549 2877 718 2931 gericht
739 2880 805 2920 tot
826 2877 877 2919 de
900 2876 1305 2932 aartsbisschoppen
1326 2890 1408 2918 van
1434 2876 1588 2930 Mainz‚
1611 2876 1734 2919 Trier
1751 2889 1804 2919 en
1823 2875 1949 2930 Mag-,
