2097 3466
750 242 884 279 ANNO
910 243 1010 278 1215
1655 246 1697 279 07

65 347 273 378 waarvan
305 334 468 391 gezegd
491 335 634 380 wordt
656 335 730 380 dat
752 338 805 394 zij
832 338 999 381 ketters
1029 335 1175 388 bevat,
1210 336 1277 379 231
1310 337 1385 379 ten
1409 336 1567 381 minste
1590 351 1693 382 eens

63 402 109 446 in
130 402 160 447 ‘t
176 404 277 461 Jaar
293 403 398 446 door
430 404 511 447 den
535 404 733 462 bisschop
756 406 804 449 of
820 407 932 464 zijne
956 407 1368 462 plaatsvervangers
1385 405 1564 450 bezocht
1581 420 1696 451 wor-

64 471 162 515 den.
184 471 348 516 Alsdan
372 473 437 516 zal
463 487 560 516 men
585 488 665 517 aan
690 475 845 518 enkele
863 475 1084 518 inwoners
1109 473 1156 517 os
1167 488 1247 517 aan
1270 473 1320 516 de
1339 475 1529 530 gansche
1548 475 1694 519 hevol-

64 539 172 597 king
196 541 277 584 den
301 541 377 584 eed
401 542 510 585 doen
535 542 748 600 afleggen,
771 544 844 586 dat
879 558 976 587 men
1015 543 1071 601 bij
1097 543 1179 586 den
1217 542 1416 599 bisschop
1449 544 1693 602 aanklagen

62 609 127 652 231
150 610 278 652 alwie
315 610 460 654 ketter
497 611 532 653 is
567 612 614 654 os
643 613 840 668 geheime
875 612 1217 670 bijeenkomsten
1251 612 1402 654 houdt.
1441 613 1499 655 De
1535 628 1693 670 nauge-

61 677 276 735 klaagden
300 679 365 721 231
388 679 439 722 (13
462 679 660 736 bissehop
687 680 791 724 νόόΓ
819 682 913 724 21011
938 682 1077 738 dagen
1101 695 1154 723 en
1180 681 1430 723 vonnissen.
1470 683 1690 738 Degenen,

62 746 129 790 die
165 747 319 790 zulken
347 748 423 790 eed
448 749 685 805 weigeren,
713 751 855 793 21111311
889 765 995 793 voor
1028 751 1198 793 ketters
1231 749 1459 805 gehouden
1494 753 1687 795 worden.

62 816 120 859 De
144 817 334 873 nalatige
366 816 649 874 bissehoppen
688 820 830 862 zallen
869 819 1081 876 afgesteld
1125 833 1179 861 en
1222 832 1473 875 vervangen
1514 822 1690 865 worden

61 884 166 928 door
186 885 361 938 andere,
388 886 454 929 die
477 886 529 930 de
551 887 725 945 ketterij
752 889 900 932 willen
919 903 971 932 en
996 889 1174 931 kunnen
1198 887 1429 931 uitroeien.

678 1016 746 1050 III.
775 1017 828 1050 De
850 1017 1070 1051 Haereticis.

102 1114 464 1151 Excommunicamus
477 1116 512 1148 et
524 1114 869 1149 anathematizamus
883 1126 1024 1150 omnem
1039 1113 1216 1149 haeresim
1230 1114 1460 1149 extollentem
1471 1124 1507 1148 se
1521 1114 1691 1149 adversus

58 1169 152 1206 hanc
175 1174 336 1205 sanctam
360 1168 596 1203 orthodoxam
622 1168 839 1203 catholicam
872 1169 989 1210 tidem,
1009 1181 1117 1212 (1113111
1149 1169 1314 1212 superius
1337 1170 1579 1213 exposuimus,
1607 1184 1690 1206 con-

56 1226 265 1261 demnantes
292 1225 477 1260 universos
512 1226 725 1267 haereticos,
757 1226 1044 1269 quibuscumque
1082 1226 1288 1261 nominibus
1323 1234 1549 1268 censeantur,
1579 1229 1688 1263 facies

58 1281 203 1325 quidem
232 1281 404 1316 habentes
434 1281 604 1322 diversas,
623 1281 685 1316 sed
717 1282 851 1316 caudas
875 1280 1079 1316 adinvicem
1103 1281 1304 1325 colligatas,
1324 1283 1410 1325 quia
1441 1284 1484 1318 de
1516 1284 1691 1320 varietate

57 1336 277 1372 conveniunt
292 1336 331 1371 in
347 1336 384 1371 id
400 1337 528 1380 ipsum.

101 1392 269 1427 Damnati
290 1404 375 1428 vero
393 1392 638 1428 saecularibus
656 1392 893 1437 potestatibus
917 1393 1153 1436 praesentibus
1177 1396 1241 1427 aut
1263 1404 1389 1429 eorum
1415 1395 1558 1430 bailivis
1581 1397 1689 1431 relin-

56 1453 216 1495 quantur
227 1448 538 1484 animadversione
550 1448 672 1483 debita
685 1448 870 1492 puniendi,
881 1448 1023 1483 clericis
1040 1448 1140 1492 prius
1153 1460 1173 1483 3
1186 1448 1261 1483 51115
1273 1450 1461 1485 ordinibus
1469 1452 1687 1496 degradatis,

55 1507 108 1542 ita
138 1506 235 1550 quod
260 1505 355 1540 bona
384 1503 592 1548 hujusmodi
623 1505 889 1545 damnatorum,
919 1505 949 1538 si
977 1504 1062 1539 laici
1091 1504 1237 1545 fuerint,
1269 1506 1521 1548 confiscentur,
1547 1507 1576 1541 si
1604 1519 1690 1543 vero

55 1561 192 1602 elerici,
209 1560 438 1605 applicentur
451 1559 612 1594 ecelesiis
628 1570 650 1593 a
662 1559 794 1603 quibus
806 1559 984 1604 stipendia
1000 1562 1251 1603 perceperunt.

99 1616 170 1658 Qui
187 1620 307 1651 autem
324 1615 462 1650 inventi
479 1614 615 1649 fuerint
631 1615 706 1650 5013
733 1615 937 1660 suspicione
960 1617 1148 1658 notabiles,
1169 1617 1236 1652 nisi
1257 1619 1363 1661 juxta
1385 1616 1690 1652 considerationes

55 1671 268 1716 suspicionis
285 1670 568 1715 qualitatemque
599 1681 772 1714 personae
804 1671 987 1714 propriam
1012 1671 1257 1707 innocentiam
1281 1684 1444 1717 congrua
1472 1672 1689 1716 purgatione

55 1726 346 1767 monstraverint,
372 1725 612 1760 anathematis
637 1725 759 1769 gladio
783 1725 962 1760 feriantur
988 1732 1023 1761 et
1047 1738 1159 1770 usque
1183 1728 1229 1761 ad
1252 1727 1533 1762 satisfactionem
1565 1727 1685 1761 condi-

54 1793 176 1827 gnam,
194 1782 240 1816 ab
255 1781 422 1816 omnibus
440 1779 641 1823 evitentur3
660 1780 712 1814 ita
728 1781 822 1823 quod
838 1780 867 1814 si
886 1792 949 1824 per
964 1792 1099 1815 annum
1118 1782 1156 1816 in
1171 1781 1546 1817 excommunicatione
1562 1782 1686 1826 persti-

53 1837 176 1879 terint,
194 1840 326 1872 extunc
338 1836 438 1871 velut
453 1835 627 1870 haeretici
646 1836 941 1871 condemnentur.

96 1890 315 1926 Moneantur
326 1893 447 1924 autem
460 1892 496 1924 et
504 1889 725 1924 inducantur
737 1893 783 1931 et,
794 1889 823 1924 si
840 1901 981 1925 necesse
992 1890 1112 1931 fuerit,
1124 1902 1188 1935 per
1201 1903 1389 1927 censuram
1408 1892 1688 1927 ecclesiasticam

53 1946 317 1990 compellantur
347 1944 550 1979 saeculares
576 1947 778 1987 potestates,
805 1944 1093 1988 quibuscumque
1125 1946 1326 1991 fungantur
1349 1947 1488 1988 officiis,
1516 1951 1556 1982 ut
1594 1948 1689 1982 sieut

53 2000 215 2044 reputari
232 1999 385 2044 cupiunt
400 2002 436 2034 et
451 1999 578 2034 haberi
595 1999 728 2040 fideles,
756 1999 807 2034 ita
823 2011 888 2043 pro
905 2000 1110 2035 defensione
1135 2000 1217 2035 fidei
1236 2006 1416 2045 praestent
1433 2002 1576 2046 publice
1587 2005 1688 2045 ,11113-

52 2058 225 2096 mentum,
246 2055 342 2098 quod
358 2055 402 2090 de
418 2055 526 2090 terris
538 2066 623 2089 suae
632 2055 862 2097 juridictioni
878 2056 1048 2098 subjectis
1063 2056 1247 2091 universos
1264 2057 1464 2093 haereticos<
1480 2059 1524 2092 ab
1538 2058 1689 2093 33313513

51 2109 238 2145 denotatos
254 2110 348 2144 bona
365 2110 434 2144 fide
451 2122 515 2154 pro
532 2110 670 2144 viribus
686 2109 928 2145 exterminare
951 2111 1146 2145 studebunt
1160 2125 1168 2153 ς
1189 2111 1239 2146 ita
1257 2113 1352 2155 quod
1369 2113 1509 2153 amodo,
1529 2113 1687 2155 quando-

52 2175 206 2208 cumque
223 2164 303 2208 quis
320 2165 431 2200 fuerit
444 2166 482 2200 in
495 2169 705 2209 potestatem
723 2166 798 2200 sive
810 2165 1034 2209 spiritualem
1052 2166 1126 2201 sive
1143 2169 1376 2211 temporalem
1390 2176 1604 2212 assumptus,
1620 2168 1689 2202 hoc.

51 2221 219 2254 teneatur
241 2219 442 2263 capitulum
455 2224 664 2264 juramento
689 2222 854 2264 firmare3
870 2221 899 2255 si
925 2233 1010 2256 vero
1027 2222 1193 2256 dominus
1209 2224 1417 2267 temporalis
1435 2224 1629 2267 requisitus
1654 2228 1689 2259 ct

50 2274 209 2309 monitus
225 2275 270 2309 ab
286 2275 439 2310 ecelesia
454 2279 589 2310 terram
606 2287 708 2310 suam
727 2287 884 2320 purgare
912 2276 1110 2320 neglexerit
1127 2278 1172 2311 ab
1197 2277 1264 2311 hac
1293 2278 1475 2314 haeretica
1505 2279 1685 2319 foeditate,

50 2340 115 2373 per
153 2330 471 2374 metropolitanum
510 2335 546 2366 et
577 2334 712 2366 ceteros
743 2331 1064 2374 comprovinciales
1094 2332 1278 2376 episcopos
1305 2335 1688 2369 excommunicationis

49 2383 196 2419 vinculo
212 2384 416 2420 innodetur.
437 2387 481 2420 Et
497 2386 526 2420 si
553 2386 759 2421 satisfacere
791 2387 1058 2430 comtempserit
1081 2387 1178 2422 infra
1201 2399 1349 2427 3111111111,
1369 2389 1596 2434 significetur
1619 2390 1687 2423 hoc

49 2451 189 2475 summo
207 2440 381 2484 pontifici,
401 2444 441 2476 ut
457 2446 588 2476 extunc
605 2442 642 2476 in
666 2454 703 2476 se
726 2443 896 2476 vassallos
920 2443 965 2477 ab
990 2445 1066 2485 ejiis
1091 2443 1262 2478 fidelitate
1287 2444 1479 2479 denunciet
1507 2445 1688 2479 absolutos

49 2498 86 2530 et.
108 2499 242 2531 terram
267 2500 423 2540 exponat
438 2496 628 2531 catholicis
645 2497 904 2540 occupandam,
935 2497 996 2540 qui
1024 2509 1103 2531 eam
1131 2497 1378 2532 exterminatis
1403 2499 1593 2534 haereticis
1610 2499 1686 2533 sine

50 2549 125 2584 ulla
141 2550 427 2586 contradictione
453 2551 659 2595 possideant
675 2555 708 2585 et
728 2550 764 2584 in
783 2551 865 2585 fidei
883 2551 1040 2595 puritate
1064 2556 1288 2591 consors-tut.
1316 2554 1415 2588 salvo
1438 2556 1521 2596 jure
1549 2553 1686 2587 domini

50 2605 273 2650 principalis,
301 2607 495 2642 dummodo
519 2618 627 2650 super
658 2606 726 2640 hoc
750 2606 825 2649 ipsc
851 2607 991 2641 nullum
1016 2611 1170 2651 praestet
1197 2608 1422 2643 obstaculum
1449 2619 1513 2641 nec
1540 2606 1686 2649 aliquod

50 2659 345 2704 impedimentum
377 2665 545 2705 opponat,
575 2661 700 2696 eadem
726 2661 841 2696 nihilo
870 2661 990 2696 minus
1020 2663 1099 2707 lege
1130 2667 1271 2698 servata
1299 2663 1397 2697 circa
1428 2674 1488 2696 eos
1519 2661 1581 2704 (1111
1615 2672 1685 2695 11011

49 2713 184 2750 habent
195 2715 358 2750 dominos
376 2716 605 2760 principales.

94 2770 271 2806 Catholici
297 2783 395 2813 vero,
415 2771 477 2815 qui
502 2771 622 2806 crucis
646 2774 829 2815 assumpto
860 2771 1069 2807 charactere
1086 2773 1131 2807 ad
1148 2772 1413 2807 haereticorum
1429 2771 1685 2807 exterminium

48 2835 86 2860 se
101 2825 337 2868 accinxerint,
363 2826 430 2861 illa
454 2826 638 2871 gaudeant
662 2826 890 2871 indulgentia
914 2826 1048 2870 illoque
1071 2831 1194 2862 sancto
1219 2827 1412 2872 privilegio
1442 2827 1514 2862 sint
1540 2826 1682 2867 muniti,

48 2880 143 2925 quod
155 2882 411 2917 accedentibus
428 2885 546 2917 terrae
560 2884 704 2916 sanctae
721 2881 922 2916 subsidium
940 2882 1161 2917 conceditur.

91 2937 284 2975 Credentes
296 2949 394 2980 vero,
406 2941 594 2983 praeterea
606 2941 822 2982 receptores,
834 2938 1037 2974 defensores
1050 2942 1086 2974 et
1097 2939 1255 2974 fautores
1268 2938 1537 2975 haereticorum
1551 2949 1689 2975 excom-
