2097 3466
759 244 892 279 ANNO
919 254 950 280 c.
979 246 1079 280 1043
1706 248 1726 280 ‘1

88 338 265 375 obtinebit
279 339 384 383 Abel,
401 349 510 384 quem
528 338 618 376 Cain
633 338 781 375 malicia
797 349 869 375 non
885 338 1059 381 exercuit,
1079 349 1145 374 nec
1162 349 1232 373 uva
1249 338 1318 373 nisi
1333 338 1493 374 calcibus
1504 341 1585 374 tusa
1599 338 1635 374 in
1649 339 1725 374 vini

89 405 253 439 saporem
268 393 441 438 liquatur.
461 394 511 430 Ut
527 398 648 430 autem
665 394 702 430 in
716 398 860 438 promtu
880 395 938 436 sit,
955 394 1042 438 quid
1059 395 1102 428 de
1120 394 1252 428 talibus
1270 394 1356 428 velit
1375 394 1453 428 fieri
1472 394 1677 429 misericors·
1691 399 1726 429 et

89 449 279 485 miserator
304 449 492 491 Dominus,
511 449 575 494 qui
599 453 790 494 peccantes
807 461 877 485 non
895 451 1017 484 statim
1036 449 1183 490 iudicat,
1202 449 1263 483 sed
1279 449 1325 483 ad
1342 449 1601 492 poenitentiam
1620 461 1725 493 equa-

88 503 237 540 nimiter
253 508 430 548 expectat,
449 504 642 540 audiamus
657 504 744 548 quid
762 504 798 539 in
816 504 1005 549 evangelio
1020 515 1084 538 suo
1100 503 1311 547 exponendo
1329 504 1543 547 parabolam
1560 504 1674 539 tritici
1692 508 1727 539 et

85 558 307 594 zizaniorum
331 559 413 603 agri
440 559 637 603 discipulos
667 559 779 594 immo
807 559 844 594 in
872 559 946 593 illis
978 569 1050 593 non
1081 557 1254 602 dignatus
1285 562 1339 593 est
1365 559 1515 593 docere:
1547 572 1563 587 u
1596 559 1724 600 Homo,

88 613 268 658 inquiens,
294 613 357 657 qui
381 613 574 649 seminavit
599 615 733 649 bonum
761 625 883 648 semen
908 613 946 648 in
974 624 1062 658 agro
1087 624 1164 655 suo,
1190 618 1243 648 est
1267 612 1363 647 filius
1387 612 1566 656 hominis3
1592 614 1727 648 bonum

87 680 221 711 semen,
233 668 272 704 hi
289 669 357 704 filii
373 672 457 704 sunt
473 669 591 714 regni,
605 681 694 714 ager
710 672 838 711 autem,
847 669 1012 703 mundus.
1023 668 1208 709 inimicus
1225 667 1332 702 homo
1347 668 1410 712 qui
1427 669 1730 712 superseminavit

89 723 237 765 zizania,
253 727 306 759 est
318 723 501 767 diabolus;
519 723 655 758 zizania
668 729 789 759 autem
806 723 844 758 hi
859 724 925 758 filii
941 726 1025 758 sunt
1038 734 1211 766 nequam;
1226 723 1350 757 messis
1364 734 1448 757 vero
1465 724 1730 759 consummatio

89 778 204 814 seculi
222 781 286 820 est,
305 789 479 814 messores
492 782 613 814 autem
630 778 752 823 angeli
769 783 864 813 sunt.
881 795 896 808 ›-
915 778 1010 819 Quid
1027 781 1148 813 autem
1166 788 1229 821 per
1245 789 1366 812 servos
1383 777 1499 821 primo
1517 779 1731 822 apparentia

88 833 225 870 zizania
247 833 420 869 vellicare
442 834 603 869 volentes
628 835 698 870 nisi
722 835 1015 878 praedicatorum
1043 833 1131 868 ordo
1155 832 1341 877 signatur?
1367 832 1438 873 Qui
1464 835 1549 868 dum
1574 835 1685 869 bonos
1709 846 1730 869 a

89 888 196 925 malis
218 900 381 924 seorsum
404 901 481 925 sese
514 890 553 925 in
576 894 702 925 sancta
727 889 879 925 ecclesia
903 889 1119 929 desiderant,
1144 888 1248 932 quasi
1284 889 1328 923 de
1354 889 1447 923 bona
1471 888 1585 924 tritici
1609 893 1730 933 segete

89 944 225 980 zizania
249 944 437 980 eradicare
460 945 639 989 querunt?
665 945 733 980 Sed
756 946 822 980 sub
847 956 983 990 magna
1007 943 1235 979 discretionis
1263 955 1415 979 censura
1443 947 1546 988 pater
1574 945 1733 980 familias

90 1000 153 1036 ille
178 1011 293 1044 prona
315 1011 441 1035 eorum
464 1005 610 1036 coercet
628 1000 769 1036 studia:
791 1015 806 1028 u
825 1001 972 1042 Nollite‚
991 1000 1170 1044 inquiens,
1196 1011 1241 1035 ne
1257 1000 1350 1035 forte
1365 1000 1579 1045 colligentes
1595 1000 1732 1036 zizania

91 1055 282 1091 eradicetis
310 1056 419 1090 simul
448 1059 482 1091 et
506 1055 684 1091 triticum.
715 1056 831 1091 Sinite
859 1060 1012 1100 utraque
1037 1066 1199 1091 crescere
1228 1066 1340 1098 usque
1367 1056 1411 1089 ad
1440 1067 1602 1099 messem,
1629 1060 1664 1091 et
1692 1056 1731 1091 in

89 1114 253 1155 tempore
274 1112 400 1147 messis
421 1111 540 1146 dicam
565 1112 805 1147 messoribus:
828 1111 998 1157 Colligite
1022 1111 1183 1155 primum
1206 1110 1343 1145 zizania
1366 1114 1401 1146 et
1425 1111 1578 1156 alligate
1601 1123 1644 1147 ea
1666 1123 1731 1156 per

90 1167 282 1203 fasciculos
309 1167 354 1201 ad
385 1168 690 1212 comburendum3
721 1168 886 1204 triticum
918 1172 1040 1204 autem
1069 1171 1292 1212 congregate
1315 1167 1352 1202 in
1368 1168 1542 1203 horreum
1558 1179 1690 1203 meum.
1712 1185 1728 1198 n

91 1222 186 1264 Quid
215 1222 274 1258 his
306 1224 426 1258 verbis
461 1223 532 1258 nisi
556 1223 776 1268 pacientiam
800 1235 903 1259 suam
929 1223 1105 1259 Dominus
1129 1223 1299 1264 ostendit,
1330 1234 1438 1267 quam
1463 1223 1731 1267 praedicatores

91 1290 175 1315 suos
190 1291 280 1325 erga
301 1283 463 1316 errantes
478 1280 662 1324 proximos
679 1280 824 1315 exibere
841 1279 1033 1322 desiderat,
1052 1280 1209 1314 maxime
1226 1291 1309 1314 cum
1325 1279 1364 1314 hi
1381 1279 1444 1323 qui
1461 1279 1572 1315 hodie
1595 1279 1733 1315 zizania

92 1338 188 1378 sunt,
206 1335 376 1380 possibile
389 1334 436 1370 sit
452 1346 532 1370 cras
548 1335 712 1370 converti
729 1339 764 1370 et
777 1347 852 1371 esse
868 1335 1059 1370 triticum?

135 1390 192 1426 Ad
208 1389 343 1426 horum
358 1391 519 1435 profecto
535 1391 722 1425 servorum
740 1401 802 1425 vos
817 1390 1002 1434 pertinere
1018 1400 1224 1432 numerum,
1243 1390 1373 1425 ardens
1395 1389 1435 1425 in
1454 1392 1599 1434 pectore
1615 1393 1734 1425 vestro

91 1458 158 1492 pro
181 1448 373 1482 animabus
396 1447 578 1482 diabolica
600 1447 727 1482 fraude
751 1447 911 1492 deceptis
934 1447 1136 1492 spiritualis
1159 1447 1226 1482 zeli
1250 1447 1372 1482 fervor
1395 1447 1546 1490 indicat,
1564 1458 1634 1492 quo
1651 1460 1695 1482 ne
1713 1459 1735 1482 a

91 1502 197 1537 malis
221 1502 309 1538 boni
335 1505 630 1547 corrumpantur,
658 1502 782 1537 iuditii
813 1502 958 1537 sarculo
994 1501 1179 1537 triticeam
1211 1505 1369 1547 segetem
1399 1501 1545 1538 zizaniis
1575 1514 1734 1547 purgare

91 1557 256 1603 queritis.
275 1558 379 1600 Quod
403 1562 525 1594 tamen
548 1570 593 1594 ne
609 1570 630 1593 a
654 1558 755 1593 vobis
771 1559 978 1600 immature,
997 1570 1042 1593 ne
1060 1563 1143 1593 ante
1159 1562 1305 1602 tempus
1331 1559 1411 1594 fieri
1429 1559 1568 1601 debeat,
1589 1559 1736 1594 divinae

92 1612 212 1658 potius
235 1616 288 1648 est
311 1613 575 1648 oboediendum
599 1614 810 1654 sententiae,
835 1625 882 1649 ne
905 1614 992 1649 dum
1015 1613 1200 1648 iusticiam
1224 1614 1263 1649 in
1287 1614 1481 1658 puniendis
1505 1615 1735 1658 praevarica-

91 1668 232 1704 toribus
245 1679 319 1704 non
332 1679 500 1704 exercere
512 1672 693 1713 putamus,
708 1668 897 1712 impietate
911 1669 1032 1713 specie
1048 1669 1252 1705 severitatis
1268 1670 1399 1711 velata,
1415 1670 1448 1704 ei
1464 1670 1734 1714 praeiudicium

92 1724 280 1766 faciamus,
297 1724 361 1767 qui
384 1735 458 1758 non
480 1725 559 1759 vult
582 1728 737 1759 mortem
759 1729 995 1767 peccatorum
1013 1736 1079 1760 nec
1103 1726 1261 1760 laetatur
1282 1724 1321 1759 in
1351 1724 1555 1769 perditione
1570 1726 1734 1761 morien-

93 1779 203 1822 cium,
220 1780 281 1816 sed
306 1791 370 1824 per
393 1779 613 1824 pacientiam
637 1786 672 1815 et
688 1779 1007 1825 longanimitatem
1024 1791 1127 1815 suam
1144 1780 1246 1815 novit
1260 1783 1471 1824 peccatores
1488 1781 1532 1815 ad
1549 1781 1737 1826 poeniten-

93 1835 183 1872 tiam
197 1835 382 1871 reducere.
403 1835 522 1870 Cesset
538 1847 626 1879 ergo
642 1835 821 1871 iudicium
835 1836 1008 1879 pulveris,
1024 1836 1150 1871 audita
1165 1836 1353 1871 sentencia
1367 1835 1577 1879 conditoris,
1592 1848 1659 1872 nec
1674 1849 1734 1873 eos

94 1901 288 1935 queramus
302 1901 367 1935 per
381 1891 556 1926 secularis
570 1891 754 1935 potentiae
765 1891 929 1936 gladium
945 1891 1034 1927 huic
1050 1893 1147 1927 vitae
1162 1891 1390 1936 subtrahere,
1404 1891 1535 1935 quibus
1548 1892 1627 1927 vult
1639 1893 1736 1928 idem

94 1950 237 1983 creator
259 1950 295 1982 et
317 1946 524 1991 redemptor
547 1946 645 1982 Deus
666 1946 762 1982 sicut
785 1947 886 1983 novit
909 1958 1070 1992 parcere,
1090 1951 1131 1983 ut
1154 1947 1369 1991 resipiscant
1392 1958 1413 1981 a
1436 1947 1573 1982 diaboli
1595 1948 1737 1991 laqueis

93 2003 225 2046 quibus
240 2002 338 2046 capti
353 2002 536 2044 tenentur,
554 2002 599 2036 ad
620 2002 733 2046 ipsius
748 2003 987 2038 voluntatem.
1009 2003 1081 2045 Sic,
1099 2002 1151 2037 sic
1169 2002 1345 2037 nimirum
1362 2003 1452 2037 tales
1468 2002 1618 2038 ultimae
1635 2003 1738 2038 illius

94 2058 210 2104 patris
231 2057 389 2093 familias
412 2058 519 2093 messi
543 2069 565 2093 a
587 2058 692 2094 nobis
715 2059 885 2094 convenit
908 2058 1100 2099 reservari,
1125 2058 1285 2102 quidque
1308 2069 1482 2093 messores
1505 2070 1588 2093 suos
1611 2058 1654 2093 de
1677 2058 1736 2093 his

96 2118 215 2152 facere
231 2115 366 2156 iubeat,
384 2116 482 2150 sicut
498 2119 532 2150 et
548 2115 592 2151 de
609 2115 788 2151 nobismet
802 2115 891 2160 ipsis
908 2127 991 2150 cum
1007 2118 1139 2150 timore
1155 2117 1191 2150 et
1206 2118 1364 2150 tremore
1379 2117 1522 2158 oportet
1538 2114 1735 2158 expectari,

96 2172 183 2217 quia
204 2171 337 2207 horum
360 2171 553 2215 quoslibet,
572 2181 662 2214 quos
685 2171 812 2206 mundi
828 2171 938 2206 huius
954 2183 1043 2216 ager
1059 2171 1196 2206 zizania
1211 2170 1333 2212 habet,
1352 2169 1477 2205 messis
1503 2169 1567 2204 illa
1584 2169 1738 2205 forsitan

96 2228 262 2265 triticum
285 2227 460 2272 inveniet,
485 2230 519 2262 et
544 2238 634 2271 quos
657 2227 697 2262 in
720 2227 779 2262 via
804 2227 951 2263 Domini
981 2227 1207 2262 adversarios
1230 2237 1327 2261 nunc
1355 2225 1542 2268 habemus,
1568 2225 1738 2270 possibile

97 2284 337 2329 omnipotenti
361 2284 436 2319 Deo
461 2287 514 2319 est
536 2283 576 2319 in
599 2284 664 2319 illa
688 2285 835 2320 coelesti
859 2284 980 2328 patria
1004 2283 1108 2319 nobis
1133 2284 1253 2318 facere
1269 2282 1378 2318 etiam
1394 2282 1612 2326 superiores.
1633 2282 1738 2317 Certe

96 2342 253 2387 legimus
270 2340 421 2376 Saulum
445 2340 562 2385 magis
585 2341 754 2376 omnibus
777 2342 973 2377 sevientem
990 2340 1086 2376 beati
1110 2339 1391 2385 protomartyris
1407 2338 1581 2383 Stephani
1597 2339 1737 2383 lapida-

98 2398 238 2434 toribus
261 2395 479 2436 interfuisse,
500 2399 534 2431 et
558 2407 666 2439 quem
690 2396 750 2432 hic
774 2396 902 2431 habuit
927 2399 1207 2440 persecutorem,
1226 2397 1350 2438 utpote
1366 2393 1496 2428 martir
1519 2393 1735 2437 apostolum,

98 2453 176 2489 illic
199 2465 235 2488 se
259 2452 394 2497 gaudet
416 2451 550 2486 habere
574 2452 747 2495 priorem.
765 2451 915 2487 Interim
939 2451 1201 2495 nichilominus
1216 2450 1425 2485 meminisse
1442 2449 1623 2489 debemus,
1642 2449 1738 2492 quod

103 2521 179 2551 nos,
191 2508 254 2552 qui
265 2507 425 2552 episcopi
437 2507 608 2548 dicimur,
623 2507 787 2551 gladium
804 2507 843 2542 in
858 2507 1088 2542 ordinatione
1105 2506 1200 2550 quod
1218 2509 1270 2541 est
1284 2504 1457 2540 secularis
1470 2505 1652 2548 potentiae
1667 2515 1740 2540 non

101 2565 312 2609 accipimus,
337 2562 489 2607 ideoque
514 2574 588 2598 non
613 2563 658 2597 ad
685 2563 980 2598 mortificandum
1005 2563 1065 2597 sed
1090 2561 1215 2606 pocius
1238 2561 1282 2595 ad
1308 2560 1567 2595 vivificandum
1592 2564 1742 2596 auctore

103 2620 177 2655 Deo
193 2618 420 2663 inungimur.
439 2618 502 2652 Est
518 2621 640 2652 tamen
657 2617 757 2652 aliud
775 2618 870 2662 quod
886 2618 1042 2653 sollicite
1058 2618 1101 2652 de
1118 2616 1313 2661 praedictis
1329 2616 1510 2661 agendum
1528 2619 1579 2650 est
1595 2616 1740 2650 scisma-

102 2674 196 2716 ticis,
213 2674 308 2718 quod
332 2676 367 2709 et
390 2684 452 2708 vos
475 2684 705 2717 nequaquam
728 2673 918 2718 ignoratis,
938 2677 978 2708 ut
1002 2672 1070 2718 ipsi
1095 2673 1217 2716 eisque
1233 2673 1544 2707 communicantes
1560 2671 1741 2706 catholica

103 2727 358 2764 communione
381 2727 581 2771 priventur,
608 2729 831 2772 caeterisque
855 2727 1023 2764 omnibus
1046 2728 1190 2772 publice
1207 2727 1459 2768 denuncietur,
1479 2730 1520 2762 ut
1542 2727 1742 2762 secundum

103 2782 352 2829 propheticam
375 2782 673 2818 ammonitionem
697 2787 827 2819 exeant
851 2784 894 2819 de
918 2783 1036 2819 medio
1061 2794 1187 2818 eorum
1205 2786 1240 2818 et
1266 2782 1594 2817 immundissimam
1617 2794 1742 2818 eorum

104 2843 237 2877 sectam
252 2850 297 2874 ne
313 2837 515 2883 tetigerint,
532 2839 704 2882 quoniam
722 2840 784 2883 qui
800 2839 966 2884 tetigerit
984 2839 1112 2883 picem,
1135 2838 1387 2882 inquinabitur
1403 2838 1448 2872 ab
1466 2849 1524 2873 ea.

441 2904 611 2938 Ans-elmi
627 2905 736 2941 Gesta
751 2907 1007 2951 episcoporum
1019 2905 1296 2947 Leodiensium,
1308 2905 1357 2948 bij
1375 2904 1491 2948 Pertz,
1505 2904 1744 2939 Monumenta

498 2962 712 3007 Scriptores,
738 2963 816 2999 deel
840 2963 920 3003 VII,
947 2963 1013 2998 blz.
1040 2964 1191 2998 227-228.
1217 2981 1260 2988 —
1285 2962 1346 2997 Zie
1375 2960 1551 3002 Schmidt,
1579 2961 1744 2995 Histoire

499 3017 560 3052 des
581 3017 768 3062 (latitares,
785 3019 862 3055 deel
881 3018 906 3060 I,
926 3019 992 3055 blz.
1012 3019 1120 3054 34-35.
