2097 3466
305 256 365 288 416
976 252 1108 287 ANNO
1137 254 1238 286 1400

304 348 437 383 Christi
463 352 497 380 et
520 345 645 379 vinum
671 346 707 379 in
730 346 962 389 sanguinem.
983 345 1036 379 De
1060 355 1132 387 qua
1152 344 1299 387 quidem
1323 343 1568 387 propositione
1596 342 1788 386 requisiuit
1817 347 1933 378 vestra

302 402 488 437 humilitas
505 401 678 442 iussitque
695 408 812 434 vestra
838 401 966 444 ingens
983 400 1129 440 caritas,
1147 407 1188 434 ut
1203 399 1289 442 quid
1314 399 1486 434 sentirem
1503 398 1661 433 scribere
1677 409 1750 433 non
1774 402 1933 441 prostpo·

304 469 483 493 nerem...
505 457 566 497 (1).

349 512 393 546 L't
413 523 474 555 per
491 516 644 544 vestram
663 509 875 545 relationem
891 510 1145 552 rationumque
1161 512 1366 543 vestrarum
1383 519 1589 552 processum
1606 519 1648 542 ac
1661 507 1738 542 eius
1750 506 1934 552 assertori]

301 567 559 602 consessionem
584 570 619 599 et
642 565 911 599 renovationem
929 563 1104 605 intellexi,
1124 564 1197 607 ipse
1216 562 1335 605 posuit
1358 573 1436 596 eam
1464 561 1936 606 [transsubstantiationems

303 623 409 657 fuisse
434 632 556 655 veram
572 620 615 654 de
640 621 746 655 sacto.
769 620 906 654 Idcirco
931 618 1163 663 supponendo
1187 618 1302 661 ipsam
1326 618 1377 652 sic
1400 618 1509 653 fuisse
1526 618 1564 653 in
1580 618 1698 653 forma
1713 622 1748 653 et
1763 629 1846 652 cum
1869 617 1935 652 tali

305 677 489 712 intellectu
507 680 542 710 et
558 675 695 710 motiuo
714 687 776 718 per
792 673 1233 710 transsubstantiationem
1252 672 1303 708 sic
1318 676 1517 716 pretactam
1534 678 1642 717 prout
1655 674 1869 716 premissum
1885 675 1938 708 est

303 733 538 778 predicatam,
556 733 682 764 contra
708 729 807 763 illam
832 729 1059 772 procedendo
1077 728 1247 762 videntur
1272 726 1382 761 michi
1407 726 1569 770 quinque
1585 727 1738 763 dicenda
1760 739 1825 772 per
1840 727 1936 762 ordi-

304 799 397 822 nem.
417 786 542 820 Primo
557 785 653 828 quod
677 785 816 828 prefata
840 783 1037 827 propositio
1052 782 1238 817 interimet
1260 782 1414 825 seipsam
1431 781 1620 817 continens
1635 783 1750 817 multa
1773 781 1937 826 impossi-

307 841 408 884 bilia,
434 846 468 874 et
491 839 543 873 sic
567 845 621 873 est
642 838 743 872 salsa.
763 837 928 872 Secundo
952 837 1048 880 quod
1073 837 1292 872 contradicit
1314 847 1479 881 expresse
1502 841 1536 871 et
1560 836 1815 881 multipliciter
1836 847 1938 872 sacre

305 895 496 938 scripture,
517 898 550 928 et
566 894 618 928 sic
635 897 687 928 est
703 903 866 927 erronea.
887 892 1012 926 Tertio
1028 892 1201 936 impingit
1224 891 1360 935 nephas
1376 891 1531 933 Christo,
1551 896 1587 927 et
1602 893 1656 927 sie
1672 895 1726 927 est
1734 892 1938 937 perniciosa

307 954 341 985 et
359 949 581 993 blasphema.
601 948 738 988 Quarto
754 947 852 982 cedit
870 947 905 982 in
923 947 1180 981 detrimentum
1200 951 1234 981 et
1249 946 1489 990 vilipendium
1507 947 1798 982 benedictissime
1811 947 1938 982 matris

310 1006 387 1039 eius
407 1004 524 1038 Marie
549 1003 760 1037 intemerate
791 1002 957 1046 virginis,
977 1006 1011 1035 ct
1034 1002 1086 1036 sic
1110 1006 1162 1036 est
1184 1001 1395 1036 scandalosa
1419 1006 1454 1036 et
1478 1002 1635 1046 piarium
1659 1003 1803 1037 aurium
1826 1001 1937 1038 offen-

312 1060 402 1094 siua.
421 1058 556 1098 Quinto
588 1057 693 1091 affert
723 1057 827 1091 beato
850 1055 1010 1090 Johanni
1039 1056 1284 1100 Euangeliste,
1313 1056 1494 1099 discipulo
1524 1057 1734 1100 predilecto,
1765 1057 1939 1092 damnum

313 1116 654 1156 incommodumque
671 1123 743 1146 non
759 1112 942 1146 modicum
959 1111 1164 1146 diminuens
1181 1112 1257 1146 eius
1273 1112 1443 1146 meritum
1461 1123 1504 1146 ac
1520 1124 1583 1148 sue
1595 1112 1797 1148 sanctitatis
1810 1113 1940 1148 tollens

313 1169 495 1214 perhenne
512 1170 703 1211 premium,
721 1176 755 1201 et
771 1168 820 1201 sic
839 1172 890 1201 est
907 1167 1107 1210 periculosa
1123 1171 1158 1201 et
1174 1167 1257 1202 fidei
1274 1167 1545 1202 subuersiua....
1565 1170 1625 1212 (2).

353 1224 408 1258 Ex
428 1223 569 1263 Insulis,
588 1223 662 1256 xix.
682 1221 814 1256 mensis
830 1221 934 1264 Julij.

354 1278 482 1313 Vester
498 1277 698 1321 discipulus
714 1282 749 1311 et
772 1276 927 1311 seruitor
943 1276 962 1310 J
967 1275 1128 1311 ohannes
1151 1276 1195 1310 de
1219 1276 1368 1319 Econte,
1394 1276 1642 1312 thesaurarius
1660 1277 1810 1313 ecclesie
1825 1279 1941 1314 sancti

316 1333 418 1369 Petii
437 1332 641 1374 Insulensis,
660 1332 705 1365 ad
721 1335 841 1365 vestra
856 1330 1027 1365 mandata
1041 1341 1182 1374 semper
1198 1334 1356 1374 paratus.

658 1420 699 1454 In
714 1420 776 1454 het
792 1419 1015 1465 aanhangsel
1033 1419 1192 1464 gedrukt
1208 1419 1334 1454 achter
1350 1419 1546 1461 Carlerius,
1563 1420 1642 1455 deel
1659 1420 1706 1455 ΙΙ.

1066 1576 1196 1620 340.

370 1727 533 1783 (1466,
555 1725 787 1781 Dowaaz’.)
805 1724 1048 1768 Antwoord
1070 1738 1156 1767 van
1179 1724 1261 1766 den
1284 1723 1546 1780 predikheer
1566 1725 1766 1770 Andreas
1787 1726 1937 1771 Carni-

309 1797 415 1849 ficis,
443 1796 561 1851 prior
592 1808 678 1838 van
711 1795 786 1838 het
821 1794 1016 1838 klooster
1036 1797 1081 1837 te
1113 1794 1305 1845 Dowaai,
1343 1807 1425 1837 aan
1458 1793 1541 1836 den
1575 1794 1936 1852 Kamerijkschen

310 1866 450 1909 deken
473 1865 653 1915 Carlier,
680 1863 747 1906 die
764 1864 863 1906 hem
882 1863 1199 1920 geraadpleegd
1221 1864 1306 1906 had
1325 1877 1428 1906 over
1449 1877 1555 1907 eene
1577 1863 1812 1908 verdachte
1833 1865 1937 1908 stel—

309 1936 403 1991 ling
426 1932 679 1990 aangaande
702 1931 841 1974 Maria
863 1946 915 1975 en
939 1930 980 1974 St
999 1933 1083 1975 Jan
1105 1933 1187 1975 den
1221 1933 1490 1989 Evangelist.
1519 1959 1565 1965 —
1593 1934 1653 1976 De
1675 1933 1938 1990 predikheer

310 2004 440 2047 zendt
463 2004 561 2046 hem
583 2016 724 2058 negen
746 2001 903 2045 redens
925 2005 1056 2058 tegen
1078 2002 1146 2045 die
1169 2003 1359 2059 stelling.

356 2129 531 2163 Rationes
551 2128 726 2172 magistri
749 2127 897 2160 Andree
923 2127 1130 2171 Carnificis,
1157 2126 1304 2160 ordinis
1325 2125 1614 2170 predicatorum,
1634 2137 1737 2161 sacre
1760 2126 1939 2171 theologie

307 2182 543 2227 professoris,
562 2186 690 2216 contra
707 2181 1160 2215 transsubstantiationem
1184 2183 1350 2225 corporis
1373 2181 1469 2215 beati
1491 2180 1678 2216 Johannis
1701 2182 1939 2226 Euanyeliste

314 2239 354 2270 in
375 2248 507 2281 corpus
529 2235 667 2270 Christi
682 2237 889 2281 predictam
907 2239 1088 2281 magistro
1101 2237 1134 2269 E
1133 2236 1242 2281 {sidio
1259 2236 1396 2271 decano
1415 2236 1670 2271 Cameracensz·
1683 2240 1807 2272 misse.

354 2314 484 2356 Alique
512 2313 670 2348 rationes
694 2314 936 2356 adducuntur,
962 2314 1213 2348 colendissime
1236 2317 1338 2356 pater
1361 2325 1403 2348 ac
1426 2312 1583 2354 domine,
1604 2324 1674 2356 que
1700 2314 1876 2358 implicite
1899 2314 1938 2349 in

310 2369 445 2412 scripto
461 2380 525 2412 per
541 2380 604 2403 vos
627 2368 739 2403 michi
764 2369 871 2404 misso
887 2370 1132 2410 continentur,
1151 2369 1282 2412 quibus
1297 2368 1511 2410 ostenditur,
1529 2371 1646 2402 stante
1661 2366 1812 2402 veritate
1828 2367 1939 2411 scrip·

309 2428 488 2464 turarum,
507 2423 727 2465 impossibile
744 2434 819 2458 esse
835 2424 929 2466 quod
946 2423 966 2457 J
971 2423 1130 2457 ohannes
1147 2423 1383 2467 Euangelista
1399 2434 1462 2466 per
1474 2422 1539 2456 illa
1551 2422 1661 2456 verba
1677 2420 1833 2456 Christi:
1849 2421 1938 2456 Ecce

308 2478 411 2523 filius
429 2484 511 2512 tuus
525 2479 634 2514 fuerit
650 2479 766 2513 factus
783 2479 879 2513 filius
895 2478 1073 2514 naturalis
1089 2477 1308 2522 Virginis...
1327 2477 1386 2519 (3).

660 2563 699 2597 In
715 2562 776 2598 het
793 2562 1017 2606 aanhangsel
1031 2561 1190 2607 gedrukt
1206 2561 1331 2596 achter
1348 2560 1544 2604 carlet-ius,
1561 2560 1640 2595 deel
1658 2560 1703 2594 ΙΙ.

354 2751 399 2794 (1)
424 2751 559 2794 Hierop
583 2751 716 2795 volgen
740 2751 980 2795 langdradige
1003 2751 1243 2795 betuigingen
1267 2761 1337 2784 van
1361 2750 1539 2784 ootmoed.

354 2808 400 2847 (2)
428 2805 562 2850 Hierop
586 2807 717 2850 volgen
741 2807 945 2851 uitvoerige
967 2806 1209 2851 godgeleerde
1233 2805 1495 2850 uitweidingen
1518 2808 1572 2840 tot
1602 2803 1746 2847 staving
1771 2801 1851 2836 dier
1873 2801 1944 2844 vijf

310 2861 515 2904 stellingen.

351 2919 397 2958 (3)
423 2915 556 2960 Hierop
579 2917 711 2961 volgen
735 2929 852 2961 negen
875 2917 1016 2952 nieuwe
1039 2917 1223 2958 bewij2en,
1249 2927 1328 2951 zeer
1353 2915 1489 2959 bondig
1512 2923 1736 2959 opgegeven.
