<?xml version="1.0" encoding="UTF-8"?>
<!DOCTYPE html PUBLIC "-//W3C//DTD XHTML 1.0 Transitional//EN"
    "http://www.w3.org/TR/xhtml1/DTD/xhtml1-transitional.dtd">
<html xmlns="http://www.w3.org/1999/xhtml" xml:lang="en" lang="en">
 <head>
  <title>
</title>
<meta http-equiv="Content-Type" content="text/html;charset=utf-8" />
  <meta name='ocr-system' content='tesseract 3.04.00' />
  <meta name='ocr-capabilities' content='ocr_page ocr_carea ocr_par ocr_line ocrx_word'/>
</head>
<body>
  <div class='ocr_page' id='page_1' title='image "./corpusdocumentor01fruoft_0259.png"; bbox 0 0 2097 3466; ppageno 0'>
   <div class='ocr_carea' id='block_1_1' title="bbox 847 222 1791 269">
    <p class='ocr_par' dir='ltr' id='par_1_1' title="bbox 847 222 1791 269">
     <span class='ocr_line' id='line_1_1' title="bbox 847 222 1791 269; baseline -0.007 0"><span class='ocrx_word' id='word_1_1' title='bbox 847 231 980 269; x_wconf 83' lang='lat' dir='ltr'>ANNO</span> <span class='ocrx_word' id='word_1_2' title='bbox 1007 230 1107 268; x_wconf 77' lang='lat'>1309</span> <span class='ocrx_word' id='word_1_3' title='bbox 1726 222 1791 263; x_wconf 75' lang='lat'>209</span> 
     </span>
    </p>
   </div>
   <div class='ocr_carea' id='block_1_2' title="bbox 163 321 1822 2972">
    <p class='ocr_par' dir='ltr' id='par_1_2' title="bbox 163 321 1812 1535">
     <span class='ocr_line' id='line_1_2' title="bbox 163 321 1791 374; baseline -0.005 -9"><span class='ocrx_word' id='word_1_4' title='bbox 163 327 412 366; x_wconf 85' lang='lat' dir='ltr'>Romanorum</span> <span class='ocrx_word' id='word_1_5' title='bbox 442 328 604 374; x_wconf 82' lang='lat' dir='ltr'>vestigiis</span> <span class='ocrx_word' id='word_1_6' title='bbox 635 328 873 369; x_wconf 74' lang='lat' dir='ltr'><strong>inhaerentes,</strong></span> <span class='ocrx_word' id='word_1_7' title='bbox 903 330 1069 363; x_wconf 87' lang='lat' dir='ltr'>sanctum</span> <span class='ocrx_word' id='word_1_8' title='bbox 1097 323 1345 370; x_wconf 86' lang='lat' dir='ltr'>Inquisitionis</span> <span class='ocrx_word' id='word_1_9' title='bbox 1375 323 1560 368; x_wconf 80' lang='lat' dir='ltr'>negotium</span> <span class='ocrx_word' id='word_1_10' title='bbox 1587 321 1791 358; x_wconf 86' lang='lat' dir='ltr'>haereticae</span> 
     </span>
     <span class='ocr_line' id='line_1_3' title="bbox 163 377 1789 428; baseline -0.005 -10"><span class='ocrx_word' id='word_1_11' title='bbox 163 383 350 428; x_wconf 82' lang='lat' dir='ltr'>pravitatis</span> <span class='ocrx_word' id='word_1_12' title='bbox 376 386 476 419; x_wconf 88' lang='lat' dir='ltr'>tanto</span> <span class='ocrx_word' id='word_1_13' title='bbox 503 383 688 418; x_wconf 81' lang='lat' dir='ltr'>ardentius</span> <span class='ocrx_word' id='word_1_14' title='bbox 715 382 879 427; x_wconf 83' lang='lat' dir='ltr'>cupimus</span> <span class='ocrx_word' id='word_1_15' title='bbox 908 381 1123 426; x_wconf 88' lang='lat' dir='ltr'>promoveri,</span> <span class='ocrx_word' id='word_1_16' title='bbox 1152 382 1286 424; x_wconf 87' lang='lat' dir='ltr'>quanto</span> <span class='ocrx_word' id='word_1_17' title='bbox 1317 390 1380 423; x_wconf 88' lang='lat' dir='ltr'>per</span> <span class='ocrx_word' id='word_1_18' title='bbox 1411 379 1570 413; x_wconf 85' lang='lat' dir='ltr'>aemulos</span> <span class='ocrx_word' id='word_1_19' title='bbox 1598 377 1679 412; x_wconf 83' lang='lat' dir='ltr'>fidei</span> <span class='ocrx_word' id='word_1_20' title='bbox 1712 377 1789 421; x_wconf 86' lang='lat' dir='ltr'>ipsa</span> 
     </span>
     <span class='ocr_line' id='line_1_4' title="bbox 164 433 1791 480; baseline -0.005 -7"><span class='ocrx_word' id='word_1_21' title='bbox 164 438 252 473; x_wconf 83' lang='lat' dir='ltr'>fides</span> <span class='ocrx_word' id='word_1_22' title='bbox 267 438 446 473; x_wconf 84' lang='lat' dir='ltr'>catholica</span> <span class='ocrx_word' id='word_1_23' title='bbox 461 442 497 474; x_wconf 87' lang='lat' dir='ltr'>ct</span> <span class='ocrx_word' id='word_1_24' title='bbox 519 442 653 474; x_wconf 86' lang='lat' dir='ltr'>statuta</span> <span class='ocrx_word' id='word_1_25' title='bbox 668 437 910 473; x_wconf 78' lang='lat' dir='ltr'>ecclesiastica</span> <span class='ocrx_word' id='word_1_26' title='bbox 933 440 969 472; x_wconf 90' lang='lat' dir='ltr'>et</span> <span class='ocrx_word' id='word_1_27' title='bbox 993 439 1135 480; x_wconf 85' lang='lat' dir='ltr'>patrum</span> <span class='ocrx_word' id='word_1_28' title='bbox 1155 433 1358 469; x_wconf 82' lang='lat' dir='ltr'>sanctiones</span> <span class='ocrx_word' id='word_1_29' title='bbox 1382 433 1658 473; x_wconf 82' lang='lat' dir='ltr'>fraudulentius,</span> <span class='ocrx_word' id='word_1_30' title='bbox 1677 442 1791 466; x_wconf 88' lang='lat' dir='ltr'>secre-</span> 
     </span>
     <span class='ocr_line' id='line_1_5' title="bbox 163 487 1794 538; baseline -0.006 -9"><span class='ocrx_word' id='word_1_31' title='bbox 163 494 236 530; x_wconf 74' lang='lat' dir='ltr'>tius</span> <span class='ocrx_word' id='word_1_32' title='bbox 262 497 298 529; x_wconf 86' lang='lat' dir='ltr'>ct</span> <span class='ocrx_word' id='word_1_33' title='bbox 324 494 560 538; x_wconf 78' lang='lat' dir='ltr'>perniciosius</span> <span class='ocrx_word' id='word_1_34' title='bbox 592 494 864 538; x_wconf 78' lang='lat' dir='ltr'>impugnantur.</span> <span class='ocrx_word' id='word_1_35' title='bbox 900 487 1021 533; x_wconf 85' lang='lat' dir='ltr'>Quare</span> <span class='ocrx_word' id='word_1_36' title='bbox 1052 491 1151 526; x_wconf 78' lang='lat' dir='ltr'>vobis</span> <span class='ocrx_word' id='word_1_37' title='bbox 1182 489 1358 524; x_wconf 82' lang='lat' dir='ltr'>universis</span> <span class='ocrx_word' id='word_1_38' title='bbox 1389 493 1425 524; x_wconf 90' lang='lat' dir='ltr'>et</span> <span class='ocrx_word' id='word_1_39' title='bbox 1451 488 1605 532; x_wconf 78' lang='lat' dir='ltr'>singulis</span> <span class='ocrx_word' id='word_1_40' title='bbox 1631 487 1794 522; x_wconf 80' lang='lat' dir='ltr'>districte</span> 
     </span>
     <span class='ocr_line' id='line_1_6' title="bbox 163 542 1795 594; baseline -0.006 -11"><span class='ocrx_word' id='word_1_41' title='bbox 163 548 418 594; x_wconf 84' lang='lat' dir='ltr'>praecipiendo</span> <span class='ocrx_word' id='word_1_42' title='bbox 441 549 655 582; x_wconf 89' lang='lat' dir='ltr'>mandamus</span> <span class='ocrx_word' id='word_1_43' title='bbox 678 547 819 593; x_wconf 89' lang='lat' dir='ltr'>gratiae</span> <span class='ocrx_word' id='word_1_44' title='bbox 844 551 986 582; x_wconf 83' lang='lat' dir='ltr'>nostrae</span> <span class='ocrx_word' id='word_1_45' title='bbox 1013 549 1048 581; x_wconf 89' lang='lat' dir='ltr'>et</span> <span class='ocrx_word' id='word_1_46' title='bbox 1074 544 1167 580; x_wconf 87' lang='lat' dir='ltr'>sacri</span> <span class='ocrx_word' id='word_1_47' title='bbox 1198 543 1354 579; x_wconf 86' lang='lat' dir='ltr'>Romani</span> <span class='ocrx_word' id='word_1_48' title='bbox 1383 543 1525 587; x_wconf 87' lang='lat' dir='ltr'>imperii</span> <span class='ocrx_word' id='word_1_49' title='bbox 1553 543 1619 577; x_wconf 88' lang='lat' dir='ltr'>sub</span> <span class='ocrx_word' id='word_1_50' title='bbox 1647 542 1795 576; x_wconf 81' lang='lat' dir='ltr'>obtentu</span> 
     </span>
     <span class='ocr_line' id='line_1_7' title="bbox 164 595 1797 647; baseline -0.007 -8"><span class='ocrx_word' id='word_1_51' title='bbox 164 614 207 638; x_wconf 73' lang='lat' dir='ltr'>ac</span> <span class='ocrx_word' id='word_1_52' title='bbox 222 604 288 638; x_wconf 89' lang='lat' dir='ltr'>sub</span> <span class='ocrx_word' id='word_1_53' title='bbox 305 614 419 647; x_wconf 87' lang='lat' dir='ltr'>poena</span> <span class='ocrx_word' id='word_1_54' title='bbox 442 602 708 638; x_wconf 86' lang='lat' dir='ltr'>confiscationis</span> <span class='ocrx_word' id='word_1_55' title='bbox 730 602 892 636; x_wconf 90' lang='lat' dir='ltr'>omnium</span> <span class='ocrx_word' id='word_1_56' title='bbox 918 602 1094 635; x_wconf 90' lang='lat' dir='ltr'>bonorum</span> <span class='ocrx_word' id='word_1_57' title='bbox 1118 602 1319 635; x_wconf 85' lang='lat' dir='ltr'>vestrorum</span> <span class='ocrx_word' id='word_1_58' title='bbox 1344 597 1597 642; x_wconf 80' lang='lat' dir='ltr'><strong>temporalium</strong></span> <span class='ocrx_word' id='word_1_59' title='bbox 1621 599 1657 631; x_wconf 90' lang='lat' dir='ltr'>et</span> <span class='ocrx_word' id='word_1_60' title='bbox 1681 595 1797 639; x_wconf 88' lang='lat' dir='ltr'>priva-</span> 
     </span>
     <span class='ocr_line' id='line_1_8' title="bbox 164 652 1800 703; baseline -0.006 -10"><span class='ocrx_word' id='word_1_61' title='bbox 164 657 273 694; x_wconf 77' lang='lat' dir='ltr'>tionis</span> <span class='ocrx_word' id='word_1_62' title='bbox 297 658 586 703; x_wconf 85' lang='lat' dir='ltr'>privilegiorum,</span> <span class='ocrx_word' id='word_1_63' title='bbox 605 658 820 703; x_wconf 88' lang='lat' dir='ltr'>gratiarum,</span> <span class='ocrx_word' id='word_1_64' title='bbox 847 657 1055 692; x_wconf 86' lang='lat' dir='ltr'>libertatum</span> <span class='ocrx_word' id='word_1_65' title='bbox 1079 659 1115 691; x_wconf 91' lang='lat' dir='ltr'>et</span> <span class='ocrx_word' id='word_1_66' title='bbox 1136 655 1278 700; x_wconf 84' lang='lat' dir='ltr'>jurium</span> <span class='ocrx_word' id='word_1_67' title='bbox 1307 664 1630 698; x_wconf 85' lang='lat' dir='ltr'>quorumcumque,</span> <span class='ocrx_word' id='word_1_68' title='bbox 1649 652 1678 686; x_wconf 90' lang='lat' dir='ltr'>si</span> <span class='ocrx_word' id='word_1_69' title='bbox 1702 661 1800 685; x_wconf 86' lang='lat' dir='ltr'>man-</span> 
     </span>
     <span class='ocr_line' id='line_1_9' title="bbox 164 707 1798 758; baseline -0.005 -10"><span class='ocrx_word' id='word_1_70' title='bbox 164 713 249 748; x_wconf 86' lang='lat' dir='ltr'>data</span> <span class='ocrx_word' id='word_1_71' title='bbox 272 717 393 748; x_wconf 83' lang='lat' dir='ltr'>nostra</span> <span class='ocrx_word' id='word_1_72' title='bbox 417 714 474 748; x_wconf 83' lang='lat' dir='ltr'>vel</span> <span class='ocrx_word' id='word_1_73' title='bbox 505 713 644 758; x_wconf 87' lang='lat' dir='ltr'>aliquot</span> <span class='ocrx_word' id='word_1_74' title='bbox 679 713 839 757; x_wconf 86' lang='lat' dir='ltr'>ipsorum</span> <span class='ocrx_word' id='word_1_75' title='bbox 868 712 995 756; x_wconf 71' lang='lat' dir='ltr'>quovis</span> <span class='ocrx_word' id='word_1_76' title='bbox 1023 711 1128 746; x_wconf 89' lang='lat' dir='ltr'>modo</span> <span class='ocrx_word' id='word_1_77' title='bbox 1157 710 1294 745; x_wconf 88' lang='lat' dir='ltr'>suerint</span> <span class='ocrx_word' id='word_1_78' title='bbox 1320 713 1556 754; x_wconf 87' lang='lat' dir='ltr'>transgressa,</span> <span class='ocrx_word' id='word_1_79' title='bbox 1587 707 1665 751; x_wconf 87' lang='lat' dir='ltr'>ipso</span> <span class='ocrx_word' id='word_1_80' title='bbox 1689 708 1798 747; x_wconf 85' lang='lat' dir='ltr'>facto,</span> 
     </span>
     <span class='ocr_line' id='line_1_10' title="bbox 166 763 1799 813; baseline -0.008 -5"><span class='ocrx_word' id='word_1_81' title='bbox 166 775 207 808; x_wconf 84' lang='lat' dir='ltr'>ut</span> <span class='ocrx_word' id='word_1_82' title='bbox 236 775 369 807; x_wconf 86' lang='lat' dir='ltr'>sectam</span> <span class='ocrx_word' id='word_1_83' title='bbox 398 769 672 813; x_wconf 80' lang='lat' dir='ltr'>Begliardorum</span> <span class='ocrx_word' id='word_1_84' title='bbox 696 772 731 803; x_wconf 86' lang='lat' dir='ltr'>et</span> <span class='ocrx_word' id='word_1_85' title='bbox 755 768 1002 813; x_wconf 84' lang='lat' dir='ltr'>Beghinarum</span> <span class='ocrx_word' id='word_1_86' title='bbox 1016 778 1076 802; x_wconf 90' lang='lat' dir='ltr'>seu</span> <span class='ocrx_word' id='word_1_87' title='bbox 1095 766 1339 801; x_wconf 76' lang='lat' dir='ltr'>Swestronum</span> <span class='ocrx_word' id='word_1_88' title='bbox 1364 763 1669 803; x_wconf 77' lang='lat' dir='ltr'>conventualium,</span> <span class='ocrx_word' id='word_1_89' title='bbox 1707 772 1799 806; x_wconf 87' lang='lat' dir='ltr'>quae</span> 
     </span>
     <span class='ocr_line' id='line_1_11' title="bbox 165 817 1797 871; baseline -0.007 -9"><span class='ocrx_word' id='word_1_90' title='bbox 165 828 276 871; x_wconf 88' lang='lat' dir='ltr'>vulgo</span> <span class='ocrx_word' id='word_1_91' title='bbox 296 825 417 870; x_wconf 69' lang='lat' dir='ltr'>Wilye</span> <span class='ocrx_word' id='word_1_92' title='bbox 432 827 571 859; x_wconf 80' lang='lat' dir='ltr'>Armen</span> <span class='ocrx_word' id='word_1_93' title='bbox 587 824 643 858; x_wconf 80' lang='lat' dir='ltr'>vel</span> <span class='ocrx_word' id='word_1_94' title='bbox 660 822 1037 864; x_wconf 72' lang='lat' dir='ltr'>Conventsclzwestern</span> <span class='ocrx_word' id='word_1_95' title='bbox 1053 821 1235 862; x_wconf 86' lang='lat' dir='ltr'>dicuntur,</span> <span class='ocrx_word' id='word_1_96' title='bbox 1255 821 1311 856; x_wconf 69' lang='lat' dir='ltr'>vel</span> <span class='ocrx_word' id='word_1_97' title='bbox 1329 832 1420 864; x_wconf 85' lang='lat' dir='ltr'>quae</span> <span class='ocrx_word' id='word_1_98' title='bbox 1436 819 1543 854; x_wconf 87' lang='lat' dir='ltr'>simul</span> <span class='ocrx_word' id='word_1_99' title='bbox 1560 817 1797 853; x_wconf 81' lang='lat' dir='ltr'>mendicando</span> 
     </span>
     <span class='ocr_line' id='line_1_12' title="bbox 165 871 1799 922; baseline -0.007 -5"><span class='ocrx_word' id='word_1_100' title='bbox 165 882 292 917; x_wconf 80' lang='lat' dir='ltr'>dieunt</span> <span class='ocrx_word' id='word_1_101' title='bbox 308 881 411 915; x_wconf 78' lang='lat' dir='ltr'>Brod</span> <span class='ocrx_word' id='word_1_102' title='bbox 427 879 546 914; x_wconf 79' lang='lat' dir='ltr'>durch</span> <span class='ocrx_word' id='word_1_103' title='bbox 565 879 659 920; x_wconf 78' lang='lat' dir='ltr'>Goct,</span> <span class='ocrx_word' id='word_1_104' title='bbox 680 882 713 914; x_wconf 88' lang='lat' dir='ltr'>et</span> <span class='ocrx_word' id='word_1_105' title='bbox 731 891 853 913; x_wconf 83' lang='lat' dir='ltr'>omnes</span> <span class='ocrx_word' id='word_1_106' title='bbox 872 878 1080 922; x_wconf 84' lang='lat' dir='ltr'>Beghardos</span> <span class='ocrx_word' id='word_1_107' title='bbox 1097 880 1131 912; x_wconf 88' lang='lat' dir='ltr'>ct</span> <span class='ocrx_word' id='word_1_108' title='bbox 1150 876 1332 921; x_wconf 82' lang='lat' dir='ltr'>Begliinas</span> <span class='ocrx_word' id='word_1_109' title='bbox 1348 875 1567 920; x_wconf 85' lang='lat' dir='ltr'>generaliter</span> <span class='ocrx_word' id='word_1_110' title='bbox 1590 878 1625 909; x_wconf 87' lang='lat' dir='ltr'>et</span> <span class='ocrx_word' id='word_1_111' title='bbox 1649 871 1799 917; x_wconf 88' lang='lat' dir='ltr'>quemli-</span> 
     </span>
     <span class='ocr_line' id='line_1_13' title="bbox 167 929 1803 980; baseline -0.006 -9"><span class='ocrx_word' id='word_1_112' title='bbox 167 937 227 972; x_wconf 96' lang='lat' dir='ltr'>bet</span> <span class='ocrx_word' id='word_1_113' title='bbox 250 940 286 971; x_wconf 87' lang='lat' dir='ltr'>et</span> <span class='ocrx_word' id='word_1_114' title='bbox 302 936 501 980; x_wconf 82' lang='lat' dir='ltr'>quamlibet</span> <span class='ocrx_word' id='word_1_115' title='bbox 524 936 684 979; x_wconf 83' lang='lat' dir='ltr'>ipsorum</span> <span class='ocrx_word' id='word_1_116' title='bbox 708 939 743 970; x_wconf 88' lang='lat' dir='ltr'>ct</span> <span class='ocrx_word' id='word_1_117' title='bbox 767 935 925 978; x_wconf 74' lang='lat' dir='ltr'>ipsarum</span> <span class='ocrx_word' id='word_1_118' title='bbox 947 933 1183 978; x_wconf 67' lang='lat' dir='ltr'>singulariter</span> <span class='ocrx_word' id='word_1_119' title='bbox 1207 936 1390 976; x_wconf 82' lang='lat' dir='ltr'><strong>tamquam</strong></span> <span class='ocrx_word' id='word_1_120' title='bbox 1414 929 1743 966; x_wconf 76' lang='lat' dir='ltr'>excommunicatos</span> <span class='ocrx_word' id='word_1_121' title='bbox 1768 930 1803 962; x_wconf 84' lang='lat' dir='ltr'>et</span> 
     </span>
     <span class='ocr_line' id='line_1_14' title="bbox 167 982 1802 1034; baseline -0.007 -7"><span class='ocrx_word' id='word_1_122' title='bbox 167 991 497 1027; x_wconf 79' lang='lat' dir='ltr'>excommunicatas</span> <span class='ocrx_word' id='word_1_123' title='bbox 513 1002 534 1025; x_wconf 93' lang='lat' dir='ltr'>a</span> <span class='ocrx_word' id='word_1_124' title='bbox 546 992 630 1033; x_wconf 87' lang='lat' dir='ltr'>jure</span> <span class='ocrx_word' id='word_1_125' title='bbox 646 994 682 1025; x_wconf 87' lang='lat' dir='ltr'>et</span> <span class='ocrx_word' id='word_1_126' title='bbox 706 990 923 1034; x_wconf 75' lang='lat' dir='ltr'>proscriptos</span> <span class='ocrx_word' id='word_1_127' title='bbox 939 1001 982 1023; x_wconf 89' lang='lat' dir='ltr'>ac</span> <span class='ocrx_word' id='word_1_128' title='bbox 1006 988 1223 1033; x_wconf 73' lang='lat' dir='ltr'>proscriptas</span> <span class='ocrx_word' id='word_1_129' title='bbox 1247 991 1282 1022; x_wconf 84' lang='lat' dir='ltr'>ct</span> <span class='ocrx_word' id='word_1_130' title='bbox 1307 986 1513 1021; x_wconf 83' lang='lat' dir='ltr'>inbannitos</span> <span class='ocrx_word' id='word_1_131' title='bbox 1536 989 1572 1020; x_wconf 85' lang='lat' dir='ltr'>ct</span> <span class='ocrx_word' id='word_1_132' title='bbox 1595 982 1802 1019; x_wconf 88' lang='lat' dir='ltr'>inbannitas</span> 
     </span>
     <span class='ocr_line' id='line_1_15' title="bbox 170 1038 1802 1092; baseline -0.007 -10"><span class='ocrx_word' id='word_1_133' title='bbox 170 1058 235 1092; x_wconf 87' lang='lat' dir='ltr'>per</span> <span class='ocrx_word' id='word_1_134' title='bbox 251 1058 313 1082; x_wconf 82' lang='lat' dir='ltr'>nos</span> <span class='ocrx_word' id='word_1_135' title='bbox 330 1058 372 1081; x_wconf 87' lang='lat' dir='ltr'>ae</span> <span class='ocrx_word' id='word_1_136' title='bbox 395 1059 538 1081; x_wconf 90' lang='lat' dir='ltr'>sacrum</span> <span class='ocrx_word' id='word_1_137' title='bbox 556 1047 762 1082; x_wconf 86' lang='lat' dir='ltr'>Romanum</span> <span class='ocrx_word' id='word_1_138' title='bbox 788 1046 981 1090; x_wconf 82' lang='lat' dir='ltr'>imperium</span> <span class='ocrx_word' id='word_1_139' title='bbox 1004 1057 1048 1080; x_wconf 78' lang='lat' dir='ltr'>ex</span> <span class='ocrx_word' id='word_1_140' title='bbox 1071 1045 1192 1080; x_wconf 88' lang='lat' dir='ltr'>animo</span> <span class='ocrx_word' id='word_1_141' title='bbox 1216 1044 1426 1084; x_wconf 85' lang='lat' dir='ltr'>deliberato,</span> <span class='ocrx_word' id='word_1_142' title='bbox 1453 1042 1563 1076; x_wconf 90' lang='lat' dir='ltr'>immo</span> <span class='ocrx_word' id='word_1_143' title='bbox 1580 1038 1802 1083; x_wconf 88' lang='lat' dir='ltr'>reipublicae</span> 
     </span>
     <span class='ocr_line' id='line_1_16' title="bbox 170 1092 1803 1146; baseline -0.006 -10"><span class='ocrx_word' id='word_1_144' title='bbox 170 1101 390 1146; x_wconf 86' lang='lat' dir='ltr'>perniciosos</span> <span class='ocrx_word' id='word_1_145' title='bbox 417 1101 584 1136; x_wconf 87' lang='lat' dir='ltr'>inimicos</span> <span class='ocrx_word' id='word_1_146' title='bbox 611 1113 673 1136; x_wconf 89' lang='lat' dir='ltr'>scu</span> <span class='ocrx_word' id='word_1_147' title='bbox 701 1100 879 1142; x_wconf 80' lang='lat' dir='ltr'>inimicas,</span> <span class='ocrx_word' id='word_1_148' title='bbox 910 1101 971 1145; x_wconf 87' lang='lat' dir='ltr'>qui</span> <span class='ocrx_word' id='word_1_149' title='bbox 1002 1104 1038 1136; x_wconf 88' lang='lat' dir='ltr'>et</span> <span class='ocrx_word' id='word_1_150' title='bbox 1064 1111 1156 1143; x_wconf 88' lang='lat' dir='ltr'>quae</span> <span class='ocrx_word' id='word_1_151' title='bbox 1180 1099 1331 1134; x_wconf 79' lang='lat' dir='ltr'>veniunt</span> <span class='ocrx_word' id='word_1_152' title='bbox 1357 1099 1403 1132; x_wconf 91' lang='lat' dir='ltr'>ad</span> <span class='ocrx_word' id='word_1_153' title='bbox 1428 1109 1492 1132; x_wconf 90' lang='lat' dir='ltr'>nos</span> <span class='ocrx_word' id='word_1_154' title='bbox 1515 1096 1553 1131; x_wconf 92' lang='lat' dir='ltr'>in</span> <span class='ocrx_word' id='word_1_155' title='bbox 1580 1092 1803 1130; x_wconf 86' lang='lat' dir='ltr'>vestimentis</span> 
     </span>
     <span class='ocr_line' id='line_1_17' title="bbox 171 1149 1802 1200; baseline -0.006 -9"><span class='ocrx_word' id='word_1_156' title='bbox 171 1157 306 1198; x_wconf 87' lang='lat' dir='ltr'>ovium,</span> <span class='ocrx_word' id='word_1_157' title='bbox 325 1157 540 1192; x_wconf 82' lang='lat' dir='ltr'>intrinsecus</span> <span class='ocrx_word' id='word_1_158' title='bbox 562 1160 684 1192; x_wconf 89' lang='lat' dir='ltr'>autem</span> <span class='ocrx_word' id='word_1_159' title='bbox 707 1160 789 1191; x_wconf 88' lang='lat' dir='ltr'>sunt</span> <span class='ocrx_word' id='word_1_160' title='bbox 815 1156 892 1200; x_wconf 91' lang='lat' dir='ltr'>lupi</span> <span class='ocrx_word' id='word_1_161' title='bbox 916 1168 1063 1200; x_wconf 76' lang='lat' dir='ltr'>rapaces</span> <span class='ocrx_word' id='word_1_162' title='bbox 1086 1159 1121 1190; x_wconf 90' lang='lat' dir='ltr'>ct</span> <span class='ocrx_word' id='word_1_163' title='bbox 1150 1156 1358 1198; x_wconf 82' lang='lat' dir='ltr'>frequenter</span> <span class='ocrx_word' id='word_1_164' title='bbox 1381 1153 1589 1197; x_wconf 83' lang='lat' dir='ltr'>pestiferum</span> <span class='ocrx_word' id='word_1_165' title='bbox 1613 1150 1714 1185; x_wconf 72' lang='lat' dir='ltr'>virus</span> <span class='ocrx_word' id='word_1_166' title='bbox 1736 1149 1802 1182; x_wconf 85' lang='lat' dir='ltr'>sub</span> 
     </span>
     <span class='ocr_line' id='line_1_18' title="bbox 171 1206 1804 1256; baseline -0.005 -9"><span class='ocrx_word' id='word_1_167' title='bbox 171 1212 289 1248; x_wconf 86' lang='lat' dir='ltr'>mellis</span> <span class='ocrx_word' id='word_1_168' title='bbox 305 1213 495 1248; x_wconf 85' lang='lat' dir='ltr'>dulcedine</span> <span class='ocrx_word' id='word_1_169' title='bbox 523 1212 560 1246; x_wconf 90' lang='lat' dir='ltr'>in</span> <span class='ocrx_word' id='word_1_170' title='bbox 585 1213 725 1246; x_wconf 90' lang='lat' dir='ltr'>animas</span> <span class='ocrx_word' id='word_1_171' title='bbox 747 1211 967 1256; x_wconf 81' lang='lat' dir='ltr'>simplicium</span> <span class='ocrx_word' id='word_1_172' title='bbox 995 1215 1174 1246; x_wconf 90' lang='lat' dir='ltr'>conantur</span> <span class='ocrx_word' id='word_1_173' title='bbox 1200 1221 1376 1250; x_wconf 81' lang='lat' dir='ltr'>evomere,</span> <span class='ocrx_word' id='word_1_174' title='bbox 1392 1213 1443 1250; x_wconf 91' lang='lat' dir='ltr'>ut,</span> <span class='ocrx_word' id='word_1_175' title='bbox 1463 1219 1546 1242; x_wconf 89' lang='lat' dir='ltr'>cum</span> <span class='ocrx_word' id='word_1_176' title='bbox 1571 1207 1691 1241; x_wconf 87' lang='lat' dir='ltr'>cibum</span> <span class='ocrx_word' id='word_1_177' title='bbox 1709 1206 1804 1240; x_wconf 89' lang='lat' dir='ltr'>vitae</span> 
     </span>
     <span class='ocr_line' id='line_1_19' title="bbox 171 1265 1804 1310; baseline -0.006 -8"><span class='ocrx_word' id='word_1_178' title='bbox 171 1267 378 1303; x_wconf 85' lang='lat' dir='ltr'>ministrare</span> <span class='ocrx_word' id='word_1_179' title='bbox 409 1278 446 1302; x_wconf 82' lang='lat' dir='ltr'>se</span> <span class='ocrx_word' id='word_1_180' title='bbox 473 1267 657 1308; x_wconf 88' lang='lat' dir='ltr'>simulant,</span> <span class='ocrx_word' id='word_1_181' title='bbox 690 1266 817 1301; x_wconf 87' lang='lat' dir='ltr'>mortis</span> <span class='ocrx_word' id='word_1_182' title='bbox 848 1266 1019 1310; x_wconf 88' lang='lat' dir='ltr'>poculum</span> <span class='ocrx_word' id='word_1_183' title='bbox 1054 1265 1281 1300; x_wconf 73' lang='lat' dir='ltr'>immisceant</span> <span class='ocrx_word' id='word_1_184' title='bbox 1318 1274 1548 1303; x_wconf 78' lang='lat' dir='ltr'>venenosum,</span> <span class='ocrx_word' id='word_1_185' title='bbox 1578 1270 1804 1303; x_wconf 80' lang='lat' dir='ltr'>summopere</span> 
     </span>
     <span class='ocr_line' id='line_1_20' title="bbox 170 1315 1806 1364; baseline -0.006 -8"><span class='ocrx_word' id='word_1_186' title='bbox 170 1323 292 1358; x_wconf 74' lang='lat' dir='ltr'>vitetis</span> <span class='ocrx_word' id='word_1_187' title='bbox 315 1327 351 1358; x_wconf 88' lang='lat' dir='ltr'>et</span> <span class='ocrx_word' id='word_1_188' title='bbox 373 1335 395 1357; x_wconf 93' lang='lat' dir='ltr'>a</span> <span class='ocrx_word' id='word_1_189' title='bbox 426 1323 554 1358; x_wconf 75' lang='lat' dir='ltr'>vestris</span> <span class='ocrx_word' id='word_1_190' title='bbox 590 1323 690 1364; x_wconf 78' lang='lat' dir='ltr'>locis,</span> <span class='ocrx_word' id='word_1_191' title='bbox 721 1323 839 1364; x_wconf 82' lang='lat' dir='ltr'>terris,</span> <span class='ocrx_word' id='word_1_192' title='bbox 867 1323 1086 1363; x_wconf 79' lang='lat' dir='ltr'>civitatibus,</span> <span class='ocrx_word' id='word_1_193' title='bbox 1112 1320 1421 1361; x_wconf 78' lang='lat' dir='ltr'>universitatibus,</span> <span class='ocrx_word' id='word_1_194' title='bbox 1448 1315 1806 1362; x_wconf 84' lang='lat' dir='ltr'>congregationibus,</span> 
     </span>
     <span class='ocr_line' id='line_1_21' title="bbox 172 1369 1810 1422; baseline -0.006 -10"><span class='ocrx_word' id='word_1_195' title='bbox 172 1378 355 1422; x_wconf 85' lang='lat' dir='ltr'>perpetuis</span> <span class='ocrx_word' id='word_1_196' title='bbox 372 1378 594 1422; x_wconf 77' lang='lat' dir='ltr'>temporibus</span> <span class='ocrx_word' id='word_1_197' title='bbox 611 1378 821 1420; x_wconf 79' lang='lat' dir='ltr'>excludatis,</span> <span class='ocrx_word' id='word_1_198' title='bbox 849 1377 1081 1422; x_wconf 80' lang='lat' dir='ltr'>proscribatis</span> <span class='ocrx_word' id='word_1_199' title='bbox 1105 1379 1141 1411; x_wconf 92' lang='lat' dir='ltr'>ct</span> <span class='ocrx_word' id='word_1_200' title='bbox 1163 1376 1327 1416; x_wconf 78' lang='lat' dir='ltr'>exuletis,</span> <span class='ocrx_word' id='word_1_201' title='bbox 1346 1377 1381 1410; x_wconf 86' lang='lat' dir='ltr'>et</span> <span class='ocrx_word' id='word_1_202' title='bbox 1405 1377 1530 1408; x_wconf 85' lang='lat' dir='ltr'>contra</span> <span class='ocrx_word' id='word_1_203' title='bbox 1547 1372 1642 1416; x_wconf 85' lang='lat' dir='ltr'>ipsos</span> <span class='ocrx_word' id='word_1_204' title='bbox 1657 1373 1693 1405; x_wconf 88' lang='lat' dir='ltr'>et</span> <span class='ocrx_word' id='word_1_205' title='bbox 1713 1369 1810 1413; x_wconf 88' lang='lat' dir='ltr'>ipsas</span> 
     </span>
     <span class='ocr_line' id='line_1_22' title="bbox 172 1426 1812 1479; baseline -0.007 -9"><span class='ocrx_word' id='word_1_206' title='bbox 172 1438 359 1478; x_wconf 85' lang='lat' dir='ltr'>tamquam</span> <span class='ocrx_word' id='word_1_207' title='bbox 376 1435 586 1478; x_wconf 87' lang='lat' dir='ltr'>reprobatos</span> <span class='ocrx_word' id='word_1_208' title='bbox 609 1438 645 1470; x_wconf 87' lang='lat' dir='ltr'>et</span> <span class='ocrx_word' id='word_1_209' title='bbox 667 1435 877 1479; x_wconf 85' lang='lat' dir='ltr'>reprobatas</span> <span class='ocrx_word' id='word_1_210' title='bbox 905 1434 950 1469; x_wconf 92' lang='lat' dir='ltr'>ab</span> <span class='ocrx_word' id='word_1_211' title='bbox 979 1432 1131 1469; x_wconf 88' lang='lat' dir='ltr'>ecclesia</span> <span class='ocrx_word' id='word_1_212' title='bbox 1158 1435 1193 1467; x_wconf 82' lang='lat' dir='ltr'>et.</span> <span class='ocrx_word' id='word_1_213' title='bbox 1221 1430 1378 1466; x_wconf 86' lang='lat' dir='ltr'>Romani</span> <span class='ocrx_word' id='word_1_214' title='bbox 1406 1428 1550 1473; x_wconf 88' lang='lat' dir='ltr'>imperii</span> <span class='ocrx_word' id='word_1_215' title='bbox 1580 1426 1748 1462; x_wconf 89' lang='lat' dir='ltr'>inimicos</span> <span class='ocrx_word' id='word_1_216' title='bbox 1774 1427 1812 1460; x_wconf 86' lang='lat' dir='ltr'>et</span> 
     </span>
     <span class='ocr_line' id='line_1_23' title="bbox 174 1489 784 1535; baseline 0.002 -11"><span class='ocrx_word' id='word_1_217' title='bbox 174 1489 343 1525; x_wconf 89' lang='lat' dir='ltr'>inimicas</span> <span class='ocrx_word' id='word_1_218' title='bbox 359 1491 555 1526; x_wconf 87' lang='lat' dir='ltr'>efficaciter</span> <span class='ocrx_word' id='word_1_219' title='bbox 571 1491 784 1535; x_wconf 86' lang='lat' dir='ltr'>procedatis.</span> 
     </span>
    </p>

    <p class='ocr_par' dir='ltr' id='par_1_3' title="bbox 173 1535 1814 2310">
     <span class='ocr_line' id='line_1_24' title="bbox 219 1535 1808 1590; baseline -0.006 -11"><span class='ocrx_word' id='word_1_220' title='bbox 219 1545 257 1580; x_wconf 91' lang='lat' dir='ltr'>Si</span> <span class='ocrx_word' id='word_1_221' title='bbox 274 1557 372 1587; x_wconf 87' lang='lat' dir='ltr'>vero,</span> <span class='ocrx_word' id='word_1_222' title='bbox 391 1546 486 1590; x_wconf 87' lang='lat' dir='ltr'>quod</span> <span class='ocrx_word' id='word_1_223' title='bbox 502 1547 607 1588; x_wconf 86' lang='lat' dir='ltr'>absit,</span> <span class='ocrx_word' id='word_1_224' title='bbox 622 1545 754 1590; x_wconf 88' lang='lat' dir='ltr'>aliquis</span> <span class='ocrx_word' id='word_1_225' title='bbox 770 1546 827 1581; x_wconf 90' lang='lat' dir='ltr'>vel</span> <span class='ocrx_word' id='word_1_226' title='bbox 844 1544 957 1589; x_wconf 87' lang='lat' dir='ltr'>aliqui</span> <span class='ocrx_word' id='word_1_227' title='bbox 974 1555 1060 1579; x_wconf 88' lang='lat' dir='ltr'>suae</span> <span class='ocrx_word' id='word_1_228' title='bbox 1075 1542 1203 1579; x_wconf 89' lang='lat' dir='ltr'>salutis</span> <span class='ocrx_word' id='word_1_229' title='bbox 1218 1541 1457 1582; x_wconf 86' lang='lat' dir='ltr'>immemores,</span> <span class='ocrx_word' id='word_1_230' title='bbox 1470 1538 1585 1574; x_wconf 88' lang='lat' dir='ltr'>dictos</span> <span class='ocrx_word' id='word_1_231' title='bbox 1598 1535 1808 1582; x_wconf 88' lang='lat' dir='ltr'>Beghardos</span> 
     </span>
     <span class='ocr_line' id='line_1_25' title="bbox 173 1591 1810 1646; baseline -0.009 -8"><span class='ocrx_word' id='word_1_232' title='bbox 173 1605 210 1638; x_wconf 83' lang='lat' dir='ltr'>et</span> <span class='ocrx_word' id='word_1_233' title='bbox 239 1601 422 1646; x_wconf 84' lang='lat' dir='ltr'>Beghinas</span> <span class='ocrx_word' id='word_1_234' title='bbox 452 1603 592 1638; x_wconf 84' lang='lat' dir='ltr'>occulte</span> <span class='ocrx_word' id='word_1_235' title='bbox 630 1603 687 1638; x_wconf 86' lang='lat' dir='ltr'>vel</span> <span class='ocrx_word' id='word_1_236' title='bbox 725 1601 914 1637; x_wconf 87' lang='lat' dir='ltr'>manifeste</span> <span class='ocrx_word' id='word_1_237' title='bbox 944 1599 1165 1644; x_wconf 81' lang='lat' dir='ltr'>receperint,</span> <span class='ocrx_word' id='word_1_238' title='bbox 1200 1596 1480 1643; x_wconf 83' lang='lat' dir='ltr'>hospitavcrint,</span> <span class='ocrx_word' id='word_1_239' title='bbox 1515 1592 1716 1629; x_wconf 85' lang='lat' dir='ltr'>cibaverint</span> <span class='ocrx_word' id='word_1_240' title='bbox 1750 1591 1810 1625; x_wconf 73' lang='lat' dir='ltr'>vel</span> 
     </span>
     <span class='ocr_line' id='line_1_26' title="bbox 174 1646 1809 1702; baseline -0.008 -10"><span class='ocrx_word' id='word_1_241' title='bbox 174 1657 300 1701; x_wconf 84' lang='lat' dir='ltr'>quovis</span> <span class='ocrx_word' id='word_1_242' title='bbox 324 1657 429 1692; x_wconf 92' lang='lat' dir='ltr'>modo</span> <span class='ocrx_word' id='word_1_243' title='bbox 453 1657 539 1701; x_wconf 87' lang='lat' dir='ltr'>ipsis</span> <span class='ocrx_word' id='word_1_244' title='bbox 564 1657 808 1702; x_wconf 81' lang='lat' dir='ltr'>praestiterint</span> <span class='ocrx_word' id='word_1_245' title='bbox 825 1655 1029 1697; x_wconf 88' lang='lat' dir='ltr'>consilium,</span> <span class='ocrx_word' id='word_1_246' title='bbox 1047 1654 1226 1690; x_wconf 82' lang='lat' dir='ltr'>auxilium</span> <span class='ocrx_word' id='word_1_247' title='bbox 1251 1653 1309 1689; x_wconf 84' lang='lat' dir='ltr'>vel</span> <span class='ocrx_word' id='word_1_248' title='bbox 1333 1653 1504 1691; x_wconf 85' lang='lat' dir='ltr'>favorem,</span> <span class='ocrx_word' id='word_1_249' title='bbox 1523 1647 1625 1683; x_wconf 82' lang='lat' dir='ltr'>vobis</span> <span class='ocrx_word' id='word_1_250' title='bbox 1642 1646 1809 1682; x_wconf 89' lang='lat' dir='ltr'>omnibus</span> 
     </span>
     <span class='ocr_line' id='line_1_27' title="bbox 173 1702 1809 1756; baseline -0.006 -9"><span class='ocrx_word' id='word_1_251' title='bbox 173 1715 210 1747; x_wconf 87' lang='lat' dir='ltr'>et</span> <span class='ocrx_word' id='word_1_252' title='bbox 235 1711 389 1756; x_wconf 88' lang='lat' dir='ltr'>singulis</span> <span class='ocrx_word' id='word_1_253' title='bbox 416 1713 482 1747; x_wconf 91' lang='lat' dir='ltr'>sub</span> <span class='ocrx_word' id='word_1_254' title='bbox 506 1712 630 1756; x_wconf 87' lang='lat' dir='ltr'>poenis</span> <span class='ocrx_word' id='word_1_255' title='bbox 658 1711 863 1756; x_wconf 85' lang='lat' dir='ltr'>praemissis</span> <span class='ocrx_word' id='word_1_256' title='bbox 889 1710 1052 1746; x_wconf 88' lang='lat' dir='ltr'>districte</span> <span class='ocrx_word' id='word_1_257' title='bbox 1079 1708 1322 1754; x_wconf 88' lang='lat' dir='ltr'>praecipimus</span> <span class='ocrx_word' id='word_1_258' title='bbox 1349 1710 1384 1742; x_wconf 86' lang='lat' dir='ltr'>et</span> <span class='ocrx_word' id='word_1_259' title='bbox 1406 1707 1631 1747; x_wconf 81' lang='lat' dir='ltr'>mandamus,</span> <span class='ocrx_word' id='word_1_260' title='bbox 1657 1707 1698 1740; x_wconf 90' lang='lat' dir='ltr'>ut</span> <span class='ocrx_word' id='word_1_261' title='bbox 1720 1702 1809 1738; x_wconf 87' lang='lat' dir='ltr'>dicti</span> 
     </span>
     <span class='ocr_line' id='line_1_28' title="bbox 174 1758 1811 1811; baseline -0.005 -10"><span class='ocrx_word' id='word_1_262' title='bbox 174 1767 332 1802; x_wconf 84' lang='lat' dir='ltr'>fautores</span> <span class='ocrx_word' id='word_1_263' title='bbox 355 1766 516 1811; x_wconf 85' lang='lat' dir='ltr'>ipsorum</span> <span class='ocrx_word' id='word_1_264' title='bbox 539 1779 601 1803; x_wconf 89' lang='lat' dir='ltr'>seu</span> <span class='ocrx_word' id='word_1_265' title='bbox 625 1768 866 1802; x_wconf 84' lang='lat' dir='ltr'>defensatores</span> <span class='ocrx_word' id='word_1_266' title='bbox 889 1769 953 1801; x_wconf 89' lang='lat' dir='ltr'>aut</span> <span class='ocrx_word' id='word_1_267' title='bbox 980 1767 1220 1809; x_wconf 84' lang='lat' dir='ltr'>receptatores</span> <span class='ocrx_word' id='word_1_268' title='bbox 1237 1764 1282 1798; x_wconf 90' lang='lat' dir='ltr'>ad</span> <span class='ocrx_word' id='word_1_269' title='bbox 1305 1762 1577 1807; x_wconf 83' lang='lat' dir='ltr'>requisitionem</span> <span class='ocrx_word' id='word_1_270' title='bbox 1593 1758 1811 1796; x_wconf 73' lang='lat' dir='ltr'>venerabilis</span> 
     </span>
     <span class='ocr_line' id='line_1_29' title="bbox 174 1813 1810 1866; baseline -0.005 -10"><span class='ocrx_word' id='word_1_271' title='bbox 174 1824 211 1857; x_wconf 86' lang='lat' dir='ltr'>et</span> <span class='ocrx_word' id='word_1_272' title='bbox 235 1821 397 1866; x_wconf 88' lang='lat' dir='ltr'>religiosi</span> <span class='ocrx_word' id='word_1_273' title='bbox 425 1822 495 1856; x_wconf 74' lang='lat' dir='ltr'>viri</span> <span class='ocrx_word' id='word_1_274' title='bbox 522 1822 645 1858; x_wconf 85' lang='lat' dir='ltr'>fratris</span> <span class='ocrx_word' id='word_1_275' title='bbox 669 1822 853 1858; x_wconf 76' lang='lat' dir='ltr'>W&#39;altheri</span> <span class='ocrx_word' id='word_1_276' title='bbox 878 1821 1043 1865; x_wconf 88' lang='lat' dir='ltr'>Kerling,</span> <span class='ocrx_word' id='word_1_277' title='bbox 1071 1819 1208 1855; x_wconf 87' lang='lat' dir='ltr'>ordinis</span> <span class='ocrx_word' id='word_1_278' title='bbox 1247 1817 1550 1863; x_wconf 87' lang='lat' dir='ltr'>praedicatorum,</span> <span class='ocrx_word' id='word_1_279' title='bbox 1577 1814 1744 1860; x_wconf 89' lang='lat' dir='ltr'>magistri</span> <span class='ocrx_word' id='word_1_280' title='bbox 1771 1813 1810 1848; x_wconf 92' lang='lat' dir='ltr'>in</span> 
     </span>
     <span class='ocr_line' id='line_1_30' title="bbox 175 1870 1809 1922; baseline -0.005 -10"><span class='ocrx_word' id='word_1_281' title='bbox 175 1876 371 1922; x_wconf 84' lang='lat' dir='ltr'>theologia,</span> <span class='ocrx_word' id='word_1_282' title='bbox 391 1877 615 1921; x_wconf 84' lang='lat' dir='ltr'>inquisitoris</span> <span class='ocrx_word' id='word_1_283' title='bbox 636 1878 840 1913; x_wconf 82' lang='lat' dir='ltr'>haereticae</span> <span class='ocrx_word' id='word_1_284' title='bbox 863 1876 1052 1921; x_wconf 79' lang='lat' dir='ltr'>pravitatis</span> <span class='ocrx_word' id='word_1_285' title='bbox 1075 1874 1290 1910; x_wconf 86' lang='lat' dir='ltr'>auctoritate</span> <span class='ocrx_word' id='word_1_286' title='bbox 1314 1873 1511 1917; x_wconf 86' lang='lat' dir='ltr'>apostolica</span> <span class='ocrx_word' id='word_1_287' title='bbox 1534 1873 1573 1906; x_wconf 90' lang='lat' dir='ltr'>in</span> <span class='ocrx_word' id='word_1_288' title='bbox 1598 1870 1705 1906; x_wconf 90' lang='lat' dir='ltr'>certis</span> <span class='ocrx_word' id='word_1_289' title='bbox 1729 1880 1809 1913; x_wconf 89' lang='lat' dir='ltr'>pro-</span> 
     </span>
     <span class='ocr_line' id='line_1_31' title="bbox 175 1926 1811 1976; baseline -0.005 -10"><span class='ocrx_word' id='word_1_290' title='bbox 175 1931 306 1966; x_wconf 87' lang='lat' dir='ltr'>vinciis</span> <span class='ocrx_word' id='word_1_291' title='bbox 329 1935 364 1967; x_wconf 88' lang='lat' dir='ltr'>et</span> <span class='ocrx_word' id='word_1_292' title='bbox 387 1932 550 1976; x_wconf 88' lang='lat' dir='ltr'>partibus</span> <span class='ocrx_word' id='word_1_293' title='bbox 566 1933 803 1967; x_wconf 87' lang='lat' dir='ltr'>Alemanniae</span> <span class='ocrx_word' id='word_1_294' title='bbox 828 1931 1026 1972; x_wconf 88' lang='lat' dir='ltr'>constituti,</span> <span class='ocrx_word' id='word_1_295' title='bbox 1054 1929 1231 1974; x_wconf 89' lang='lat' dir='ltr'>capellani</span> <span class='ocrx_word' id='word_1_296' title='bbox 1257 1927 1380 1970; x_wconf 86' lang='lat' dir='ltr'>nostri,</span> <span class='ocrx_word' id='word_1_297' title='bbox 1400 1927 1650 1963; x_wconf 85' lang='lat' dir='ltr'>commensalis</span> <span class='ocrx_word' id='word_1_298' title='bbox 1675 1926 1811 1960; x_wconf 85' lang='lat' dir='ltr'>domes-</span> 
     </span>
     <span class='ocr_line' id='line_1_32' title="bbox 177 1981 1813 2029; baseline -0.004 -7"><span class='ocrx_word' id='word_1_299' title='bbox 177 1987 253 2029; x_wconf 83' lang='lat' dir='ltr'>tici,</span> <span class='ocrx_word' id='word_1_300' title='bbox 283 1989 415 2029; x_wconf 85' lang='lat' dir='ltr'>devoti,</span> <span class='ocrx_word' id='word_1_301' title='bbox 445 1988 567 2024; x_wconf 86' lang='lat' dir='ltr'>dilecti</span> <span class='ocrx_word' id='word_1_302' title='bbox 592 2001 653 2024; x_wconf 87' lang='lat' dir='ltr'>scu</span> <span class='ocrx_word' id='word_1_303' title='bbox 686 2001 833 2024; x_wconf 90' lang='lat' dir='ltr'>suorum</span> <span class='ocrx_word' id='word_1_304' title='bbox 862 1987 1082 2022; x_wconf 78' lang='lat' dir='ltr'>vicariorum</span> <span class='ocrx_word' id='word_1_305' title='bbox 1115 1989 1150 2021; x_wconf 85' lang='lat' dir='ltr'>ct</span> <span class='ocrx_word' id='word_1_306' title='bbox 1177 1985 1332 2020; x_wconf 89' lang='lat' dir='ltr'>aliorum</span> <span class='ocrx_word' id='word_1_307' title='bbox 1365 1983 1621 2028; x_wconf 85' lang='lat' dir='ltr'>inquisitorum</span> <span class='ocrx_word' id='word_1_308' title='bbox 1652 1981 1813 2026; x_wconf 86' lang='lat' dir='ltr'>ejusdem</span> 
     </span>
     <span class='ocr_line' id='line_1_33' title="bbox 178 2035 1814 2088; baseline -0.006 -10"><span class='ocrx_word' id='word_1_309' title='bbox 178 2044 270 2078; x_wconf 89' lang='lat' dir='ltr'>labis</span> <span class='ocrx_word' id='word_1_310' title='bbox 298 2044 500 2079; x_wconf 86' lang='lat' dir='ltr'>haereticae</span> <span class='ocrx_word' id='word_1_311' title='bbox 528 2044 728 2088; x_wconf 77' lang='lat' dir='ltr'>pravitatis,</span> <span class='ocrx_word' id='word_1_312' title='bbox 746 2043 962 2078; x_wconf 83' lang='lat' dir='ltr'>auctoritate</span> <span class='ocrx_word' id='word_1_313' title='bbox 985 2042 1144 2086; x_wconf 84' lang='lat' dir='ltr'>ejusdcm</span> <span class='ocrx_word' id='word_1_314' title='bbox 1173 2041 1265 2075; x_wconf 83' lang='lat' dir='ltr'>sedis</span> <span class='ocrx_word' id='word_1_315' title='bbox 1289 2039 1506 2083; x_wconf 84' lang='lat' dir='ltr'>apostolicae</span> <span class='ocrx_word' id='word_1_316' title='bbox 1529 2038 1568 2072; x_wconf 88' lang='lat' dir='ltr'>in</span> <span class='ocrx_word' id='word_1_317' title='bbox 1596 2035 1814 2072; x_wconf 89' lang='lat' dir='ltr'>Alemannia</span> 
     </span>
     <span class='ocr_line' id='line_1_34' title="bbox 178 2091 1812 2138; baseline -0.006 -4"><span class='ocrx_word' id='word_1_318' title='bbox 178 2099 426 2134; x_wconf 86' lang='lat' dir='ltr'>institutorum</span> <span class='ocrx_word' id='word_1_319' title='bbox 443 2111 485 2134; x_wconf 87' lang='lat' dir='ltr'>ac</span> <span class='ocrx_word' id='word_1_320' title='bbox 508 2099 811 2134; x_wconf 79' lang='lat' dir='ltr'>instituendorum</span> <span class='ocrx_word' id='word_1_321' title='bbox 837 2111 879 2133; x_wconf 90' lang='lat' dir='ltr'>ac</span> <span class='ocrx_word' id='word_1_322' title='bbox 896 2110 1021 2134; x_wconf 88' lang='lat' dir='ltr'>corum</span> <span class='ocrx_word' id='word_1_323' title='bbox 1039 2096 1260 2131; x_wconf 76' lang='lat' dir='ltr'>vicariorum</span> <span class='ocrx_word' id='word_1_324' title='bbox 1284 2095 1433 2130; x_wconf 84' lang='lat' dir='ltr'>indilate</span> <span class='ocrx_word' id='word_1_325' title='bbox 1451 2106 1514 2138; x_wconf 89' lang='lat' dir='ltr'>per</span> <span class='ocrx_word' id='word_1_326' title='bbox 1530 2105 1592 2127; x_wconf 80' lang='lat' dir='ltr'>vos</span> <span class='ocrx_word' id='word_1_327' title='bbox 1608 2091 1812 2136; x_wconf 88' lang='lat' dir='ltr'>capiantur,</span> 
     </span>
     <span class='ocr_line' id='line_1_35' title="bbox 179 2147 1814 2194; baseline -0.006 -6"><span class='ocrx_word' id='word_1_328' title='bbox 179 2154 452 2189; x_wconf 88' lang='lat' dir='ltr'>incarcerentur</span> <span class='ocrx_word' id='word_1_329' title='bbox 478 2158 513 2188; x_wconf 85' lang='lat' dir='ltr'>et</span> <span class='ocrx_word' id='word_1_330' title='bbox 537 2154 644 2189; x_wconf 89' lang='lat' dir='ltr'>certis</span> <span class='ocrx_word' id='word_1_331' title='bbox 667 2166 709 2189; x_wconf 89' lang='lat' dir='ltr'>ac</span> <span class='ocrx_word' id='word_1_332' title='bbox 737 2154 851 2188; x_wconf 81' lang='lat' dir='ltr'>firmis</span> <span class='ocrx_word' id='word_1_333' title='bbox 875 2152 1046 2188; x_wconf 80' lang='lat' dir='ltr'>custodiis</span> <span class='ocrx_word' id='word_1_334' title='bbox 1063 2152 1327 2194; x_wconf 87' lang='lat' dir='ltr'>mancipentur,</span> <span class='ocrx_word' id='word_1_335' title='bbox 1347 2152 1386 2183; x_wconf 87' lang='lat' dir='ltr'>ut</span> <span class='ocrx_word' id='word_1_336' title='bbox 1409 2147 1648 2192; x_wconf 85' lang='lat' dir='ltr'>correptionis</span> <span class='ocrx_word' id='word_1_337' title='bbox 1672 2150 1814 2180; x_wconf 84' lang='lat' dir='ltr'>nostrae</span> 
     </span>
     <span class='ocr_line' id='line_1_36' title="bbox 179 2199 1813 2254; baseline -0.007 -9"><span class='ocrx_word' id='word_1_338' title='bbox 179 2210 414 2254; x_wconf 84' lang='lat' dir='ltr'>temporalem</span> <span class='ocrx_word' id='word_1_339' title='bbox 431 2209 469 2244; x_wconf 87' lang='lat' dir='ltr'>in</span> <span class='ocrx_word' id='word_1_340' title='bbox 485 2210 592 2244; x_wconf 89' lang='lat' dir='ltr'>rebus</span> <span class='ocrx_word' id='word_1_341' title='bbox 608 2214 642 2244; x_wconf 84' lang='lat' dir='ltr'>et</span> <span class='ocrx_word' id='word_1_342' title='bbox 660 2209 821 2253; x_wconf 79' lang='lat' dir='ltr'>personis</span> <span class='ocrx_word' id='word_1_343' title='bbox 843 2207 1081 2243; x_wconf 87' lang='lat' dir='ltr'>acrimoniam</span> <span class='ocrx_word' id='word_1_344' title='bbox 1098 2205 1297 2241; x_wconf 83' lang='lat' dir='ltr'>sustineant</span> <span class='ocrx_word' id='word_1_345' title='bbox 1319 2204 1405 2248; x_wconf 81' lang='lat' dir='ltr'>ipsis</span> <span class='ocrx_word' id='word_1_346' title='bbox 1425 2204 1463 2238; x_wconf 93' lang='lat' dir='ltr'>in</span> <span class='ocrx_word' id='word_1_347' title='bbox 1480 2214 1631 2248; x_wconf 87' lang='lat' dir='ltr'>poenam</span> <span class='ocrx_word' id='word_1_348' title='bbox 1649 2205 1683 2236; x_wconf 87' lang='lat' dir='ltr'>et</span> <span class='ocrx_word' id='word_1_349' title='bbox 1699 2199 1813 2235; x_wconf 89' lang='lat' dir='ltr'>omni-</span> 
     </span>
     <span class='ocr_line' id='line_1_37' title="bbox 180 2264 1070 2310; baseline -0.004 -10"><span class='ocrx_word' id='word_1_350' title='bbox 180 2266 246 2300; x_wconf 89' lang='lat' dir='ltr'>bus</span> <span class='ocrx_word' id='word_1_351' title='bbox 263 2265 343 2300; x_wconf 90' lang='lat' dir='ltr'>aliis</span> <span class='ocrx_word' id='word_1_352' title='bbox 358 2264 538 2299; x_wconf 88' lang='lat' dir='ltr'>similibus</span> <span class='ocrx_word' id='word_1_353' title='bbox 554 2265 592 2299; x_wconf 91' lang='lat' dir='ltr'>in</span> <span class='ocrx_word' id='word_1_354' title='bbox 608 2266 812 2310; x_wconf 80' lang='lat' dir='ltr'>exemplum</span> <span class='ocrx_word' id='word_1_355' title='bbox 830 2268 865 2299; x_wconf 86' lang='lat' dir='ltr'>et·</span> <span class='ocrx_word' id='word_1_356' title='bbox 883 2267 1070 2298; x_wconf 83' lang='lat' dir='ltr'>terrorem.</span> 
     </span>
    </p>

    <p class='ocr_par' dir='ltr' id='par_1_4' title="bbox 181 2310 1822 2972">
     <span class='ocr_line' id='line_1_38' title="bbox 225 2310 1814 2364; baseline -0.006 -10"><span class='ocrx_word' id='word_1_357' title='bbox 225 2320 297 2355; x_wconf 87' lang='lat' dir='ltr'>Vos</span> <span class='ocrx_word' id='word_1_358' title='bbox 321 2331 473 2364; x_wconf 86' lang='lat' dir='ltr'>quoque,</span> <span class='ocrx_word' id='word_1_359' title='bbox 492 2320 765 2364; x_wconf 87' lang='lat' dir='ltr'>archiepiscopi,</span> <span class='ocrx_word' id='word_1_360' title='bbox 784 2318 941 2363; x_wconf 86' lang='lat' dir='ltr'>episcopi</span> <span class='ocrx_word' id='word_1_361' title='bbox 966 2322 1002 2353; x_wconf 90' lang='lat' dir='ltr'>ct</span> <span class='ocrx_word' id='word_1_362' title='bbox 1024 2316 1088 2351; x_wconf 90' lang='lat' dir='ltr'>alii</span> <span class='ocrx_word' id='word_1_363' title='bbox 1113 2315 1264 2360; x_wconf 88' lang='lat' dir='ltr'>praelati</span> <span class='ocrx_word' id='word_1_364' title='bbox 1283 2313 1574 2359; x_wconf 83' lang='lat' dir='ltr'>jurisdictionem</span> <span class='ocrx_word' id='word_1_365' title='bbox 1599 2310 1814 2347; x_wconf 85' lang='lat' dir='ltr'>ecclesiasti-</span> 
     </span>
     <span class='ocr_line' id='line_1_39' title="bbox 181 2366 1815 2417; baseline -0.009 -6"><span class='ocrx_word' id='word_1_366' title='bbox 181 2387 260 2411; x_wconf 88' lang='lat' dir='ltr'>cam</span> <span class='ocrx_word' id='word_1_367' title='bbox 287 2374 488 2410; x_wconf 85' lang='lat' dir='ltr'>obtinentes</span> <span class='ocrx_word' id='word_1_368' title='bbox 514 2381 640 2409; x_wconf 88' lang='lat' dir='ltr'>contra</span> <span class='ocrx_word' id='word_1_369' title='bbox 657 2373 858 2417; x_wconf 82' lang='lat' dir='ltr'>praedictas</span> <span class='ocrx_word' id='word_1_370' title='bbox 874 2374 988 2406; x_wconf 83' lang='lat' dir='ltr'>sectas</span> <span class='ocrx_word' id='word_1_371' title='bbox 1012 2369 1288 2414; x_wconf 86' lang='lat' dir='ltr'>Beghardorum</span> <span class='ocrx_word' id='word_1_372' title='bbox 1312 2371 1348 2402; x_wconf 89' lang='lat' dir='ltr'>ct</span> <span class='ocrx_word' id='word_1_373' title='bbox 1372 2366 1620 2410; x_wconf 80' lang='lat' dir='ltr'>Begliinarum</span> <span class='ocrx_word' id='word_1_374' title='bbox 1637 2369 1672 2398; x_wconf 90' lang='lat' dir='ltr'>et.</span> <span class='ocrx_word' id='word_1_375' title='bbox 1689 2367 1815 2398; x_wconf 85' lang='lat' dir='ltr'>contra</span> 
     </span>
     <span class='ocr_line' id='line_1_40' title="bbox 181 2417 1819 2474; baseline -0.009 -8"><span class='ocrx_word' id='word_1_376' title='bbox 181 2442 305 2466; x_wconf 91' lang='lat' dir='ltr'>omnes</span> <span class='ocrx_word' id='word_1_377' title='bbox 336 2442 379 2465; x_wconf 87' lang='lat' dir='ltr'>ac</span> <span class='ocrx_word' id='word_1_378' title='bbox 410 2430 572 2474; x_wconf 85' lang='lat' dir='ltr'>singulos</span> <span class='ocrx_word' id='word_1_379' title='bbox 604 2428 815 2472; x_wconf 83' lang='lat' dir='ltr'>Beghardos</span> <span class='ocrx_word' id='word_1_380' title='bbox 846 2430 881 2462; x_wconf 91' lang='lat' dir='ltr'>et</span> <span class='ocrx_word' id='word_1_381' title='bbox 913 2425 1096 2470; x_wconf 86' lang='lat' dir='ltr'>Beghinas</span> <span class='ocrx_word' id='word_1_382' title='bbox 1127 2423 1305 2466; x_wconf 88' lang='lat' dir='ltr'>intrepide</span> <span class='ocrx_word' id='word_1_383' title='bbox 1336 2426 1372 2457; x_wconf 86' lang='lat' dir='ltr'>et</span> <span class='ocrx_word' id='word_1_384' title='bbox 1411 2421 1562 2456; x_wconf 89' lang='lat' dir='ltr'>ubilibet</span> <span class='ocrx_word' id='word_1_385' title='bbox 1596 2420 1662 2453; x_wconf 90' lang='lat' dir='ltr'>sub</span> <span class='ocrx_word' id='word_1_386' title='bbox 1694 2417 1819 2462; x_wconf 89' lang='lat' dir='ltr'>poenis</span> 
     </span>
     <span class='ocr_line' id='line_1_41' title="bbox 181 2473 1816 2529; baseline -0.009 -9"><span class='ocrx_word' id='word_1_387' title='bbox 181 2484 398 2529; x_wconf 86' lang='lat' dir='ltr'>supradictis</span> <span class='ocrx_word' id='word_1_388' title='bbox 414 2496 478 2528; x_wconf 89' lang='lat' dir='ltr'>per</span> <span class='ocrx_word' id='word_1_389' title='bbox 493 2495 681 2518; x_wconf 87' lang='lat' dir='ltr'>censuram</span> <span class='ocrx_word' id='word_1_390' title='bbox 701 2480 982 2517; x_wconf 82' lang='lat' dir='ltr'>ecclesiasticam</span> <span class='ocrx_word' id='word_1_391' title='bbox 1000 2477 1202 2523; x_wconf 83' lang='lat' dir='ltr'>procedatis</span> <span class='ocrx_word' id='word_1_392' title='bbox 1218 2477 1404 2515; x_wconf 82' lang='lat' dir='ltr'>indefesse.</span> <span class='ocrx_word' id='word_1_393' title='bbox 1423 2476 1536 2510; x_wconf 83' lang='lat' dir='ltr'>done-c</span> <span class='ocrx_word' id='word_1_394' title='bbox 1553 2485 1675 2509; x_wconf 85' lang='lat' dir='ltr'>omnes</span> <span class='ocrx_word' id='word_1_395' title='bbox 1691 2473 1752 2516; x_wconf 84' lang='lat' dir='ltr'>huj</span> <span class='ocrx_word' id='word_1_396' title='bbox 1760 2482 1816 2506; x_wconf 91' lang='lat' dir='ltr'>us-</span> 
     </span>
     <span class='ocr_line' id='line_1_42' title="bbox 182 2527 1817 2585; baseline -0.009 -9"><span class='ocrx_word' id='word_1_397' title='bbox 182 2541 279 2575; x_wconf 89' lang='lat' dir='ltr'>modi</span> <span class='ocrx_word' id='word_1_398' title='bbox 297 2539 479 2585; x_wconf 86' lang='lat' dir='ltr'>Beghardi</span> <span class='ocrx_word' id='word_1_399' title='bbox 497 2544 531 2574; x_wconf 86' lang='lat' dir='ltr'>et</span> <span class='ocrx_word' id='word_1_400' title='bbox 548 2538 734 2583; x_wconf 87' lang='lat' dir='ltr'>Bcghinae</span> <span class='ocrx_word' id='word_1_401' title='bbox 750 2541 786 2572; x_wconf 90' lang='lat' dir='ltr'>ct</span> <span class='ocrx_word' id='word_1_402' title='bbox 801 2535 936 2580; x_wconf 86' lang='lat' dir='ltr'>singuli</span> <span class='ocrx_word' id='word_1_403' title='bbox 953 2546 1079 2569; x_wconf 90' lang='lat' dir='ltr'>eorum</span> <span class='ocrx_word' id='word_1_404' title='bbox 1096 2532 1270 2567; x_wconf 85' lang='lat' dir='ltr'>radicitus</span> <span class='ocrx_word' id='word_1_405' title='bbox 1286 2533 1357 2566; x_wconf 84' lang='lat' dir='ltr'>sint</span> <span class='ocrx_word' id='word_1_406' title='bbox 1373 2530 1541 2573; x_wconf 75' lang='lat' dir='ltr'>extirpati</span> <span class='ocrx_word' id='word_1_407' title='bbox 1564 2533 1600 2563; x_wconf 88' lang='lat' dir='ltr'>ct</span> <span class='ocrx_word' id='word_1_408' title='bbox 1616 2527 1817 2571; x_wconf 79' lang='lat' dir='ltr'>extirpatae</span> 
     </span>
     <span class='ocr_line' id='line_1_43' title="bbox 182 2583 1818 2632; baseline -0.009 0"><span class='ocrx_word' id='word_1_409' title='bbox 182 2599 219 2632; x_wconf 87' lang='lat' dir='ltr'>et</span> <span class='ocrx_word' id='word_1_410' title='bbox 233 2596 393 2631; x_wconf 89' lang='lat' dir='ltr'>totaliter</span> <span class='ocrx_word' id='word_1_411' title='bbox 408 2607 430 2630; x_wconf 86' lang='lat' dir='ltr'>a</span> <span class='ocrx_word' id='word_1_412' title='bbox 446 2595 560 2630; x_wconf 88' lang='lat' dir='ltr'>caulis</span> <span class='ocrx_word' id='word_1_413' title='bbox 578 2594 738 2629; x_wconf 85' lang='lat' dir='ltr'>fidelium</span> <span class='ocrx_word' id='word_1_414' title='bbox 754 2592 863 2628; x_wconf 89' lang='lat' dir='ltr'>deleti</span> <span class='ocrx_word' id='word_1_415' title='bbox 886 2591 959 2626; x_wconf 90' lang='lat' dir='ltr'>sint</span> <span class='ocrx_word' id='word_1_416' title='bbox 981 2594 1016 2625; x_wconf 91' lang='lat' dir='ltr'>et</span> <span class='ocrx_word' id='word_1_417' title='bbox 1039 2590 1188 2625; x_wconf 87' lang='lat' dir='ltr'>deletae.</span> <span class='ocrx_word' id='word_1_418' title='bbox 1208 2587 1458 2631; x_wconf 87' lang='lat' dir='ltr'>Praecipimus</span> <span class='ocrx_word' id='word_1_419' title='bbox 1481 2585 1590 2620; x_wconf 89' lang='lat' dir='ltr'>etiam</span> <span class='ocrx_word' id='word_1_420' title='bbox 1613 2588 1649 2619; x_wconf 90' lang='lat' dir='ltr'>et</span> <span class='ocrx_word' id='word_1_421' title='bbox 1672 2583 1818 2618; x_wconf 87' lang='lat' dir='ltr'>manda-</span> 
     </span>
     <span class='ocr_line' id='line_1_44' title="bbox 183 2639 1816 2696; baseline -0.009 -8"><span class='ocrx_word' id='word_1_422' title='bbox 183 2664 264 2688; x_wconf 88' lang='lat' dir='ltr'>mus</span> <span class='ocrx_word' id='word_1_423' title='bbox 291 2653 357 2687; x_wconf 89' lang='lat' dir='ltr'>sub</span> <span class='ocrx_word' id='word_1_424' title='bbox 381 2651 505 2696; x_wconf 88' lang='lat' dir='ltr'>poenis</span> <span class='ocrx_word' id='word_1_425' title='bbox 531 2649 747 2694; x_wconf 82' lang='lat' dir='ltr'>supradictis</span> <span class='ocrx_word' id='word_1_426' title='bbox 771 2647 949 2682; x_wconf 79' lang='lat' dir='ltr'>universis</span> <span class='ocrx_word' id='word_1_427' title='bbox 972 2650 1008 2681; x_wconf 88' lang='lat' dir='ltr'>et</span> <span class='ocrx_word' id='word_1_428' title='bbox 1030 2643 1196 2690; x_wconf 87' lang='lat' dir='ltr'>singulis,</span> <span class='ocrx_word' id='word_1_429' title='bbox 1224 2647 1400 2687; x_wconf 82' lang='lat' dir='ltr'>quatenus</span> <span class='ocrx_word' id='word_1_430' title='bbox 1425 2641 1606 2686; x_wconf 82' lang='lat' dir='ltr'>praedicto</span> <span class='ocrx_word' id='word_1_431' title='bbox 1622 2639 1816 2675; x_wconf 59' lang='lat' dir='ltr'>NValthcro</span> 
     </span>
     <span class='ocr_line' id='line_1_45' title="bbox 183 2695 1818 2751; baseline -0.008 -9"><span class='ocrx_word' id='word_1_432' title='bbox 183 2706 391 2751; x_wconf 85' lang='lat' dir='ltr'>inquisitori</span> <span class='ocrx_word' id='word_1_433' title='bbox 415 2710 451 2740; x_wconf 85' lang='lat' dir='ltr'>et</span> <span class='ocrx_word' id='word_1_434' title='bbox 474 2704 554 2739; x_wconf 86' lang='lat' dir='ltr'>aliis</span> <span class='ocrx_word' id='word_1_435' title='bbox 577 2702 853 2747; x_wconf 81' lang='lat' dir='ltr'>inquisitoribus</span> <span class='ocrx_word' id='word_1_436' title='bbox 877 2699 1080 2735; x_wconf 88' lang='lat' dir='ltr'>haereticae</span> <span class='ocrx_word' id='word_1_437' title='bbox 1105 2697 1292 2742; x_wconf 81' lang='lat' dir='ltr'>pravitatis</span> <span class='ocrx_word' id='word_1_438' title='bbox 1316 2696 1530 2731; x_wconf 76' lang='lat' dir='ltr'>auctoritate</span> <span class='ocrx_word' id='word_1_439' title='bbox 1554 2695 1750 2740; x_wconf 78' lang='lat' dir='ltr'>apostolica</span> <span class='ocrx_word' id='word_1_440' title='bbox 1781 2695 1818 2735; x_wconf 85' lang='lat' dir='ltr'>in</span> 
     </span>
     <span class='ocr_line' id='line_1_46' title="bbox 184 2751 1815 2806; baseline -0.008 -9"><span class='ocrx_word' id='word_1_441' title='bbox 184 2761 346 2806; x_wconf 77' lang='lat' dir='ltr'>partibus</span> <span class='ocrx_word' id='word_1_442' title='bbox 363 2759 598 2796; x_wconf 83' lang='lat' dir='ltr'>Alemanniae</span> <span class='ocrx_word' id='word_1_443' title='bbox 623 2757 796 2792; x_wconf 84' lang='lat' dir='ltr'>institutis</span> <span class='ocrx_word' id='word_1_444' title='bbox 813 2757 868 2791; x_wconf 79' lang='lat' dir='ltr'>vel</span> <span class='ocrx_word' id='word_1_445' title='bbox 884 2754 1114 2791; x_wconf 79' lang='lat' dir='ltr'>instituendis</span> <span class='ocrx_word' id='word_1_446' title='bbox 1138 2753 1175 2788; x_wconf 88' lang='lat' dir='ltr'>in</span> <span class='ocrx_word' id='word_1_447' title='bbox 1197 2752 1323 2788; x_wconf 89' lang='lat' dir='ltr'>ordine</span> <span class='ocrx_word' id='word_1_448' title='bbox 1341 2753 1492 2787; x_wconf 85' lang='lat' dir='ltr'>fratrum</span> <span class='ocrx_word' id='word_1_449' title='bbox 1511 2751 1815 2795; x_wconf 86' lang='lat' dir='ltr'>praedicatorum,</span> 
     </span>
     <span class='ocr_line' id='line_1_47' title="bbox 185 2805 1818 2859; baseline -0.009 -7"><span class='ocrx_word' id='word_1_450' title='bbox 185 2815 316 2852; x_wconf 82' lang='lat' dir='ltr'>nostris</span> <span class='ocrx_word' id='word_1_451' title='bbox 333 2815 540 2859; x_wconf 83' lang='lat' dir='ltr'>capellanis,</span> <span class='ocrx_word' id='word_1_452' title='bbox 555 2813 704 2853; x_wconf 78' lang='lat' dir='ltr'>devotis,</span> <span class='ocrx_word' id='word_1_453' title='bbox 722 2811 874 2852; x_wconf 83' lang='lat' dir='ltr'>dilectis,</span> <span class='ocrx_word' id='word_1_454' title='bbox 895 2811 932 2845; x_wconf 89' lang='lat' dir='ltr'>in</span> <span class='ocrx_word' id='word_1_455' title='bbox 954 2809 1081 2845; x_wconf 75' lang='lat' dir='ltr'>vestris</span> <span class='ocrx_word' id='word_1_456' title='bbox 1105 2808 1193 2843; x_wconf 77' lang='lat' dir='ltr'>locis</span> <span class='ocrx_word' id='word_1_457' title='bbox 1217 2807 1420 2851; x_wconf 85' lang='lat' dir='ltr'>specialiter</span> <span class='ocrx_word' id='word_1_458' title='bbox 1436 2805 1614 2850; x_wconf 87' lang='lat' dir='ltr'>deputatis</span> <span class='ocrx_word' id='word_1_459' title='bbox 1631 2806 1687 2840; x_wconf 85' lang='lat' dir='ltr'>vel</span> <span class='ocrx_word' id='word_1_460' title='bbox 1708 2805 1818 2848; x_wconf 88' lang='lat' dir='ltr'>depu-</span> 
     </span>
     <span class='ocr_line' id='line_1_48' title="bbox 184 2861 1821 2910; baseline -0.009 -2"><span class='ocrx_word' id='word_1_461' title='bbox 184 2871 303 2907; x_wconf 80' lang='lat' dir='ltr'>tandis</span> <span class='ocrx_word' id='word_1_462' title='bbox 326 2883 368 2906; x_wconf 89' lang='lat' dir='ltr'>ae</span> <span class='ocrx_word' id='word_1_463' title='bbox 395 2882 521 2906; x_wconf 88' lang='lat' dir='ltr'>eorum</span> <span class='ocrx_word' id='word_1_464' title='bbox 545 2868 704 2909; x_wconf 78' lang='lat' dir='ltr'>vicariis,</span> <span class='ocrx_word' id='word_1_465' title='bbox 731 2868 817 2902; x_wconf 91' lang='lat' dir='ltr'>dum</span> <span class='ocrx_word' id='word_1_466' title='bbox 857 2870 892 2902; x_wconf 88' lang='lat' dir='ltr'>et</span> <span class='ocrx_word' id='word_1_467' title='bbox 930 2865 1096 2910; x_wconf 87' lang='lat' dir='ltr'>quotiens</span> <span class='ocrx_word' id='word_1_468' title='bbox 1127 2863 1194 2907; x_wconf 84' lang='lat' dir='ltr'>ipsi</span> <span class='ocrx_word' id='word_1_469' title='bbox 1222 2863 1279 2898; x_wconf 76' lang='lat' dir='ltr'>vel</span> <span class='ocrx_word' id='word_1_470' title='bbox 1310 2861 1442 2905; x_wconf 82' lang='lat' dir='ltr'>aliquis</span> <span class='ocrx_word' id='word_1_471' title='bbox 1474 2862 1632 2905; x_wconf 88' lang='lat' dir='ltr'>ipsorum</span> <span class='ocrx_word' id='word_1_472' title='bbox 1663 2872 1725 2896; x_wconf 77' lang='lat' dir='ltr'>vos</span> <span class='ocrx_word' id='word_1_473' title='bbox 1755 2864 1821 2895; x_wconf 89' lang='lat' dir='ltr'>aut</span> 
     </span>
     <span class='ocr_line' id='line_1_49' title="bbox 186 2914 1822 2972; baseline -0.008 -9"><span class='ocrx_word' id='word_1_474' title='bbox 186 2927 328 2972; x_wconf 77' lang='lat' dir='ltr'>aliquos</span> <span class='ocrx_word' id='word_1_475' title='bbox 345 2926 403 2963; x_wconf 80' lang='lat' dir='ltr'>vel</span> <span class='ocrx_word' id='word_1_476' title='bbox 418 2925 576 2971; x_wconf 83' lang='lat' dir='ltr'>aliquem</span> <span class='ocrx_word' id='word_1_477' title='bbox 602 2928 760 2960; x_wconf 71' lang='lat' dir='ltr'>vestrum</span> <span class='ocrx_word' id='word_1_478' title='bbox 784 2921 974 2966; x_wconf 84' lang='lat' dir='ltr'>requisitos</span> <span class='ocrx_word' id='word_1_479' title='bbox 999 2919 1168 2955; x_wconf 84' lang='lat' dir='ltr'>habuerit</span> <span class='ocrx_word' id='word_1_480' title='bbox 1197 2918 1254 2954; x_wconf 82' lang='lat' dir='ltr'>vel</span> <span class='ocrx_word' id='word_1_481' title='bbox 1277 2917 1470 2952; x_wconf 79' lang='lat' dir='ltr'>habuerint</span> <span class='ocrx_word' id='word_1_482' title='bbox 1494 2915 1532 2951; x_wconf 88' lang='lat' dir='ltr'>in</span> <span class='ocrx_word' id='word_1_483' title='bbox 1555 2920 1678 2951; x_wconf 88' lang='lat' dir='ltr'>sancto</span> <span class='ocrx_word' id='word_1_484' title='bbox 1701 2914 1822 2950; x_wconf 84' lang='lat' dir='ltr'>officio</span> 
     </span>
    </p>
   </div>
   <div class='ocr_carea' id='block_1_3' title="bbox 1693 2996 1733 3029">
    <p class='ocr_par' dir='ltr' id='par_1_5' title="bbox 1693 2996 1733 3029">
     <span class='ocr_line' id='line_1_50' title="bbox 1693 2996 1733 3029; baseline -0.05 0"><span class='ocrx_word' id='word_1_485' title='bbox 1693 2996 1733 3029; x_wconf 78' lang='lat'>14</span> 
     </span>
    </p>
   </div>
  </div>
 </body>
</html>
