2097 3466
339 260 402 293 276
1021 258 1153 294 ANNO
1180 261 1278 294 1411

338 351 580 387 locutionibus
603 354 637 386 et
661 351 987 395 praedicationibus
1013 350 1102 386 meis
1126 362 1198 386 non
1220 350 1303 385 aliis
1326 350 1490 385 terminis
1513 362 1621 395 quam
1647 350 1812 386 terminis
1837 361 1960 387 sacrae

337 407 535 450 scripturae
551 418 636 440 usus
659 406 723 441 fui.
743 405 947 441 Occultavit
962 405 1058 441 enim
1075 406 1165 440 mihi
1185 405 1360 450 Aegidius
1375 407 1453 449 ejus
1469 405 1642 442 idiomata
1657 409 1692 442 et
1707 417 1833 441 eorum
1849 405 1958 451 signi-

338 462 443 496 ficata
460 464 635 504 quantum
652 460 779 505 potuit.

383 532 398 545 vv
416 516 506 551 Item
532 519 585 551 est
610 516 786 559 quaedam
812 515 961 559 antiqua
986 515 1132 551 domino
1159 515 1288 557 delata,
1319 526 1427 559 quam
1465 515 1582 551 dictus
1619 513 1792 557 Aegidius
1818 514 1961 552 vocavit

337 571 515 615 Seraphin
530 571 694 615 pluribus
716 570 957 612 audientibus,
975 571 1085 614 (quod
1101 570 1207 606 credo
1223 581 1349 605 verum
1365 581 1429 613 per
1452 570 1608 612 famam),
1627 580 1719 614 quae
1735 569 1854 614 palam
1869 569 1961 605 dixit

336 626 431 669 quod
453 625 538 661 licet
560 629 662 661 extra
677 625 947 660 matrimonium
965 625 1100 660 coitum
1123 635 1290 660 exercere
1315 624 1391 659 sine
1407 627 1565 668 peccato.
1592 624 1657 660 Ille
1679 624 1777 660 enim
1791 626 1894 660 actus
1908 625 1962 660 est

335 691 424 724 pure
441 679 617 715 naturalis
631 679 725 715 sicut
747 680 933 714 comedere
948 682 983 714 et
1008 679 1141 714 bibere.
1161 679 1206 714 Et
1230 681 1351 714 tamen
1374 678 1429 713 illi
1452 682 1553 714 actus
1569 679 1808 724 reprobantur
1830 681 1866 714 et
1888 689 1961 714 non

334 734 406 769 isti.
425 734 528 770 Unde
554 734 640 770 satis
666 734 734 770 ista
760 746 844 769 cum
866 733 948 769 aliis
971 733 1127 769 miratur
1153 733 1197 768 de
1220 733 1393 768 caecitate
1416 733 1606 769 hominum
1631 731 1871 768 communiter
1891 731 1962 767 hoc

336 789 647 824 consentientium.
668 789 745 823 Hoc
760 788 789 822 si
805 788 857 823 sic
872 788 974 829 dixit,
987 788 1090 823 valde
1102 788 1195 822 male
1207 786 1310 822 dixit.
1323 787 1429 829 Quia,
1442 787 1526 822 licet
1538 787 1699 822 dicatur:
1715 785 1788 822 Ubi
1799 785 1959 830 spiritus,

336 843 387 878 ibi
410 843 568 885 libertas,
587 847 708 878 tamen
724 843 859 878 Paulus
875 842 964 878 dicit
986 842 1136 877 eandem
1157 842 1360 877 libertatem
1377 852 1449 876 non
1473 842 1550 876 fore
1565 842 1720 876 dandam
1743 840 1783 876 in
1806 839 1960 876 occasio-

336 909 419 933 nem
443 898 572 940 carnis,
590 897 652 933 sed
674 897 789 932 solum
815 896 855 931 in
881 896 953 931 illis
976 896 1115 931 actibus
1139 895 1387 938 exercendam,
1406 907 1494 940 quos
1512 895 1675 931 Christus
1696 895 1736 930 in
1758 893 1862 930 nobis
1883 905 1962 939 ope-

335 957 449 989 ratur.

381 1025 396 1038 n
414 1009 503 1043 Item
520 1008 678 1043 delatum
694 1010 746 1042 est
761 1006 906 1042 domino
922 1018 1002 1041 meo
1027 1006 1276 1041 Cameracensi
1300 1006 1395 1050 quod
1410 1008 1463 1041 est
1478 1005 1655 1049 quaedam
1670 1004 1851 1048 maritata,
1869 1015 1961 1050 quae

336 1074 408 1098 non
435 1062 520 1098 facit
550 1061 790 1096 differentiam
818 1061 913 1096 inter
942 1061 1073 1101 virum,
1107 1061 1168 1096 sed
1198 1060 1395 1105 quemlibet
1424 1059 1672 1095 indifferenter
1701 1059 1860 1096 admittit
1887 1059 1962 1095 suis

334 1122 495 1162 tempore
510 1121 546 1152 et
568 1118 646 1153 loco
665 1122 701 1154 et
723 1120 815 1154 illud
830 1123 882 1155 est
909 1119 1010 1163 quasi
1035 1130 1225 1155 commune
1247 1119 1343 1155 inter
1366 1119 1447 1154 illos
1463 1122 1500 1154 et
1523 1119 1616 1154 illas.
1634 1118 1734 1154 Istud
1756 1131 1829 1155 non
1855 1119 1961 1155 credo

335 1173 496 1208 totaliter
518 1184 655 1208 verum.
686 1175 731 1209 Et
757 1174 787 1209 si
815 1177 868 1210 est
894 1173 958 1209 illa
981 1186 1089 1218 quam
1113 1174 1273 1217 aestimo,
1291 1177 1379 1210 tunc
1402 1185 1475 1209 non
1498 1176 1551 1209 est
1572 1173 1666 1216 talis,
1685 1173 1770 1210 licet
1794 1173 1834 1209 in
1859 1175 1961 1218 parte

335 1227 488 1271 fragilis.

381 1298 396 1310 n
415 1281 504 1316 Item
527 1281 666 1318 delatus
689 1283 743 1318 fui
766 1283 911 1318 domino
934 1294 1014 1318 meo
1040 1282 1290 1318 Cameracensi
1317 1283 1412 1327 quod
1436 1282 1572 1318 nemini
1594 1283 1641 1319 ad
1666 1283 1814 1328 plenum
1839 1283 1958 1325 credo,

335 1347 401 1371 nec
428 1347 519 1380 quae
546 1337 584 1372 in
607 1349 664 1372 me
690 1338 816 1380 sentio,
835 1338 996 1382 exprimo
1021 1337 1091 1373 nisi
1121 1338 1206 1379 illis,
1237 1337 1300 1381 qui
1324 1337 1401 1373 sine
1424 1337 1489 1373 Dei
1512 1337 1642 1373 timore
1664 1340 1700 1374 et
1721 1337 1961 1374 conscientiae

335 1392 504 1435 scrupulo
531 1396 614 1428 actu
643 1393 798 1428 carnalis
825 1394 976 1438 copulae
1001 1396 1166 1428 utuntur.
1195 1393 1294 1428 Istud
1325 1395 1378 1428 est
1407 1393 1548 1429 falsum.
1584 1393 1654 1429 Sed
1679 1393 1749 1428 hoc
1774 1391 1892 1438 potuit
1916 1403 1961 1428 ex

336 1447 454 1482 verbis
471 1448 615 1492 Aegidii
631 1450 835 1493 procedere.

383 1518 398 1531 n
416 1502 506 1537 Item
529 1503 668 1538 delatus
690 1504 744 1538 fui
767 1503 883 1539 eidem
907 1504 1002 1547 quod
1024 1503 1192 1539 dixissem
1209 1503 1330 1538 omnia
1352 1503 1447 1538 facta
1470 1514 1596 1539 eorum
1618 1514 1720 1548 posse
1742 1501 1875 1538 salvari
1897 1513 1960 1538 seu

337 1557 491 1592 colorari
518 1569 582 1601 per
608 1570 747 1593 sacram
775 1558 1004 1602 scripturam,
1035 1559 1178 1602 dempto
1207 1562 1304 1593 co'i'tu
1331 1559 1376 1592 ab
1399 1558 1571 1594 ecclesiae
1597 1558 1777 1594 damnato.
1802 1558 1848 1593 Et
1873 1568 1960 1602 ergo

336 1613 426 1648 solet
455 1624 598 1648 movere
629 1613 697 1648 sibi
727 1614 960 1649 adhaerentes
992 1614 1088 1657 quod
1119 1616 1224 1648 caute
1252 1613 1426 1648 haberent
1452 1624 1489 1648 se
1519 1616 1599 1649 actu
1630 1612 1780 1648 illicitae
1811 1612 1961 1657 copulae

335 1668 548 1712 conjugalis.
566 1668 666 1703 Istud
686 1673 738 1704 est
754 1669 895 1704 falsum.
915 1668 985 1704 Sed
1001 1668 1255 1704 confitentibus
1271 1667 1362 1702 mihi
1381 1667 1458 1703 dixi
1479 1669 1574 1712 quod
1589 1667 1735 1704 omnino
1750 1667 1961 1704 desisterent

334 1726 370 1757 et
385 1723 579 1767 Aegidium
596 1735 679 1758 cum
694 1725 771 1768 ejus
786 1724 929 1768 loquela
943 1724 1155 1759 refutarent.

381 1793 396 1806 n
415 1777 504 1812 Item
520 1778 679 1812 delatum
702 1782 754 1813 est
780 1779 925 1813 domino
949 1790 1028 1813 meo
1054 1777 1303 1813 Cameracensi
1330 1778 1426 1822 quod
1451 1777 1636 1822 praedicta
1659 1776 1848 1822 Seraphin,
1873 1777 1960 1812 dum

335 1830 448 1875 aliqui
475 1832 715 1875 loquebantur
741 1833 836 1876 quod
862 1833 974 1868 frater
997 1832 1218 1868 wilhelmus
1245 1832 1449 1876 compulsus
1478 1834 1557 1867 erat
1585 1843 1755 1867 revocare
1784 1831 1957 1867 articulos

337 1898 425 1930 quos
449 1886 680 1930 praedicavit,
697 1887 882 1932 respondit
904 1888 1000 1931 quod
1022 1887 1098 1931 ipse
1121 1898 1193 1922 non
1215 1886 1409 1929 revocavit,
1435 1887 1496 1921 sed
1510 1886 1603 1922 dixit
1614 1887 1678 1922 ita:
1696 1888 1779 1923 Non
1793 1886 1882 1928 dixi,
1897 1886 1960 1921 sed

336 1941 399 1982 sic,
418 1942 580 1976 addendo
603 1943 660 1977 vel
686 1943 928 1977 subtrahendo
954 1947 990 1978 et
1016 1942 1068 1977 sic
1091 1942 1259 1977 transivit
1287 1942 1446 1986 impune,
1464 1942 1560 1977 unde
1582 1941 1699 1986 magis
1721 1941 1960 1986 reputabatur

334 1995 431 2030 dicta
454 2007 518 2030 sua
541 1997 755 2031 confirmare
779 2008 888 2041 quam
911 2008 1091 2031 revocare.
1118 1996 1187 2031 Hic
1213 1997 1294 2032 dico
1319 1997 1425 2040 quod,
1444 1996 1537 2031 sicut
1563 1997 1773 2032 conclusum
1800 1995 1870 2031 fuit
1895 2006 1960 2040 per

334 2050 670 2086 reverendissimum
693 2051 880 2086 dominum
898 2052 1202 2093 Cameracensem,
1220 2051 1296 2086 dixi
1319 2051 1415 2095 quod
1429 2062 1615 2095 nunquam
1631 2051 1720 2087 talia
1734 2049 1955 2096 praedicavi,

333 2109 368 2141 ct
383 2105 412 2139 si
429 2106 516 2140 talia
531 2105 803 2150 praedicassem,
820 2107 914 2141 male
931 2107 1203 2150 praedicassem.

380 2178 396 2191 n
414 2162 504 2196 Item
527 2162 685 2197 delatum
706 2169 759 2197 est
780 2163 926 2208 domi-no
951 2161 1199 2197 Cameracensi
1227 2162 1322 2206 quod
1348 2160 1403 2196 illi
1430 2162 1475 2196 de
1502 2161 1686 2205 praedicta
1709 2163 1806 2197 secta
1836 2170 1959 2196 omnes

334 2219 436 2251 actus
463 2228 544 2251 suos
571 2217 717 2251 omnino
747 2216 938 2261 nepharios
964 2217 1126 2251 referunt
1149 2217 1195 2251 ad
1218 2216 1379 2250 divinam
1401 2216 1634 2258 voluntatem,
1661 2216 1819 2251 dicentes
1843 2215 1958 2250 Deum

334 2271 422 2307 talia
443 2272 546 2313 velle,
565 2283 637 2306 non
660 2271 805 2315 quidem
828 2274 969 2306 tantum
992 2271 1203 2315 permissiva
1226 2270 1339 2314 ipsius
1362 2271 1559 2312 voluntate,
1588 2271 1650 2306 sed
1676 2268 1901 2314 beneplacita
1923 2270 1959 2303 et

332 2328 481 2363 efficaci.
509 2328 578 2363 Hic
607 2328 687 2362 dico
719 2327 815 2370 quod
844 2338 866 2360 a
891 2338 949 2361 nie
975 2325 1107 2370 aliquis
1133 2336 1318 2369 nunquam
1341 2325 1482 2360 audivit
1503 2325 1603 2360 talia.
1630 2324 1712 2360 Scio
1736 2324 1833 2360 enim
1862 2324 1958 2368 quod

333 2383 505 2427 quicquid
531 2383 626 2418 Deus
642 2383 825 2417 voluntate
849 2380 986 2416 efficaci
1009 2380 1107 2415 illius
1131 2383 1184 2415 est
1209 2383 1321 2415 actor.
1341 2380 1412 2415 Sed
1434 2380 1613 2415 malorum
1636 2383 1794 2422 actuum,
1811 2382 1853 2415 ut
1874 2380 1958 2414 sunt

330 2439 429 2479 mali,
449 2449 520 2472 non
542 2441 595 2472 est
617 2440 754 2472 auctor.
775 2437 819 2472 Et
841 2448 905 2480 per
928 2447 1148 2479 consequens
1168 2436 1214 2470 ad
1229 2435 1451 2470 voluntatem
1474 2436 1656 2471 efficacem
1672 2447 1745 2471 non
1759 2437 1844 2470 sunt
1865 2434 1954 2470 refe-

329 2494 463 2535 ribiles,
483 2505 548 2528 nec
563 2496 616 2528 cst
631 2504 740 2527 causa
756 2491 981 2536 privationis,
1001 2492 1062 2525 sed
1079 2490 1279 2535 positionis.

375 2564 390 2577 n
409 2548 497 2582 Item
514 2548 672 2582 delatum
695 2550 748 2582 est
770 2545 915 2581 domino
938 2557 1017 2580 meo
1043 2545 1292 2580 Cameracensi
1316 2545 1412 2588 quod
1433 2548 1535 2581 extra
1557 2556 1680 2580 muros
1706 2544 1956 2580 Bruxellenses

329 2606 382 2637 est
405 2602 580 2645 quaedam
603 2601 714 2636 turris
737 2601 923 2645 cujusdam
946 2599 1083 2634 scabini
1108 2599 1281 2643 praedicti
1305 2599 1439 2643 oppidi,
1458 2599 1521 2634 ubi
1544 2599 1591 2634 ad
1613 2599 1867 2634 celebrandum
1891 2608 1957 2633 sua

330 2657 581 2691 conventicula
611 2656 840 2691 conveniunt.
871 2655 942 2689 Ubi
973 2654 1054 2689 dico
1081 2655 1176 2698 quod
1205 2655 1302 2689 infra
1332 2655 1455 2689 decem
1482 2665 1595 2689 annos
1624 2654 1682 2689 vel
1709 2653 1855 2689 circiter
1883 2663 1956 2688 non

329 2710 478 2745 interfui
505 2711 636 2745 talibus
663 2709 934 2751 conventiculis,
963 2710 1048 2744 licet
1073 2709 1169 2743 infra
1195 2712 1267 2744 tres
1294 2720 1406 2743 annos
1437 2720 1521 2743 cum
1548 2708 1682 2744 accessi
1703 2707 1773 2743 sibi
1800 2706 1954 2752 Aegidio

331 2765 581 2800 denunciando
597 2766 729 2808 turpia,
747 2776 838 2809 quae
855 2765 897 2799 de
921 2775 962 2799 eo
986 2764 1025 2798 in
1040 2763 1128 2798 villa
1143 2763 1368 2805 dicebantur,
1387 2763 1539 2798 dicendo
1556 2763 1625 2798 sibi
1641 2763 1737 2807 quod
1751 2761 1840 2798 talia
1853 2761 1954 2797 nullo

332 2819 437 2853 modo
461 2823 602 2863 possent
624 2820 804 2854 sustineri.
823 2819 936 2855 Immo
960 2819 990 2854 si
1014 2819 1333 2863 congregationem
1350 2818 1546 2854 mulierum
1567 2817 1620 2854 ibi
1642 2818 1835 2860 scivissem,
1853 2816 1954 2852 nullo

332 2874 438 2909 modo
453 2874 653 2910 intrassem.

380 2944 395 2958 n
413 2928 502 2964 Item
525 2930 682 2966 delatum
705 2932 759 2966 est
785 2929 930 2966 domino
953 2940 1033 2966 meo
1061 2929 1244 2974 praedicto
1271 2929 1368 2974 quod
1391 2929 1518 2966 dicunt
1539 2931 1680 2975 tempus
1705 2927 1835 2966 veteris
1861 2925 1952 2972 legis
