2097 3466
829 229 962 265 ANNO
990 231 1090 265 1463
1712 230 1775 265 405

145 327 201 364 sui
225 327 270 364 ad
286 327 509 372 agnitionem
525 327 646 364 vultus
663 339 834 373 pecorum
857 339 1004 363 suorum
1021 339 1093 363 non
1110 327 1225 362 solum
1254 325 1291 362 in
1315 328 1539 362 sacramento
1556 326 1772 372 penitencie,

144 385 205 420 sed
227 386 263 419 et
285 383 323 418 in
347 382 620 419 conuersatione
643 382 813 418 exteriori
838 395 906 427 que
923 382 1138 426 obligatorie
1156 394 1226 417 non
1244 382 1417 426 competit
1443 383 1696 427 prfflilegiatis,
1716 384 1777 419 sed

143 442 264 474 tamen
292 439 443 474 facultas
471 438 679 473 absoluendi
708 438 746 472 in
772 440 850 472 soro
877 437 1078 482 penitencie
1106 438 1264 472 volentes
1294 437 1443 479 venire;
1477 449 1542 472 nec
1569 442 1690 473 tamen
1714 449 1779 482 per

142 493 403 537 susceptionem
420 504 506 527 cure
522 492 726 527 animarum
743 492 927 536 accipiunt
949 493 994 526 ab
1011 492 1177 536 episcopo
1199 495 1408 535 potestatem
1425 492 1637 526 absoluendi
1665 492 1780 536 origi-

141 547 284 589 naliter,
304 547 389 591 quia
411 548 511 582 illam
534 547 669 582 habent
691 559 712 581 a
729 546 883 587 Christo,
903 550 943 582 ut
965 547 1103 581 dictum
1122 550 1187 585 est,
1209 550 1397 590 postquam
1414 551 1649 590 susceperunt
1674 548 1778 582 bene-

141 602 265 637 ficium
281 613 368 637 cure
384 602 614 646 parochialis,
633 603 693 637 sed
718 602 807 636 bene
822 600 1007 645 accipiunt
1023 600 1282 645 obligationem
1301 605 1335 634 et
1361 601 1570 635 facultatem
1587 600 1777 636 coercendi

140 658 197 692 vel
221 657 414 693 inducendi
438 658 544 692 modo
560 657 680 692 debito
696 669 781 692 oues
799 668 880 691 suas
896 657 941 691 ad
960 668 1092 700 pascua
1109 656 1193 696 vite,
1213 656 1258 690 ab
1283 655 1359 699 ipso
1375 656 1542 700 episcopo
1558 656 1774 700 suscipiunt.

185 712 284 748 Dixit
309 713 416 748 tertio
440 712 561 756 aliqua
585 716 711 748 contra
734 713 934 747 sacerdotes
959 711 1185 755 parochiales
1214 711 1360 755 ignaros
1383 715 1450 747 etc.
1479 712 1605 747 Dicat:
1633 728 1648 740 ιι
1669 713 1773 754 Quod

140 779 212 803 non
239 767 360 802 animo
383 767 595 802 detrahendi
623 767 703 806 feci.
723 767 783 801 sed
806 769 847 801 ut
870 778 934 810 per
958 766 1052 800 hanc
1077 765 1391 809 exprobrationem
1423 766 1629 802 inducerem
1653 779 1711 802 cos
1736 771 1776 802 ut

139 823 267 858 darent
282 833 427 866 operam
443 821 662 866 agnoscendi
680 821 922 856 ministerium
939 832 1044 855 suum
1062 820 1099 855 in
1118 825 1431 855 sacramentorum
1450 821 1776 864 administratione,

139 877 177 912 in
193 877 414 921 expositione
431 876 645 920 competent-i
671 877 933 911 credendorum
949 879 984 910 et
1001 877 1254 910 mandatorum
1281 875 1447 920 decalogi
1473 888 1514 910 ac
1539 877 1781 921 intelligentia

138 935 352 967 statutorum
378 930 616 975 synodalium.
637 931 714 975 Ego
729 931 826 965 enim
850 930 935 965 satis
952 942 1108 975 agnosco
1133 942 1176 965 ex
1194 930 1320 965 diuina
1346 930 1527 974 scriptura
1544 931 1638 974 quod
1663 943 1776 966 sacer-

138 987 237 1021 dotes
255 986 410 1020 maxime
425 997 550 1020 curam
567 985 772 1020 animarum
799 986 970 1020 habentes
994 985 1130 1029 duplici
1154 985 1291 1020 honore
1317 985 1420 1029 digni
1445 989 1539 1025 sunt,
1558 986 1587 1020 si
1612 987 1777 1022 laborent

137 1042 248 1076 verbo
274 1043 309 1076 et
335 1040 499 1075 doctrina
524 1041 592 1083 (Ad
618 1040 761 1075 Thim0.
782 1042 827 1081 4.)
855 1041 1021 1084 quodque
1045 1040 1220 1084 scriptum
1245 1044 1319 1075 est:
1348 1041 1423 1082 Dijs
1451 1052 1522 1075 non
1547 1041 1713 1076 detrahes
1740 1046 1775 1077 et

136 1095 292 1140 principi
310 1098 372 1130 tuo
389 1106 461 1130 non
478 1095 669 1130 maledices
685 1095 786 1137 (Exo.
806 1096 886 1136 22).
907 1094 1118 1130 Sacerdotes
1134 1098 1255 1130 autem
1273 1096 1310 1130 in
1328 1095 1463 1130 diuinis
1479 1096 1631 1139 eloquiis
1647 1095 1771 1130 dicun—

136 1154 197 1186 tur
211 1151 260 1193 dij
277 1151 350 1193 (ps,
369 1152 458 1192 80.):
479 1151 556 1195 Ego
573 1150 659 1191 dixi,
679 1151 727 1192 dij
745 1150 828 1195 estis
845 1154 880 1186 et
896 1151 960 1193 filij
979 1151 1109 1185 excelsi
1127 1163 1261 1186 omnes.
1284 1152 1326 1187 Et
1351 1152 1482 1186 iterum
1501 1151 1633 1186 ibidem
1649 1164 1655 1186 :
1678 1153 1772 1187 Deus

135 1205 231 1241 stetit
259 1205 297 1240 in
321 1216 506 1249 synagoga
527 1205 690 1239 deorum.
710 1205 755 1240 Et
778 1205 859 1239 Joh.
882 1207 956 1239 10.:
986 1206 1113 1240 Nonne
1138 1205 1311 1249 scriptum
1338 1209 1391 1241 est
1415 1206 1452 1240 in
1477 1206 1556 1250 lege
1573 1208 1701 1247 vestra,
1721 1207 1773 1242 ait

136 1261 310 1297 Dominus
327 1261 372 1295 ad
387 1261 542 1295 Judeos:
573 1260 650 1304 Ego
674 1259 762 1300 dixi,
781 1260 829 1302 dij
855 1260 939 1295 estis
962 1262 997 1295 et
1025 1261 1089 1304 filij
1115 1261 1246 1295 excelsi
1271 1260 1418 1295 omnes?
1444 1261 1524 1295 Non
1541 1263 1656 1304 potest
1679 1261 1772 1296 solui

134 1317 325 1362 scriptura.
357 1316 536 1351 Dicuntur
563 1315 678 1350 eciam
703 1327 740 1349 os
770 1315 834 1349 Dei
863 1315 1056 1358 (Jheremie
1083 1317 1172 1357 15.):
1201 1315 1238 1350 Si
1268 1315 1495 1359 separaueris
1524 1315 1725 1359 preciosum
1753 1327 1775 1350 a

133 1371 199 1407 vili
223 1371 325 1417 quasi
353 1383 392 1405 os
417 1382 549 1405 meum.
578 1370 758 1405 Dicuntur
781 1370 896 1405 eciam
921 1370 1102 1414 principes
1125 1371 1198 1414 (Ps.
1227 1372 1318 1412 54.):
1347 1370 1538 1414 Principes
1562 1371 1774 1415 congregati

133 1430 218 1463 sunt
241 1438 323 1462 cum
348 1427 422 1461 Deo
446 1426 642 1466 Abraham,
661 1425 833 1469 quoniam
849 1426 897 1468 dij
924 1426 1033 1460 fortes
1057 1429 1154 1461 terre
1177 1426 1309 1461 eleuati
1336 1429 1431 1460 sunt.
1453 1427 1534 1460 Non
1558 1437 1636 1460 sum
1660 1426 1776 1460 eciam

134 1482 325 1518 immemor
351 1480 507 1525 qualiter
531 1480 704 1515 Dominus
728 1480 900 1516 honorari
918 1481 1034 1516 voluit
1057 1482 1260 1517 sacerdotes
1284 1481 1376 1526 legis
1392 1480 1507 1516 eciam
1524 1481 1660 1523 malos3
1680 1479 1773 1516 dixit

134 1537 231 1573 enim
246 1537 377 1572 Matth.
397 1539 469 1572 23.:
490 1535 606 1580 Super
619 1535 828 1571 cathedram
845 1535 962 1580 Moysi
979 1537 1149 1571 sederunt
1165 1537 1281 1571 scribe
1299 1539 1332 1571 et
1345 1535 1504 1580 pharisei
1519 1549 1527 1578 ς
1546 1547 1614 1579 que
1631 1535 1768 1577 dicunt,

133 1593 252 1629 facite.
282 1593 328 1627 Et
354 1591 486 1627 iterum
516 1591 660 1634 quando
687 1591 811 1626 decem
841 1591 999 1634 leprosos
1029 1592 1250 1635 postulantes
1283 1592 1328 1626 ab
1356 1602 1399 1626 eo
1425 1591 1579 1625 salutem
1602 1590 1701 1626 misit
1724 1592 1770 1627 ad

133 1647 352 1694 sacerdotes:
372 1646 436 1687 Ite,
455 1645 585 1689 inquit,
604 1645 779 1681 ostendite
794 1656 857 1680 vos
873 1645 1130 1686 sacerdotibus,
1151 1648 1297 1689 propter
1320 1645 1416 1689 quod
1439 1644 1533 1679 absit
1556 1656 1578 1679 a
1599 1656 1655 1680 me
1672 1646 1769 1689 quod

132 1703 241 1738 velim
268 1703 458 1739 detrahere
482 1700 566 1735 illis.
600 1702 675 1736 Nee
698 1700 768 1735 feci
791 1703 832 1735 ut
855 1700 1071 1735 seminarem
1095 1700 1307 1736 seditionem
1335 1702 1399 1735 aut
1422 1699 1551 1735 scisma
1575 1700 1614 1734 in
1636 1701 1770 1745 populo

131 1759 304 1793 aduersus
325 1769 396 1793 eos.
423 1756 557 1791 Sancta
579 1754 677 1790 enim
700 1754 899 1799 predicatio
924 1766 1070 1790 seruare
1094 1767 1235 1800 semper
1257 1756 1363 1790 debet
1386 1754 1563 1790 unitatem
1587 1758 1622 1790 et
1644 1766 1771 1799 pacem

130 1813 226 1849 inter
240 1817 354 1850 status
377 1811 538 1848 ecclesie.
557 1810 634 1846 Hoc
658 1811 841 1855 figurabat
864 1813 1012 1846 ornatus
1034 1811 1330 1846 vestimentorum
1354 1811 1487 1846 summi
1511 1812 1708 1848 sacerdotis
1732 1812 1770 1847 in

128 1867 234 1912 lege;
266 1868 353 1902 dum
387 1868 484 1903 enim
514 1865 789 1912 ingrediebatur
817 1867 1010 1911 templum,
1037 1867 1193 1902 habebat
1225 1867 1481 1903 vestimentum
1507 1868 1545 1903 in
1578 1879 1643 1904 ora
1666 1868 1770 1903 cuius

127 1921 331 1965 pendebant
359 1921 596 1963 tintinabula,
629 1933 694 1966 per
724 1933 794 1965 que
823 1921 1023 1966 predicatio
1054 1922 1279 1967 designatur,
1314 1925 1348 1958 et
1384 1923 1480 1958 inter
1516 1922 1635 1958 media
1665 1926 1770 1958 erant

127 1975 369 2020 malapunica,
390 1988 454 2020 per
477 1988 547 2020 que
570 1988 640 2021 pax
663 1979 699 2012 et
722 1976 916 2011 concordia
932 1988 975 2011 ac
998 1977 1119 2012 unitas
1135 1977 1259 2022 populi
1284 1977 1536 2022 significatum
1563 1981 1647 2014 sunt
1669 1978 1766 2013 enim

127 2030 193 2064 sub
210 2041 282 2065 uno
299 2030 433 2066 cortice
449 2032 564 2066 multa
580 2042 708 2076 grana.
730 2047 746 2060 n

172 2084 275 2125 Quod
289 2085 381 2121 dixit
392 2087 436 2121 de
452 2085 615 2121 auaricia
633 2086 859 2121 sacerdotum
876 2086 1141 2130 parochialium
1165 2089 1294 2130 quarto
1318 2087 1398 2122 loco
1414 2086 1612 2122 volentium
1637 2087 1765 2123 audire

127 2138 366 2175 confessiones
393 2151 541 2175 suorum
566 2140 872 2184 parochianorum
895 2144 1043 2185 propter
1069 2145 1247 2185 questum,
1273 2141 1371 2177 dicat
1387 2142 1482 2185 quod
1497 2142 1541 2176 de
1557 2141 1765 2178 huiusmodi

125 2191 263 2228 iniuria
278 2194 347 2238 ipsi
363 2195 506 2230 veniam
525 2196 593 2230 sibi
611 2195 836 2240 indulgeant.

171 2248 276 2290 Quod
293 2249 419 2293 quinto
436 2251 480 2285 de
493 2251 680 2294 sepultura
695 2251 896 2286 exhibenda
913 2252 983 2294 hijs
996 2251 1058 2295 qui
1071 2263 1150 2286 eam
1167 2263 1238 2287 non
1251 2252 1436 2296 elegerant
1451 2264 1516 2287 nec
1531 2251 1772 2288 condiderunt

126 2307 379 2339 testamentum
396 2307 519 2349 sieque
535 2306 711 2341 decedunt
736 2305 907 2347 intestati,
926 2306 1019 2342 dixit
1042 2310 1108 2342 etc.
1139 2307 1243 2342 Dicat
1259 2307 1355 2350 quod
1379 2308 1468 2342 tales
1485 2310 1569 2342 sunt
1593 2306 1631 2341 in
1649 2307 1771 2342 multi-

126 2359 212 2404 plici
229 2359 461 2395 differencia:
481 2360 628 2403 quidam
650 2361 831 2405 indigene,
851 2361 998 2405 quidam
1022 2362 1151 2401 incole,
1170 2362 1317 2405 quidam
1347 2362 1517 2405 inquilini
1545 2362 1602 2396 vel
1630 2362 1769 2398 aduene

125 2416 183 2450 vel
200 2415 367 2451 viatores.
388 2416 433 2451 Et
456 2416 563 2451 aliter
585 2420 638 2452 est
664 2417 858 2452 dicendum
889 2418 932 2453 de
959 2418 1036 2453 istis
1059 2421 1093 2453 et
1110 2419 1212 2460 alijs:
1235 2434 1250 2446 u
1270 2419 1473 2453 Debueram
1489 2416 1712 2461 distinguere
1727 2421 1763 2452 et

124 2471 242 2506 refero
265 2482 322 2505 me
337 2471 383 2506 ad
400 2471 482 2506 iura
498 2471 684 2512 canonica,
702 2474 738 2506 et
753 2471 839 2515 quia
856 2472 1036 2517 contingit
1052 2474 1244 2508 nonnullos
1267 2473 1396 2508 talium
1419 2471 1601 2507 sentencia
1618 2483 1757 2506 excom-

126 2524 383 2560 municationis
400 2525 508 2570 ligari
525 2528 633 2569 atque
648 2525 914 2561 rationabiliter
929 2527 1107 2568 dubitare,
1126 2528 1306 2572 agendum
1323 2531 1374 2562 est
1391 2527 1493 2561 iuxta
1508 2529 1642 2561 statuta
1665 2526 1758 2561 sino-

125 2579 234 2621 dalia,
254 2584 380 2616 contra
408 2593 477 2625 que
506 2581 628 2615 nullus
657 2581 863 2625 predicator
890 2581 928 2616 in
959 2582 1101 2626 dyocesi
1131 2582 1168 2616 in
1200 2594 1271 2626 qua
1298 2582 1432 2617 habent
1462 2581 1636 2626 vigorem,
1654 2582 1758 2617 debet

123 2635 379 2680 dogmatizare,
398 2639 434 2670 et
450 2635 610 2671 breuiter
626 2635 665 2670 in
681 2636 799 2679 dubijs
824 2635 922 2671 circa
946 2637 1041 2671 hanc
1066 2637 1255 2672 materiam
1279 2638 1322 2672 de
1339 2637 1534 2681 sepulturis
1549 2637 1759 2682 contingen-

122 2689 219 2725 tibus
237 2690 476 2726 consulendus
492 2694 544 2726 est
561 2690 748 2735 episcopus
763 2694 827 2726 aut
843 2691 898 2726 sui
915 2691 1094 2734 officiarii,
1113 2696 1179 2727 etc.
1198 2708 1213 2721 n

169 2745 269 2781 Dixit
298 2748 397 2780 sexto
425 2739 539 2781 multa
567 2745 629 2790 qui
657 2746 729 2781 sint
752 2748 887 2790 proprij
913 2747 1115 2783 sacerdotes
1139 2752 1171 2782 ct
1189 2747 1346 2791 qualiter
1361 2748 1404 2783 de
1421 2749 1581 2783 confesso
1597 2748 1706 2783 semel
1723 2747 1760 2782 in

123 2812 219 2835 anno
236 2801 468 2845 priuilegiato
485 2801 633 2836 cadente
658 2801 695 2836 in
715 2805 874 2845 puteum,
893 2802 955 2844 qui
972 2804 1194 2847 sepulturam
1212 2815 1282 2839 non
1303 2805 1473 2849 elegerat,
1491 2804 1671 2849 agendum
1688 2808 1751 2839 est.

125 2854 229 2890 Dicat
248 2855 343 2899 quod
359 2855 505 2899 proprio
522 2855 697 2890 sacerdoti
714 2857 822 2891 semel
839 2857 876 2892 in
889 2869 985 2892 anno
998 2869 1041 2892 ex
1055 2861 1222 2903 precepto
1235 2859 1383 2894 ecclesie
1400 2871 1406 2894 ι
1427 2859 1553 2894 Omnis
1565 2858 1753 2902 utriusque

121 2921 226 2945 sexus
241 2914 308 2946 etc.
327 2911 569 2946 confitendum
582 2914 645 2953 est,
660 2911 817 2947 maxime
840 2912 904 2948 illo
929 2916 1089 2958 tempore
1116 2925 1187 2957 quo
1204 2914 1381 2950 incumbit
1404 2914 1623 2950 diuinissimi
1647 2927 1749 2951 euca-
