2097 3466
338 271 399 302 404
1015 263 1144 298 ANNO
1173 266 1272 298 1463

334 366 374 395 ut
391 359 551 403 loquitur
566 357 746 401 apostolus
761 357 805 391 ad
823 356 949 399 Ephes.
967 360 997 397 4,
1013 360 1053 390 ut
1068 355 1115 391 sit
1132 357 1284 400 populus
1303 367 1408 398 unus,
1426 356 1521 391 idem
1537 356 1678 398 sentiat,
1693 356 1784 392 alter
1801 356 1957 392 alterum

334 415 462 458 diligat
486 413 523 446 in
541 411 694 451 Christo,
711 411 881 454 quoniam
899 421 990 444 unus
1015 410 1116 453 panis
1139 413 1175 445 et
1198 422 1310 445 unum
1327 421 1468 454 corpus
1487 410 1591 445 multi
1611 422 1732 445 sumus
1757 422 1880 446 omnes
1897 411 1959 454 qui

333 469 375 503 de
393 479 464 502 uno
485 478 575 511 pane
599 471 632 500 et
656 465 699 500 de
724 476 796 499 uno
820 465 931 499 calice
955 464 1211 508 participamus
1234 465 1347 500 ICor.
1369 467 1420 499 10.
1447 465 1571 508 Itaque
1595 469 1722 500 caueat
1746 477 1790 501 ne
1813 477 1857 500 ex
1881 465 1958 501 eius

331 523 474 566 aloquio
491 522 599 556 corda
614 520 825 555 scindantur
840 519 1011 558 fidelium.
1032 531 1075 554 ne
1100 519 1338 555 irreuerentia
1362 519 1520 554 filiorum
1544 519 1589 555 ad
1607 523 1724 564 patres
1741 521 1893 562 oriatur,
1911 532 1957 556 ne

330 577 616 612 scandalizentur
631 575 668 609 in
687 575 754 609 fide
771 579 806 609 et
822 574 896 609 vita
914 574 1046 618 pusilli.

373 631 551 673 Quoniam
568 641 652 665 vero
668 641 711 665 ex
727 629 970 673 predicatione
987 628 1108 664 fratris
1125 629 1287 673 Dyonisii
1309 628 1497 670 Soneaine,
1519 629 1655 664 ordinis
1671 630 1825 664 fratrum
1842 629 1956 666 mino-

322 698 416 726 rum,
450 696 575 729 nuper,
608 687 648 719 ut
679 685 804 725 fertur,
838 683 982 718 lectoris
1015 683 1052 717 in
1085 687 1265 718 conuentu
1300 683 1398 727 opidi
1430 683 1720 725 Valencenensis,
1755 687 1874 720 ortum
1905 687 1958 720 est

323 740 531 775 scandalum
548 750 618 773 non
634 738 814 772 modicum
839 737 877 771 in
894 738 990 771 clero
1014 741 1049 772 et
1075 738 1206 781 populo
1222 749 1331 781 super
1355 737 1462 772 certis
1486 737 1651 772 articulis
1676 738 1714 772 in
1730 738 1956 774 sermonibus

324 794 503 829 dominice
520 793 557 828 in
574 792 736 836 passione
752 795 787 827 et
804 803 1014 835 parasceues
1029 803 1124 827 anno
1140 793 1189 827 M.
1209 792 1279 836 iiijo
1296 793 1358 834 lxij
1386 792 1546 836 prolatis,
1566 804 1609 827 ex
1626 793 1756 836 quibus
1773 793 1955 830 eonscien-

325 849 374 884 tie
388 849 582 883 multorum
599 848 746 882 fuerunt
762 847 905 887 offense,
922 846 1160 881 necessarium
1173 846 1343 881 duximus
1358 858 1402 881 ex
1419 846 1537 881 officio
1555 849 1676 881 nostro
1691 847 1956 890 prouidendum

330 914 392 947 per
415 913 517 936 suam
533 901 811 936 declarationem
835 903 870 935 et
893 900 1052 943 ipsarum
1076 900 1377 935 conscientiarum
1398 900 1660 936 serenationem
1677 904 1712 936 et
1737 901 1954 945 pacificatio-

330 970 410 994 nem
427 959 464 992 in
482 958 627 992 modum
643 956 704 1000 qui
721 956 883 999 sequitur
900 967 995 990 nunc
1012 956 1049 990 in
1066 956 1190 996 latino,
1208 957 1254 990 ad
1270 957 1442 1000 populum
1459 959 1578 992 autem
1596 956 1634 991 in
1651 956 1795 1001 gallico.

374 1014 472 1049 Dixit
495 1013 610 1057 primo
634 1012 745 1046 frater
760 1015 977 1046 memoratus
1000 1011 1038 1044 in
1055 1023 1119 1045 sua
1135 1010 1263 1046 ultima
1279 1012 1531 1055 responsione:
1559 1011 1689 1046 Nullus
1712 1011 1955 1056 parochianus

327 1074 395 1104 etc.
415 1069 577 1102 Ponatur
593 1067 637 1100 ad
661 1066 821 1109 longum.
842 1065 1105 1100 Declarandum
1123 1077 1159 1099 se
1183 1065 1280 1100 dieat
1303 1065 1341 1100 in
1361 1065 1507 1110 publica
1523 1065 1767 1109 predicatione
1783 1068 1880 1101 certo
1897 1066 1955 1102 die

326 1123 394 1157 sibi
419 1122 600 1166 assignato
624 1121 661 1154 in
685 1121 809 1154 eodem
838 1120 915 1154 loeo
941 1119 1037 1164 [quo]
1062 1119 1313 1163 predieauerat
1339 1123 1445 1164 atque
1470 1120 1508 1154 in
1531 1121 1646 1155 altero
1670 1121 1844 1162 locorum,
1862 1120 1891 1155 si
1914 1120 1954 1155 in

326 1179 486 1214 duobus:
508 1191 523 1204 ιι
544 1175 657 1210 Debui
675 1175 794 1210 dicere
810 1178 845 1209 et
869 1186 965 1209 nune
983 1175 1063 1209 dico
1086 1175 1154 1209 hoc
1177 1186 1252 1210 esse
1268 1186 1405 1216 verum,
1424 1175 1453 1209 si
1478 1175 1718 1219 parochianus
1740 1174 1849 1210 fuerit
1872 1186 1954 1210 eon·

327 1234 445 1273 tritus,
473 1244 544 1267 non
569 1232 649 1265 ficte
666 1231 857 1270 confessus,
884 1229 944 1263 sed
968 1229 1109 1273 integre
1131 1240 1196 1273 pro
1212 1241 1312 1273 posse
1328 1241 1415 1271 suo3
1433 1232 1468 1264 et
1491 1230 1586 1272 quod
1602 1232 1680 1273 post
1697 1229 1955 1265 confessionem

328 1290 460 1324 factam
484 1286 716 1331 priuilegiato
740 1285 880 1319 nullum
904 1285 1055 1319 mortale
1079 1287 1160 1320 ante
1185 1284 1425 1328 sumptionem
1449 1285 1639 1320 eucaristie
1664 1285 1894 1327 commiserit,
1912 1285 1957 1321 de

330 1355 401 1387 quo
418 1343 463 1378 sit
479 1341 642 1377 conscius
658 1342 719 1374 aut
743 1339 896 1381 dubius3
914 1339 1009 1382 quod
1025 1339 1144 1373 adhue
1167 1338 1205 1374 in
1229 1338 1291 1373 illo
1315 1350 1398 1374 casu
1415 1339 1577 1374 securius
1591 1341 1645 1375 est
1667 1339 1712 1374 ad
1734 1338 1953 1374 satisfacien-

329 1399 415 1433 dum
432 1399 598 1442 precepto
615 1394 784 1429 ecclesie:
812 1393 936 1428 Omnis
961 1393 1146 1437 utriusque
1168 1405 1272 1428 sexus
1288 1396 1369 1435 ete.,
1385 1394 1480 1436 quod
1503 1405 1567 1429 suo
1590 1394 1736 1438 proprio
1752 1393 1953 1438 parochiali

330 1451 505 1488 sacerdoti
529 1449 671 1486 venalia
695 1448 910 1483 confiteatur
931 1450 1015 1482 ante
1038 1447 1338 1489 communionem,
1357 1447 1441 1482 lieet
1464 1447 1615 1483 forsitan
1631 1459 1703 1484 non
1718 1447 1763 1483 sit
1787 1459 1953 1492 neeesse3

331 1509 544 1543 confiteatur
560 1505 774 1548 inquantum
799 1502 837 1537 in
855 1514 986 1547 genere
1008 1503 1052 1537 de
1076 1503 1189 1537 abusu
1213 1513 1360 1538 suorum
1377 1514 1545 1538 sensuum
1561 1502 1782 1538 exteriorum
1797 1504 1834 1538 et
1856 1501 1953 1546 eogi-

329 1563 506 1599 tationum
523 1573 565 1596 ae
589 1559 794 1604 passionum
818 1560 901 1592 ante
924 1560 1043 1592 tamen
1060 1569 1271 1592 eonsensum
1294 1557 1333 1592 in
1349 1557 1501 1593 materia
1517 1557 1654 1602 peccati
1675 1557 1849 1599 mortalis,
1868 1556 1954 1602 quia

329 1621 407 1662 post
423 1627 634 1652 consensum
653 1614 690 1649 in
707 1624 750 1648 ea
766 1616 855 1648 esset
872 1615 1059 1656 peceatum
1075 1612 1238 1647 mortale.
1260 1628 1275 1641 ’τ

372 1671 471 1706 Dixit
493 1669 648 1705 secundo
664 1670 759 1714 quod
783 1672 937 1713 potestas
961 1670 1114 1704 fratrum
1138 1668 1420 1704 mendicantium
1437 1671 1504 1704 ete.
1530 1669 1693 1705 Ponatur
1719 1668 1766 1704 ad
1787 1669 1950 1713 longum.

327 1727 431 1762 Dicat
454 1725 550 1769 quod
577 1736 648 1760 non
673 1725 852 1760 intellexit
875 1723 1057 1768 propriam
1082 1735 1227 1759 vocem:
1265 1738 1279 1751 u
1300 1723 1383 1758 Dixi
1409 1723 1506 1758 enim
1530 1724 1625 1768 quod
1648 1725 1802 1768 potestas
1827 1734 1953 1758 eorum

327 1786 380 1818 est
402 1781 518 1816 maior
541 1784 576 1816 et
599 1780 826 1824 generalior3
856 1780 917 1814 sed
940 1779 1025 1823 quia
1048 1779 1243 1813 secundum
1265 1778 1510 1823 Augustinum
1533 1779 1572 1813 in
1594 1779 1664 1822 hijs
1684 1790 1752 1823 que
1776 1789 1848 1814 non
1870 1780 1954 1813 sunt

327 1838 422 1872 mole
444 1847 588 1880 magna,
608 1835 702 1870 idem
727 1838 779 1870 est
802 1834 918 1869 maius
942 1834 1037 1878 quod
1052 1834 1203 1877 melius3
1233 1834 1313 1868 ideo
1341 1833 1370 1868 si
1397 1833 1514 1868 maior
1529 1837 1592 1876 est,
1617 1837 1670 1870 est
1691 1833 1832 1875 melior,
1857 1833 1954 1878 quod

329 1904 401 1928 non
417 1891 523 1926 debui
547 1890 678 1925 dicere.
698 1888 813 1924 Debui
836 1888 950 1923 eciam
974 1888 1197 1932 distinguere
1220 1889 1264 1924 de
1286 1888 1490 1924 maioritate
1506 1888 1692 1924 extensiua
1714 1891 1750 1923 et
1771 1887 1953 1923 intensiua

330 1951 366 1983 et
381 1947 501 1981 dicere
517 1945 612 1988 quod
628 1946 782 1988 potestas
804 1943 868 1977 illa
891 1946 943 1977 est
965 1942 1082 1977 maior
1097 1942 1292 1983 extensiue,
1312 1942 1397 1985 quia
1412 1943 1458 1977 ad
1473 1943 1593 1986 plures
1616 1953 1785 1987 personas
1800 1944 1836 1977 et
1859 1941 1950 1983 loca,

328 2001 390 2037 sed
406 2012 477 2036 non
501 1999 690 2039 intensiue,
709 1998 794 2042 quia
818 2009 889 2032 non
913 1997 957 2031 ad
979 1998 1100 2041 plures
1116 2009 1217 2032 casus
1241 2008 1348 2040 quam
1364 1998 1564 2033 sacerdotes
1580 1996 1697 2032 curati
1719 1997 1864 2039 habent,
1882 1996 1952 2032 nisi

326 2067 347 2089 a
365 2066 455 2098 papa
472 2057 535 2089 aut
550 2053 717 2098 episcopo
734 2053 933 2096 dyocesano
950 2051 1153 2095 specialiter
1168 2052 1320 2086 facultas
1335 2052 1630 2087 committeretur.
1653 2068 1668 2082 2³

370 2109 475 2144 Dicat
501 2109 673 2152 insuper:
705 2122 720 2134 «ι
752 2106 875 2150 Aliqui
900 2106 1146 2150 imposuerunt
1169 2105 1259 2139 mihi
1283 2106 1378 2148 quod
1401 2106 1475 2140 dixi
1506 2109 1715 2150 potestatem
1742 2108 1950 2141 curatorum

326 2175 401 2198 esse
418 2164 463 2198 ab
479 2163 645 2207 episeopo
668 2164 807 2197 tantum
823 2173 831 2204 3
851 2172 923 2195 non
939 2161 1045 2195 credo
1061 2160 1130 2195 hoe
1151 2160 1292 2194 dixisse.
1313 2159 1351 2194 Si
1375 2160 1554 2201 dixissem,
1573 2160 1738 2195 deberem
1753 2169 1949 2202 reuocare3

327 2218 479 2252 firmiter
510 2218 604 2251 enim
635 2219 739 2251 teneo
776 2219 908 2250 statum
940 2218 1148 2249 curatorum
1179 2215 1368 2249 succedere
1399 2214 1508 2249 statui
1539 2213 1766 2258 septuaginta
1796 2213 1951 2248 duorum

328 2272 586 2316 discipulorum
617 2270 749 2306 Christi
781 2270 873 2304 sicut
903 2271 1035 2303 statum
1068 2269 1315 2312 episcoporum
1343 2269 1451 2303 statui
1479 2268 1668 2303 duodecim
1695 2268 1948 2312 apostolorum.

331 2327 459 2370 quibus
475 2326 660 2369 discipulis
677 2325 851 2359 Dominus
867 2324 965 2358 dedit
981 2327 1189 2367 potestatem
1203 2335 1309 2367 super
1325 2323 1491 2358 demonia
1506 2326 1547 2358 ut
1563 2323 1719 2358 eicerent
1734 2325 1770 2358 et
1785 2323 1952 2367 langores

329 2385 498 2416 curarent
520 2381 630 2422 (Luce
648 2382 700 2422 10)
724 2391 795 2413 non
818 2382 957 2413 tantum
981 2390 1003 2412 a
1027 2378 1248 2422 corporibus,
1274 2379 1334 2412 sed
1357 2378 1402 2412 ab
1426 2377 1636 2421 animabus;
1662 2378 1757 2412 unde
1780 2378 1952 2413 confiteor

327 2437 420 2480 ipsos
437 2440 579 2470 curatos
595 2436 727 2470 habere
744 2446 765 2469 a
783 2434 925 2469 Christo
943 2434 1149 2468 immediate
1166 2436 1374 2477 potestatem
1391 2433 1600 2468 absoluendi
1617 2445 1698 2468 suos
1714 2433 1950 2477 parochianos

325 2503 346 2526 a
374 2492 584 2526 mortalibus
609 2502 678 2525 non
707 2490 913 2530 reseruatis,
943 2492 978 2524 et
1001 2489 1251 2533 priuilegiatos
1274 2488 1480 2524 immediate
1503 2500 1525 2523 a
1548 2500 1661 2533 papa3
1690 2488 1806 2524 curati
1830 2491 1950 2523 autem

324 2546 563 2580 instituuntur
585 2545 622 2579 in
653 2545 833 2586 beneficiis
857 2555 879 2577 a
907 2544 1089 2585 collatore,
1110 2543 1332 2588 priuilegiati
1357 2546 1609 2587 presentantur
1636 2543 1800 2587 episeopo
1823 2543 1949 2587 dyoce-

326 2613 433 2643 sano3
459 2604 511 2635 est
538 2611 661 2634 verum
686 2600 781 2642 quod
804 2599 842 2633 in
867 2598 1054 2642 primitiua
1077 2598 1228 2633 ecelesia
1245 2610 1316 2632 non
1340 2598 1391 2633 ita
1414 2600 1581 2633 accurate
1604 2598 1806 2642 agebantur
1829 2597 1950 2632 omnia

328 2656 421 2689 sieut
444 2666 562 2696 nunc;
581 2653 732 2698 profecit
758 2653 855 2687 enim
884 2652 921 2686 in
944 2652 1068 2687 multis
1084 2652 1375 2688 cerimonialibus
1391 2663 1455 2695 per
1477 2651 1699 2687 incrementa
1721 2654 1948 2696 temporum;

329 2720 423 2748 nam,
457 2712 497 2742 ut
524 2708 612 2742 dicit
639 2708 763 2742 beatus
791 2707 958 2748 Thomas,
992 2706 1084 2741 sicut
1111 2709 1189 2750 post
1219 2706 1420 2742 rubricatas
1447 2707 1556 2750 pelles
1583 2708 1619 2741 et
1645 2706 1840 2742 iaeinetina
1865 2707 1950 2751 faga

329 2762 552 2797 tabernaculi
581 2762 697 2806 gloria
727 2761 851 2805 templi
879 2761 1059 2802 suecessit,
1085 2762 1136 2795 sie
1164 2764 1241 2804 post
1267 2761 1331 2795 illa
1358 2761 1506 2796 ecclesie
1533 2760 1718 2804 primitiue
1745 2760 1950 2796 rudimenta

329 2818 496 2861 splendor
519 2817 666 2852 ecclesie
693 2817 730 2851 in
754 2816 878 2851 diuino
907 2817 1006 2851 cultu
1034 2819 1069 2851 et
1095 2816 1169 2851 ritu
1192 2818 1497 2851 sacramentorum
1514 2815 1691 2860 expolitus
1713 2817 1748 2850 et
1771 2815 1948 2858 eliquatus

328 2873 436 2906 decor
458 2871 626 2914 aduenit3
651 2871 738 2905 hinc
765 2874 818 2906 est
841 2871 935 2914 quod
961 2870 1066 2905 modo
1093 2882 1115 2904 a
1138 2881 1231 2914 papa
1257 2869 1413 2914 episcopi
1437 2870 1686 2911 instituuntur,
1705 2870 1750 2904 ab
1773 2868 1949 2913 episcopis

329 2927 443 2967 curati
472 2939 595 2963 euram
622 2927 825 2963 animarum
852 2924 1052 2971 suscipiunt
1075 2927 1196 2970 utpote
1219 2937 1278 2960 eos
1302 2924 1546 2971 obligantibus
1562 2925 1608 2961 ad
1633 2923 1797 2970 regimen
1823 2921 1948 2969 populi
