2097 3466
392 243 452 272 4³³4
1073 233 1205 267 ANNO
1231 233 1330 266 1502

1145 359 1277 401 400.

453 467 588 515 1502,
621 465 672 521 ('s
698 462 1031 519 Gravenhaye).
1055 462 1295 505 Uittreksel
1330 461 1392 504 uit
1419 460 1497 502 het
1530 461 1770 516 Cataloyus
1802 459 2013 503 heretico-

389 550 493 578 rum
517 534 668 592 (1526)
691 546 773 574 vau
797 532 879 574 den
913 530 1173 587 predikheer
1200 544 1252 572 en
1278 529 1538 583 inquisiteur
1563 529 1807 571 Bernardus
1829 529 2014 571 Lutzen-

392 603 567 658 burgus,
582 614 687 644 over
703 600 754 643 de
767 599 1094 654 veroordeeling
1108 611 1192 640 van
1212 597 1292 639 den
1311 596 1460 639 ketter
1477 597 1668 638 Herman
1685 610 1768 639 van
1787 596 2014 654 RijswiJck

390 675 456 714 tot
478 669 755 723 levenslange
778 667 1028 722 kerkering.
1057 690 1112 696 -—
1137 666 1247 707 Deze
1270 664 1598 719 veroordeeling
1620 664 1740 706 werd
1762 666 1893 721 tegen
1914 665 2014 708 hem
2072 690 2077 693 -

391 739 494 781 door
532 738 613 780 den
650 736 905 791 inquisiteur
939 736 1022 778 Jan
1062 748 1147 777 van
1186 733 1412 776 Ommaten
1446 732 1772 788 uitgesproken.
1795 734 1855 776 De
1886 734 2014 777 reeks

391 808 527 864 zijiier
563 808 863 848 voornaamste
902 803 1104 859 dolingen
1145 802 1288 845 wordt
1325 801 1420 844 hier
1457 814 1723 857 opgegeven,
1759 802 2015 845 waaronder

389 888 489 917 zeer
511 875 654 916 stoute
679 872 956 914 voorkomen.

437 964 665 998 Hermannus
689 962 888 1006 Rysswick,
915 973 1008 997 anno
1027 964 1124 1003 1502,
1151 961 1195 995 ad
1221 964 1435 1004 perpetuum
1460 970 1641 994 carcerem
1665 960 1734 995 fuit
1759 960 2017 995 condemnatus

392 1032 455 1064 per
472 1020 620 1054 fratrem
635 1017 840 1052 Joliannem
865 1017 1069 1058 Ommaten,
1096 1027 1196 1051 sacre
1213 1015 1396 1060 theologie
1423 1015 1669 1059 professorem,
1697 1014 1835 1050 ordinis
1855 1015 2017 1059 predica-

391 1081 511 1111 torum
529 1079 563 1109 et
578 1073 846 1116 inquisitorem.

437 1131 481 1164 Et
502 1129 561 1163 isti
576 1134 660 1163 sunt
677 1128 823 1163 articuli
838 1127 1049 1163 hereticales
1067 1126 1226 1162 eiusdem
1245 1126 1530 1170 principaliores,
1549 1129 1696 1169 propter
1711 1136 1799 1169 quos
1821 1125 1894 1160 iam
1919 1125 2015 1169 peni-

392 1190 470 1220 tens
487 1186 659 1227 perpetuo
677 1183 816 1217 carceri
832 1182 1058 1216 adiudicatus
1072 1181 1152 1216 fuit.
1173 1182 1318 1216 Primus
1333 1181 1428 1224 quod
1444 1182 1600 1215 mundus
1612 1181 1680 1215 fuit
1697 1181 1741 1215 ab
1757 1184 1880 1215 eterno
1893 1183 1928 1215 et
1944 1191 2017 1215 non

392 1241 521 1284 incipit
552 1250 614 1283 per
645 1239 865 1273 creationem
893 1239 1105 1273 fabricatam
1136 1249 1157 1272 a
1182 1238 1291 1272 stulto
1317 1238 1427 1279 Mose,
1453 1241 1493 1271 ut
1523 1236 1612 1271 dicit
1635 1235 1757 1270 Biblia
1785 1235 2012 1270 indistincta.

394 1295 597 1331 Secundus:
617 1294 712 1329 Deus
735 1304 920 1336 nunquam
944 1292 1082 1328 creauit
1107 1293 1255 1337 angelos
1278 1292 1355 1326 siue
1379 1293 1490 1326 bonos
1513 1291 1590 1326 siue
1611 1291 1736 1333 malm,
1754 1291 1926 1334 quoniam
1948 1290 2018 1326 hoc

392 1348 522 1384 nullibi
549 1348 683 1392 legitur
706 1348 745 1382 in
767 1352 888 1382 nostra
912 1346 1117 1390 Scriptura.
1139 1348 1214 1382 Nec
1238 1350 1289 1381 est
1313 1345 1500 1388 infermus‚
1526 1352 1568 1380 ut
1592 1345 1706 1380 nostri
1729 1344 1908 1381 estimant.
1927 1345 2017 1380 Item

392 1408 471 1447 post
486 1402 579 1436 hanc
595 1402 706 1436 vitam
723 1401 823 1435 nulla
848 1402 916 1435 erit
940 1400 1014 1434 vita
1031 1400 1274 1444 particularis,
1301 1404 1342 1434 ut
1366 1404 1508 1435 mortuo
1535 1399 1694 1440 Socrate,
1718 1398 1873 1434 moritur
1896 1399 2018 1434 anima

393 1458 469 1492 eius
488 1457 581 1491 sicut
597 1468 680 1490 cum
697 1467 846 1499 corpore
863 1455 1014 1499 incepit.
1039 1457 1125 1490 Item
1142 1455 1369 1490 doctissimus
1385 1455 1599 1490 Aristoteles
1614 1457 1649 1489 et
1666 1455 1742 1489 eius
1758 1457 2018 1489 commentator

393 1512 564 1547 Auerrois
588 1512 734 1546 fuerunt
759 1510 904 1545 veritati
930 1510 1236 1554 propinquissimi.
1265 1511 1354 1545 Item
1379 1510 1544 1544 Christus
1566 1510 1636 1544 fuit
1659 1509 1790 1544 stultus
1809 1513 1844 1543 et
1866 1508 2018 1552 simplex

394 1569 603 1603 fantasticus
628 1571 662 1601 et
688 1567 855 1601 seductor
881 1566 1101 1609 simplicium
1132 1565 1333 1601 hominum.
1360 1566 1405 1600 Et
1436 1576 1503 1609 ego
1531 1565 1611 1599 dico
1644 1564 1739 1608 quod
1768 1563 1831 1598 ille
1856 1563 2019 1599 Christus

393 1623 581 1658 damnauit
597 1622 808 1655 uniuersum
823 1622 998 1654 mundum
1013 1628 1047 1654 et
1064 1621 1243 1655 neminem
1257 1620 1424 1654 saluauit.
1438 1619 1534 1660 Quot
1547 1622 1643 1653 enim
1657 1618 1822 1653 homines
1836 1618 2019 1653 interfecti

393 1684 476 1713 sunt
494 1681 639 1721 propter
654 1676 772 1719 ipsum
788 1679 821 1709 et
838 1687 942 1710 suum
962 1674 1206 1719 Euangelium
1228 1674 1384 1709 fatuum!
1407 1675 1495 1708 Item
1519 1674 1614 1717 quod
1631 1673 1753 1708 omnia
1769 1683 1838 1715 que
1855 1672 2018 1708 Christus

393 1734 515 1778 gessit,
533 1732 691 1766 humano
705 1732 830 1775 generi
849 1735 884 1764 et
906 1730 1039 1764 rationi
1056 1735 1152 1765 recte
1175 1736 1259 1764 sunt
1282 1729 1481 1764 contraria.
1506 1730 1594 1763 Item
1619 1728 1802 1763 Christum
1818 1728 1935 1763 filium
1951 1727 2018 1762 Dei

393 1786 731 1831 omnipotentissimi
759 1792 881 1829 aperte
905 1797 1013 1829 nego.
1044 1786 1089 1819 Et
1118 1785 1243 1820 Mosen
1274 1785 1392 1828 legem
1417 1796 1438 1818 a
1469 1784 1543 1818 Deo
1566 1783 1759 1818 visibiliter
1785 1786 1819 1817 et
1840 1783 2018 1817 facialiter

393 1842 587 1886 suscepisse
603 1852 744 1876 recuso.
766 1840 857 1875 Item
872 1840 957 1875 fides
974 1844 1095 1874 nostra
1112 1840 1273 1874 fabulosa
1289 1845 1352 1880 est,
1367 1843 1408 1873 ut
1431 1839 1559 1882 probat
1575 1841 1696 1873 nostra
1712 1839 1813 1874 fatua
1830 1838 2018 1882 Scriptura

393 1902 427 1933 et
443 1898 526 1932 ficta
554 1897 673 1930 Biblia
698 1901 731 1930 et
757 1896 1000 1939 Euangelium
1023 1895 1189 1929 delirum.
1216 1894 1306 1929 Item
1334 1894 1576 1938 Euangelium
1599 1897 1764 1928 nostrum
1796 1894 1928 1928 falsum
1951 1897 2015 1936 est,

392 1952 562 1996 quoniam
577 1951 639 1994 qui
657 1951 773 1995 potuit
788 1961 911 1985 creare
925 1951 1098 1984 mundum
1115 1949 1191 1985 siue
1208 1949 1469 1990 incarnatione,
1489 1954 1524 1983 et
1540 1960 1622 1984 eum
1645 1950 1764 1992 potuit
1781 1949 1924 1984 saluare
1940 1948 2017 1984 sine

393 2008 657 2042 incarnatione.

437 2062 568 2096 Omnes
589 2061 674 2095 istos
698 2060 872 2094 articulos
899 2063 934 2094 et
961 2059 1166 2094 consimiles
1194 2060 1375 2094 confessus
1402 2062 1454 2093 est
1476 2058 1624 2101 proprio
1647 2069 1710 2092 ore
1733 2061 1768 2093 et
1790 2069 1879 2092 sana
1898 2061 2018 2093 mente

393 2127 513 2150 coram
530 2114 743 2158 inquisitore
759 2120 794 2149 et
819 2114 959 2148 notario
985 2121 1019 2148 et
1042 2114 1204 2154 testibus,
1230 2114 1364 2148 addens
1387 2125 1395 2147 :
1425 2127 1440 2140 κ
1469 2113 1546 2156 Ego
1571 2111 1797 2147 Christianus
1819 2115 1937 2155 natus,
1955 2113 2016 2148 sed

391 2171 464 2205 iam
477 2181 548 2205 non
565 2181 642 2204 sum
661 2169 899 2209 Christianus,
919 2167 1095 2211 quoniam
1111 2167 1166 2201 illi
1184 2167 1387 2203 stultissimi
1404 2170 1503 2202 sunt.
1527 2183 1543 2196 „

743 2234 937 2278 Cataloyus
961 2234 1220 2275 hereticorum,
1248 2233 1407 2269 Heretici
1431 2234 1474 2268 de
1500 2234 1606 2268 litera
1630 2233 1674 2268 H.
1703 2252 1744 2257 —
1770 2231 1835 2268 Uit
1865 2232 2017 2269 broeder

781 2290 988 2324 Bernardus
1025 2289 1309 2332 Lutzenburgus’
1337 2299 1398 2323 zoo
1422 2288 1628 2332 belangriJk
1652 2300 1697 2323 en
1718 2288 1854 2332 weinig
1876 2287 2016 2322 bekend

786 2345 982 2388 Cataloqus
1007 2343 1254 2378 hereticorum
1279 2344 1389 2386 (1526)
1411 2344 1509 2378 werd
1535 2345 1579 2378 de
1600 2343 1747 2385 geheele
1770 2342 2018 2388 geschiedenis

782 2411 852 2434 van
883 2400 951 2434 den
992 2399 1111 2434 ketter
1143 2399 1303 2433 Herman
1339 2410 1410 2433 van
1439 2398 1628 2442 Rijswijck
1656 2398 1900 2443 overgedrukt
1929 2398 2018 2431 door

785 2455 825 2489 G.
846 2455 1048 2494 Prateolus,
1069 2455 1121 2487 De
1144 2456 1242 2494 vitis,
1259 2456 1363 2487 sectis
1388 2459 1419 2487 et
1443 2454 1675 2497 doymatibus
1699 2455 1864 2488 omnium
1887 2451 2016 2486 hereti-

783 2520 909 2543 corum
933 2508 1088 2552 (Keulen
1113 2510 1223 2550 1569),
1241 2508 1306 2542 blz.
1333 2510 1396 2543 205
1413 2519 1457 2542 en
1479 2509 1562 2551 2063
1593 2507 2015 2551 Baronius-Spondamus,

783 2564 948 2597 Annales
989 2563 1238 2604 ecclesiastici,
1278 2562 1355 2596 deel
1394 2563 1439 2603 II,
1479 2563 1544 2598 blz.
1585 2565 1666 2605 3013
1709 2573 1753 2597 en
1790 2562 2014 2606 d’Argentre‚

787 2618 953 2652 Collectio
965 2617 1214 2660 judiciorum,
1232 2617 1311 2652 deel
1328 2617 1355 2659 I,
1373 2619 1408 2652 2Θ
1422 2617 1517 2659 stuk,
1535 2618 1591 2652 blz
1620 2619 1700 2651 342.
1721 2616 1773 2651 De
1785 2620 1876 2651 twee
1890 2617 2018 2650 laatste

782 2673 964 2716 uitgevers
989 2673 1151 2715 plaatsen
1178 2672 1239 2706 het
1263 2673 1367 2715 geval
1391 2672 1467 2706 niet
1489 2672 1527 2706 in
1554 2674 1647 2713 1502,
1673 2681 1775 2705 maai·
1797 2672 1836 2706 in
1861 2672 1956 2705 1499.
1977 2688 2018 2694 —

784 2727 878 2761 Over
910 2726 1069 2761 Herman
1101 2737 1173 2760 van
1205 2726 1406 2770 Rijswijck,
1435 2726 1487 2761 zie
1516 2726 1619 2769 Mon,
1651 2724 2015 2774 Keffiyescffledenis,

776 2782 854 2816 deel
873 2782 915 2822 ΙΙ,
936 2785 970 2815 3²
987 2781 1082 2824 stuk‚
1104 2781 1170 2815 blz.
1196 2783 1269 2822 105,
1289 2793 1333 2815 en
1356 2783 1483 2815 verder
1499 2793 1584 2816 onze
1600 2788 1652 2815 ΠΝ
1674 2783 1738 2815 416
1754 2792 1798 2816 en
1814 2783 1889 2815 417.
1906 2799 1948 2806 -
1964 2780 2016 2815 De

785 2836 1003 2878 inquisiteur
1013 2835 1033 2870 J
1038 2847 1083 2869 an
1099 2846 1170 2870 van
1184 2835 1374 2870 Ommaten
1385 2846 1458 2869 was
1474 2837 1574 2879 prior
1586 2846 1655 2870 van
1667 2835 1730 2870 het
1741 2835 2016 2878 predikheeren·

785 2891 945 2926 klooster
961 2902 1031 2925 van
1044 2890 1196 2926 Utrecht
1209 2891 1248 2926 of
1257 2901 1327 2925 van
1339 2891 1467 2926 Zutfen
1482 2894 1542 2926 ten
1554 2895 1634 2934 jare
1647 2893 1731 2926 1495
1743 2890 1807 2934 (zie
1822 2889 2018 2924 hierboven

784 2957 848 2980 ons
864 2954 903 2979 n‘
918 2947 1011 2988 394.)
