2097 3466
781 236 916 272 ANNO
944 237 1044 272 1231
1694 238 1737 272 79

86 333 206 378 laten
229 332 424 376 worden.
445 332 560 376 Door
576 331 780 376 niemand
799 333 910 376 noch
929 333 1065 376 onder
1087 345 1198 388 geen
1220 332 1529 376 voorwendsel
1548 332 1731 377 kunnen

85 402 153 446 die
172 401 430 459 bepalingen
455 402 540 445 ooit
559 402 765 446 verzacht
783 401 984 447 worden.

130 510 322 557 [Capitula
340 511 551 546 Annibaldz·
566 513 749 546 senatoris
766 517 797 546 ec
816 511 952 556 populi
970 511 1134 546 Romani
1156 509 1277 543 edicta
1301 513 1431 543 contra
1449 509 1687 554 Patarenos]

133 567 265 602 Omnes
292 567 444 602 heretici
472 567 511 602 in
538 568 639 609 urbe,
659 567 827 602 videlicet
856 566 1016 608 Cathari,
1047 564 1231 605 Patareni,
1253 564 1437 608 Paupercs
1465 565 1508 599 (10
1538 565 1729 609 Lugduno,

89 622 291 668 Passagini,
311 622 509 667 Joseppini,
540 623 753 663 Arnaldisti,
774 622 984 667 Speroniste
1014 625 1050 656 et
1065 620 1129 655 alii
1157 621 1408 665 cujuscunque
1437 620 1572 654 heresis
1590 620 1734 655 nomine

87 681 315 720 censeantur,
333 678 530 719 credentes,
548 681 802 722 receptatores,
822 678 980 713 fautores
996 680 1033 712 et
1047 676 1252 711 defensores
1270 686 1396 710 eorum
1413 674 1452 710 in
1471 676 1560 709 urbe
1577 675 1732 720 singulis

86 733 191 769 annis
214 745 237 769 a
259 736 435 775 senatore,
464 734 608 777 quando
633 733 822 778 regiminis
846 733 902 767 sui
931 731 1131 777 prestiterit
1149 733 1415 776 juramentum,
1445 734 1617 774 perpetuo
1640 730 1731 765 diffi-

85 789 229 826 dentur.
248 790 338 826 Item
365 790 556 830 hereticos,
577 789 639 833 qui
668 789 805 824 fuerint
832 788 870 824 in
899 789 988 823 urbe
1018 787 1164 833 reperti,
1191 786 1382 831 presertim
1411 797 1476 830 per
1502 786 1733 830 inquisitores

85 846 187 882 datos
203 847 249 881 ab
262 845 413 881 ecclesia
429 845 486 880 vel
502 845 592 880 alios
605 845 702 880 viros
719 844 926 885 catholicos,
943 848 1086 879 senator
1102 854 1231 887 capere
1248 845 1414 878 teneatur
1430 845 1465 877 et
1483 846 1605 886 captos
1621 843 1730 878 ctiam

85 901 258 943 detinere,
278 904 467 946 postquam
494 900 630 935 fuerint
657 912 721 944 per
745 899 934 934 ecclesiam
959 899 1226 943 condempnati,
1246 898 1344 933 infra
1368 900 1449 933 octo
1473 897 1550 932 dies
1575 898 1733 935 animad-

85 958 250 993 versione
266 958 388 993 debita
405 957 616 1001 puniendos.

130 1014 232 1049 Bona
247 1025 332 1048 vero
349 1012 511 1057 ipsorum
528 1011 650 1047 omnia
674 1011 770 1046 infra
795 1011 991 1046 eorundem
1016 1010 1213 1046 terminum
1230 1009 1476 1054 publicentur,
1504 1009 1556 1044 ita
1577 1011 1671 1054 quod
1688 1011 1731 1045 de

86 1068 173 1113 ipsis
189 1080 299 1103 unam
317 1073 455 1112 partem
473 1067 685 1112 percipiant,
705 1067 767 1111 qui
785 1079 843 1101 eos
859 1066 1057 1101 revelarint
1081 1069 1114 1101 et
1139 1066 1190 1100 hii
1216 1065 1277 1109 qui
1303 1078 1362 1101 cos
1387 1066 1559 1110 ceperint,
1586 1069 1731 1100 senator

86 1124 250 1166 alteram,
270 1127 305 1159 et
320 1123 428 1159 tertia
445 1134 633 1158 murorum
652 1123 751 1157 urbis
773 1122 1031 1157 refectionibus
1056 1122 1260 1165 deputetur.
1286 1121 1375 1156 Item
1403 1126 1441 1156 ut
1465 1121 1515 1156 ibi
1533 1121 1595 1156 fiat
1610 1133 1730 1165 recep-

86 1179 249 1215 taculum
265 1179 438 1220 sordium,
458 1179 520 1214 ubi
545 1178 614 1213 fuit
638 1178 833 1214 latibulum
859 1177 1092 1221 perfidorum,
1111 1177 1238 1211 domus
1264 1176 1423 1218 illorum,
1443 1177 1481 1211 in
1506 1188 1577 1220 qua
1600 1177 1731 1212 hereti-

87 1245 213 1270 corum
240 1234 399 1279 aliquem
426 1246 516 1269 ausu
544 1233 738 1268 temerario
765 1233 881 1277 aliqui
911 1232 949 1267 in
977 1233 1066 1267 urbe
1096 1232 1384 1276 presumpserint
1406 1235 1605 1276 receptare,
1633 1233 1732 1267 nullo

86 1290 282 1325 reficienda
306 1293 466 1334 tempore
491 1289 653 1324 funditus
677 1289 857 1324 diruatur.
888 1287 963 1322 Hec
987 1287 1081 1322 idem
1105 1288 1148 1322 de
1173 1287 1338 1322 domibus
1363 1287 1509 1322 illorum
1541 1288 1652 1330 urbis
1671 1288 1733 1331 qui

87 1356 215 1380 manus
238 1345 506 1390 impositionem
523 1344 726 1388 receperint
754 1344 799 1378 ab
828 1343 1011 1385 hereticis,
1030 1343 1199 1377 similiter
1215 1343 1440 1378 observetur.
1460 1343 1549 1378 Item
1577 1343 1615 1378 in
1643 1344 1733 1378 urbe

88 1401 187 1436 circa
203 1401 388 1436 credentes
411 1400 656 1436 hereticorum
673 1399 870 1440 erroribus,
897 1402 1085 1443 postquam
1102 1398 1238 1433 fuerint
1262 1409 1328 1442 per
1344 1398 1532 1432 ecclesiam
1557 1399 1729 1440 denotati,

87 1456 262 1501 premissa
277 1456 400 1492 omnia
417 1457 663 1491 observentur.
690 1455 781 1490 Item
808 1455 1028 1498 quicumque
1043 1454 1087 1488 de
1104 1454 1193 1489 urbe
1217 1453 1366 1488 sciverit
1389 1453 1567 1488 hereticos
1588 1454 1628 1488 in
1645 1455 1733 1489 urbe

85 1515 122 1548 et
153 1523 226 1548 non
256 1512 484 1552 revelaverit,
515 1511 589 1546 XX
617 1511 794 1545 librarum
819 1521 911 1554 pena
939 1510 1160 1552 mulctetur3
1192 1512 1228 1544 et
1259 1509 1288 1543 si
1313 1509 1483 1544 solvendo
1507 1520 1580 1543 non
1611 1509 1732 1551 fuerit,

87 1566 272 1603 diffidetur
293 1579 359 1602 nec
384 1567 569 1602 relaxetur
592 1566 781 1606 diffidatio,
801 1565 869 1600 nisi
894 1565 1007 1610 digna
1030 1564 1276 1599 satisfactione
1294 1564 1480 1608 premissa.
1499 1564 1589 1599 Item
1614 1575 1733 1609 recep-

86 1625 220 1658 tatores
248 1622 404 1658 scienter
426 1623 501 1657 sive
529 1622 732 1657 defensores
760 1633 823 1656 seu
856 1621 1015 1655 fautores
1039 1619 1283 1655 hereticorum
1309 1619 1409 1654 urbis
1427 1619 1540 1654 tercia
1557 1620 1732 1654 bonorum

86 1689 235 1713 suorum
259 1682 360 1722 parte
384 1678 618 1718 mulctentur,
638 1689 708 1721 que
732 1687 922 1711 murorum
947 1675 1047 1710 urbis
1072 1675 1333 1710 refectionibus
1349 1675 1554 1718 deputetur.
1576 1675 1680 1716 Quod
1704 1676 1734 1710 si

94 1734 152 1768 vel
168 1733 375 1779 hujusmodi
392 1733 509 1778 puniti
526 1745 651 1768 rursus
675 1732 714 1767 in
730 1732 884 1766 similem
909 1731 1045 1766 fuerint
1067 1731 1211 1774 culpam
1233 1730 1402 1774 prolapsi.
1424 1730 1467 1764 de
1484 1730 1573 1764 urbe
1590 1731 1732 1774 penitus

95 1789 323 1833 expellantur
346 1801 413 1824 nec
436 1800 596 1832 unquam
620 1790 851 1823 revertantur
866 1787 911 1821 ad
928 1787 1041 1827 illam,
1061 1786 1129 1821 nisi
1147 1786 1259 1830 digna
1275 1785 1521 1821 satisfactione
1545 1785 1730 1830 premissa.

97 1844 312 1890 Hujusmodi
329 1848 449 1880 autem
463 1855 613 1889 persone
629 1843 667 1878 in
680 1843 769 1878 urbe
782 1842 931 1877 minime
944 1842 1151 1883 audiantur,
1168 1853 1233 1876 nec
1247 1841 1437 1885 quisquam
1450 1840 1501 1875 eis
1517 1841 1555 1875 in
1572 1841 1733 1885 qualibet

97 1911 205 1935 causa
227 1900 443 1945 respondere
467 1903 630 1944 cogatur,
656 1899 716 1934 sed
744 1899 813 1942 ipsi
842 1901 1021 1943 cogantur
1049 1897 1130 1932 aliis
1160 1897 1390 1941 respondere.
1421 1896 1568 1931 Judices
1598 1900 1730 1939 autem,

96 1955 260 1991 advocati
277 1959 311 1990 et
324 1955 492 1990 scrinarii
510 1955 600 1990 nulli
619 1966 744 1990 eorum
761 1965 866 1989 suum
884 1954 1095 1998 impendant
1110 1952 1282 1993 officium,
1301 1951 1464 1996 alioquin
1481 1963 1588 1987 suum
1606 1951 1735 1996 exequi

97 2012 256 2047 officium
281 2012 486 2046 nullatenus
510 2011 778 2055 permittantur.
798 2009 929 2044 Nullus
951 2012 1116 2052 preterea
1137 2008 1266 2043 talium
1284 2008 1327 2042 de
1345 2008 1435 2042 urbe
1460 2008 1673 2043 admittatur
1689 2008 1735 2042 ad

96 2067 341 2103 testimonium
359 2078 424 2101 nec
440 2067 486 2101 ad
510 2066 657 2110 aliquod
681 2065 866 2109 publicum
883 2064 1042 2099 officium
1059 2064 1116 2098 vel
1139 2064 1184 2097 ad
1208 2063 1366 2106 aliquem
1384 2066 1505 2097 actum
1530 2063 1735 2107 legitimum

97 2135 159 2159 seu
177 2134 366 2158 commune
383 2121 575 2156 consilium
591 2125 813 2162 assumatur3
832 2123 866 2155 et
884 2120 945 2164 qui
963 2120 1071 2154 talem
1089 2119 1245 2154 scienter
1261 2118 1425 2162 elegerit,
1446 2122 1617 2162 tanquam
1635 2118 1736 2153 here-

97 2178 253 2214 ticorum
284 2179 405 2212 fautor
430 2177 593 2221 predicta
616 2187 708 2220 pena
731 2176 938 2211 mulctetur.
959 2174 1111 2209 Senator
1143 2174 1286 2218 quando
1302 2178 1438 2218 prestat
1468 2173 1524 2207 sui
1549 2173 1737 2217 regiminis

91 2235 354 2278 juramentum,
367 2232 509 2277 jurabit
539 2233 633 2276 quod
650 2232 717 2266 hec
742 2231 863 2266 omnia
887 2234 921 2265 et
945 2230 1091 2275 singula
1114 2229 1152 2264 in
1169 2230 1259 2264 urbe
1284 2233 1444 2273 tempore
1469 2229 1657 2273 regiminis
1680 2229 1736 2263 sui

98 2289 255 2324 servabit
272 2292 307 2324 et
323 2299 388 2332 pro
404 2288 543 2322 viribus
566 2287 673 2322 faciet
689 2286 872 2322 observari
890 2297 932 2320 ac
955 2289 1121 2321 teneatur
1137 2286 1255 2319 facere
1266 2286 1395 2329 jurare
1420 2284 1592 2329 premissa
1616 2284 1737 2319 omnia

98 2355 352 2379 successorem.
373 2343 477 2384 Quod
505 2343 535 2376 si
563 2355 635 2377 non
661 2341 854 2388 juraverit,
880 2353 945 2385 pro
973 2344 1137 2376 senatore
1166 2341 1372 2375 nullatenus
1399 2340 1587 2381 habeatur,
1607 2343 1642 2374 et
1669 2351 1738 2384 quc

99 2400 225 2435 fecerit
253 2400 389 2434 nullam
418 2398 577 2433 habeant
604 2398 812 2433 firmitatem
841 2400 876 2432 et
903 2397 1024 2431 nullus
1052 2399 1220 2432 teneatur
1245 2396 1346 2440 sequi
1375 2407 1470 2436 eum,
1501 2395 1609 2430 ctiam
1637 2395 1667 2429 si
1695 2395 1739 2429 de

99 2456 280 2500 sequendo
303 2455 421 2499 ipsum
444 2454 642 2498 prestiterit
663 2455 925 2498 juramentum.
946 2452 1050 2493 Quod
1067 2452 1096 2486 si
1126 2451 1289 2496 predicta
1305 2463 1448 2486 servare
1471 2450 1736 2494 contempserit,

99 2515 220 2556 preter
247 2516 368 2546 notam
392 2509 544 2555 perjurii
574 2521 702 2553 penam
730 2509 981 2544 ducentarunr
993 2519 1200 2542 marcarum
1230 2507 1406 2547 incurrat,
1425 2516 1613 2541 murorum
1638 2505 1738 2539 urbis

100 2567 356 2602 refectionibus
384 2566 650 2610 applicandam,
677 2576 741 2600 nec
773 2565 816 2599 de
848 2568 968 2599 cetero
999 2564 1044 2598 ad
1076 2563 1235 2607 aliquam
1252 2563 1467 2607 dignitatem
1495 2561 1552 2596 vel
1579 2560 1738 2595 officium

100 2622 286 2667 publicum
310 2625 526 2662 assumatur,
545 2621 590 2655 ad
607 2631 715 2664 quam
733 2631 860 2664 penam
880 2618 1024 2663 judices
1038 2618 1153 2653 sancti
1170 2617 1321 2653 Martini
1340 2617 1456 2662 ipsum
1475 2618 1739 2662 condempnare

100 2682 303 2719 teneantur,
321 2682 357 2713 et
373 2677 440 2712 hec
463 2677 502 2711 in
526 2675 742 2720 capitulario
760 2674 928 2719 judicum
951 2674 1195 2718 predictorum
1222 2677 1379 2717 ponatur
1395 2678 1430 2708 ct
1455 2673 1555 2708 nullo
1579 2677 1739 2717 tempore

101 2733 230 2769 exinde
256 2733 431 2768 deleatur.
453 2733 584 2767 Omnes
612 2736 733 2766 autem
761 2730 920 2774 predicte
948 2741 1038 2774 pene
1067 2740 1182 2772 neque
1210 2740 1275 2772 per
1303 2728 1507 2764 contionem
1533 2739 1648 2772 neque
1676 2739 1740 2772 per

102 2788 293 2824 consilium
310 2800 425 2833 neque
456 2788 501 2823 ad
518 2798 641 2822 vocem
659 2785 782 2830 populi
807 2786 882 2820 ullo
898 2785 1005 2820 modo
1029 2788 1092 2820 aut
1113 2784 1262 2829 ingenio
1278 2783 1402 2828 aliquo
1419 2787 1579 2829 tempore
1595 2783 1739 2818 valeant

102 2844 270 2880 relaxam‘
452 2887 644 2928 Boehmer,
674 2887 764 2921 Acta
795 2887 947 2930 imperii
977 2884 1120 2925 selecta,
1150 2884 1229 2919 dccl
1256 2883 1301 2925 II,
1332 2884 1398 2919 blz.
1428 2886 1492 2919 666
1521 2895 1566 2918 en
1589 2886 1665 2919 667.
1695 2902 1739 2908 -

496 2943 613 2980 Reeds
629 2941 825 2988 asgedrukt
841 2942 888 2984 bij
918 2939 1094 2977 Odoricus
1119 2939 1341 2984 Ramaldus,
1360 2939 1440 2976 deel
1456 2938 1557 2981 XIII,
1576 2939 1642 2975 blz.
1661 2941 1736 2975 378.
