2097 3466
337 257 397 289 128
1018 254 1148 288 ANNO
1176 256 1273 288 1250

336 347 574 390 indulgemus,
589 357 680 389 quae
695 345 986 380 succurrentibus
999 345 1132 379 Terrae
1147 344 1298 379 Sanctae
1315 344 1352 378 in
1366 344 1526 388 generali
1542 343 1694 380 concilio
1707 347 1759 380 est
1771 356 1947 381 concessa.

335 402 417 435 Illos
433 413 517 435 vero
533 400 593 444 qui
612 401 656 434 ad
673 400 955 444 impugnandum
971 399 1180 439 haereticos,
1200 400 1355 433 fautores
1378 402 1413 434 et
1435 402 1673 442 receptatores
1689 411 1731 434 ao
1747 400 1948 435 defensores

333 468 455 490 eorum
473 456 572 489 vobis
584 467 626 489 ex
642 456 762 489 animo
776 455 962 493 auxilium.
982 454 1170 488 consilium
1189 453 1431 497 praestiterint
1454 454 1510 488 vel
1534 455 1704 496 savorem,
1723 455 1767 489 (10
1790 455 1949 498 omnipo-

331 511 438 546 tentis
456 511 518 545 Dei
537 510 779 545 misericordia
797 514 832 545 ct
856 511 1040 544 beatorum
1058 509 1155 543 Petri
1181 512 1216 543 et
1240 508 1345 543 Pauli
1371 509 1612 552 apostolorum
1636 511 1713 553 ejus
1736 510 1950 546 auctoritate

332 566 455 599 contisi
474 569 544 600 tres
560 577 673 600 annos
688 566 730 599 de
753 565 912 607 injuncta
929 564 994 598 sibi
1014 563 1232 607 poenitentia
1248 564 1460 604 relaxamus,
1476 567 1512 598 et
1527 564 1555 597 si
1582 564 1642 608 qui
1661 576 1703 599 ex
1720 564 1764 599 iis
1780 565 1818 599 in
1834 576 1949 609 prose-

332 621 476 654 cutione
491 620 696 664 hujusmodi
714 620 846 664 negotii
873 621 961 654 sorte
986 620 1211 660 decesserint,
1237 618 1288 653 eis
1315 622 1542 662 peccatorum
1561 619 1722 654 omnium
1750 620 1793 654 de
1820 619 1949 664 quibus

331 677 437 711 corde
462 676 605 711 contriti
623 679 658 711 et
685 688 745 711 ore
773 674 922 709 confessi
946 674 1091 714 fuerint,
1117 675 1258 717 plenam
1275 673 1415 708 veniam
1434 673 1674 718 indulgemus
1696 675 1949 718 Compescendi

330 743 470 775 quoque
487 731 682 766 monitione
698 730 902 774 praemissa.
918 740 981 773 per
994 740 1179 763 censuram
1196 728 1471 763 ecclesiasticam
1488 729 1727 772 appellatione
1740 728 1946 773 postposita,

331 786 594 830 praedicatores
632 786 876 830 quaestuarios
913 796 934 818 a
965 783 1242 828 praedicationis
1269 783 1398 825 officio,
1432 785 1526 827 quod
1554 784 1598 818 ad
1626 784 1719 827 ipsos
1746 783 1950 819 nullatenus

330 842 495 886 pertinet,
513 853 665 885 quorum
689 840 836 875 interest
859 842 997 874 tantum
1015 838 1204 874 caritativa
1219 839 1378 873 subsidia
1399 838 1610 882 simpliciter
1624 841 1744 882 petere
1767 850 1810 873 ac
1832 838 1948 874 indul·

329 896 498 940 gentiam,
517 896 546 930 si
574 907 681 939 quam
705 896 795 929 forte
822 894 988 936 habeant,
1007 905 1194 938 exponere,
1212 893 1362 928 liberam
1385 892 1486 928 vobis
1509 892 1701 928 tribuimus
1728 893 1946 929 facultatem.

329 950 473 992 Quodsi
491 962 561 984 non
578 950 682 984 ambo
698 952 764 984 etc.
780 950 835 991 (1).
1025 984 1027 986 ,

376 1005 505 1040 Datum
523 1003 704 1045 Laterani,
723 1003 840 1037 idibus
858 1002 1075 1043 Decembris,
1095 1002 1322 1046 pontificatus
1339 1001 1449 1037 nostri
1466 1013 1560 1037 anno
1577 1001 1703 1046 primo.

673 1080 806 1124 Ripoll,
832 1080 910 1114 deel
937 1080 964 1121 Ι,
997 1080 1063 1114 blz.
1098 1082 1171 1121 291,
1205 1087 1243 1114 nr
1271 1081 1323 1114 52.
1354 1079 1543 1121 (Potthast,
1577 1079 1655 1114 deel
1678 1079 1723 1122 II,
1754 1080 1820 1114 blz.
1851 1081 1946 1122 1326,

718 1142 756 1171 111'
773 1136 905 1176 16132.)

1077 1260 1191 1304 133.

392 1389 528 1438 1256,
556 1387 759 1431 Jamcarz'
778 1388 820 1436 9,
848 1388 1096 1431 Lateraom.
1125 1386 1205 1428 Bul
1228 1400 1311 1428 van
1335 1385 1582 1428 Alexander
1603 1387 1665 1430 IV
1687 1386 1857 1442 gericht.
1879 1388 1946 1430 tot

329 1459 411 1501 den
435 1457 507 1500 abt
530 1471 613 1500 van
635 1456 946 1499 Sint—Gillenus
973 1454 1183 1512 (Guilain)
1211 1468 1265 1497 en
1288 1454 1370 1496 den
1393 1458 1540 1510 proost
1562 1468 1643 1497 van
1668 1454 1948 1498 Sint—Gauce-

327 1527 442 1570 ricus
474 1524 628 1583 (Gery)
658 1529 701 1568 te
723 1525 948 1581 Kamerijk
971 1537 1038 1566 om
1070 1524 1155 1566 hen
1187 1526 1230 1566 te
1259 1523 1455 1579 gelasten
1485 1526 1571 1566 met
1599 1523 1674 1566 het
1707 1523 1838 1566 innen
1870 1523 1947 1567 der

327 1595 603 1650 twintigsten
629 1597 671 1636 te
695 1593 834 1636 heffen
855 1607 907 1648 op
926 1593 977 1635 de
1000 1592 1247 1634 inkomsten
1264 1592 1341 1634 der
1362 1592 1614 1649 geestelijke
1631 1592 1844 1648 goederen
1861 1605 1946 1635 van

327 1664 402 1706 het
425 1663 586 1706 bisdom
609 1662 847 1719 Kamerijk.
869 1687 927 1693 —
950 1662 1059 1704 Deze
1088 1660 1305 1716 belasting
1328 1665 1442 1704 meet
1462 1661 1617 1703 dienen
1641 1674 1708 1703 om
1730 1661 1781 1704 de
1802 1675 1946 1704 zware

328 1733 535 1775 schulden
555 1745 636 1774 van
656 1731 731 1774 het
752 1730 916 1773 bisdom
939 1733 982 1773 te
1001 1729 1190 1781 betalen‚
1211 1729 1278 1772 die
1302 1729 1353 1771 de
1369 1728 1570 1785 bisschop
1589 1729 1790 1786 gemaakt
1807 1729 1941 1781 heeft,

325 1801 548 1845 eensdeels
572 1800 633 1843 uit
651 1799 805 1842 hoofde
828 1799 904 1842 der
923 1802 1075 1854 groote
1094 1798 1308 1841 onkosten
1325 1798 1610 1842 veroorzaakt
1627 1798 1732 1841 door
1757 1798 1833 1841 het
1850 1811 1947 1842 ver-

325 1871 483 1926 volgen
505 1869 582 1911 der
613 1868 778 1912 ketters
802 1869 844 1910 in
868 1868 954 1924 zijn
983 1867 1147 1910 bisdom
1183 1870 1271 1911 met
1309 1866 1360 1910 de
1392 1867 1618 1924 inroeping
1641 1880 1727 1910 van
1759 1867 1811 1910 de
1840 1867 1944 1923 hulp

325 1939 398 1982 des
419 1937 719 1994 wereldlijken
741 1950 857 1979 arnis
880 1935 959 1993 (2).

373 2061 557 2096 Commem
568 2059 596 2093 Ii
606 2070 723 2105 papes
741 2060 847 2093 ottrie
864 2071 886 2093 a
898 2059 1070 2104 levesque.
1087 2065 1117 2092 et
1133 2058 1266 2102 capitle
1281 2057 1326 2092 de
1345 2058 1526 2102 Cambray
1537 2058 1570 2091 Ze
1582 2058 1671 2092 ΧΧΕ
1686 2068 1730 2091 en
1741 2067 1797 2092 ses
1813 2057 1942 2102 eylises

327 2122 357 2149 ec
374 2116 515 2150 abbeies
532 2115 577 2148 cle
592 2115 679 2148 celle
695 2115 843 2158 dyocese
852 2127 951 2160 pour
960 2127 1037 2160 par
1053 2117 1115 2150 III
1134 2127 1203 2150 ans
1221 2127 1317 2160 pour
1333 2116 1383 2149 les
1406 2115 1501 2159 frais
1519 2115 1610 2159 qu'z'l
1633 2116 1777 2148 avoient
1799 2115 1873 2156 fais
1897 2125 1941 2148 en

324 2172 476 2204 tranant
493 2169 537 2203 de
554 2169 591 2203 Ia
603 2172 688 2211 pais
702 2175 800 2203 encre
817 2170 1055 2214 Z'Empereur,
1072 2171 1105 2204 Ze
1117 2175 1218 2203 conte
1234 2170 1401 2214 d’Anfsou
1421 2175 1451 2202 et
1469 2170 1502 2202 Ze
1515 2174 1672 2203 concesse
1685 2169 1729 2202 de
1741 2169 1939 2204 Flandres.

370 2225 582 2265 Alexander,
601 2224 786 2267 episeopus
809 2235 931 2258 servus
954 2235 1136 2258 servorum
1162 2224 1238 2263 Dei,
1257 2223 1397 2258 dilectis
1421 2223 1505 2257 filiis
1528 2223 1647 2257 abbati
1671 2222 1785 2258 sancti
1810 2221 1942 2257 Gilleni

327 2278 462 2312 ordinis
478 2277 589 2312 sancti
607 2277 802 2318 Benedicti,
820 2278 1084 2312 Cameracensis
1100 2278 1270 2322 dyocesis,
1288 2277 1467 2321 preposito
1483 2277 1596 2313 sancti
1615 2276 1804 2312 Gaucerici
1821 2277 1941 2312 Carne-

325 2331 481 2366 racensis
497 2331 666 2375 dyocesis,
685 2332 834 2367 salutem
851 2336 884 2367 et
897 2334 1125 2376 apostolicam
1144 2333 1436 2368 benedictionem.

370 2386 611 2430 Importabilis
637 2386 838 2421 debitorum
862 2387 1009 2429 sartina,
1029 2388 1158 2431 quibus
1181 2388 1420 2422 venerabilem
1437 2388 1585 2422 fratrem
1601 2390 1761 2422 nostrum
1779 2387 1941 2422 Camera-

367 2543 376 2574 (
382 2543 411 2582 1)
430 2540 498 2575 Het
514 2540 661 2584 vervolg
677 2543 771 2575 moet
788 2540 909 2575 luiden
925 2552 932 2574 :
952 2540 1007 2574 liis
1023 2541 1255 2584 exsequendis
1272 2541 1458 2585 potueritis
1475 2540 1655 2581 interesse,
1674 2541 1766 2576 alter
1780 2543 1938 2576 vestrum

323 2607 366 2629 ea
379 2595 611 2629 nihilominus
627 2602 833 2638 exequatur.

369 2650 525 2690 (2)1)aar
551 2650 594 2683 de
620 2660 766 2693 gewone
790 2649 1018 2691 rechterliJ'ke
1048 2650 1275 2684 ambtenaars
1301 2661 1370 2684 van
1394 2651 1459 2685 den
1491 2649 1656 2693 bisschop
1683 2660 1768 2684 over
1791 2661 1938 2694 gewone

326 2702 527 2736 inkomsten
558 2703 699 2737 konden
724 2703 955 2744 beseliikken,
984 2707 1124 2739 moeten
1155 2704 1212 2739 die
1242 2705 1413 2738 schulden
1438 2704 1683 2747 noodzakelijk
1699 2705 1787 2738 door
1802 2704 1938 2739 buiten·

325 2767 471 2800 gewone
487 2756 655 2797 rechters,
675 2757 708 2791 d.
728 2757 751 2791 i.
771 2757 858 2791 door
874 2758 1069 2800 pauselijke
1086 2758 1317 2801 inquisiteurs
1340 2758 1571 2793 veroorzaakt
1586 2760 1667 2800 zijn,
1686 2758 1801 2792 zooals
1817 2758 1936 2800 wijlen

327 2812 424 2845 I'rof.
445 2811 545 2845 Edm.
561 2812 703 2846 Poullet
718 2824 786 2846 van
806 2813 947 2846 Leuven
965 2814 1065 2847 reeds
1077 2817 1110 2848 te
1124 2813 1225 2848 recht
1242 2814 1337 2848 heeft
1352 2814 1443 2847 doen
1456 2813 1649 2856 opmerken
1667 2814 1732 2855 (lJe
1748 2813 1786 2846 la
1797 2815 1936 2856 repres-

323 2867 405 2898 sion
423 2865 466 2898 cle
486 2864 649 2899 Z'lzdresz'e
665 2877 714 2900 au
731 2866 839 2900 XVIe
858 2867 965 2901 siecle
989 2866 1082 2901 dans
1107 2867 1158 2901 les
1179 2867 1386 2910 Pays-Bas,
1401 2866 1438 2901 in
1461 2867 1505 2901 de
1528 2867 1649 2902 Revue
1669 2865 1843 2910 ,ᾳέηέναῖε
1866 2877 1936 2901 van

326 2922 420 2957 1877,
440 2920 503 2954 blz.
525 2922 611 2961 175.)
