2097 3466
349 259 413 292 432
1021 253 1154 288 ANNO
1180 254 1279 287 1472

349 350 473 385 diuino
500 346 706 387 clemencie,
724 356 793 388 que
817 345 986 380 miserata
1013 344 1193 380 succurrit
1221 345 1354 389 populo
1381 344 1540 389 regionis
1563 345 1602 379 in
1627 344 1836 380 necessitate
1861 343 1978 387 famis,

352 405 444 440 male
461 404 601 438 locutus
616 400 688 435 tria
711 400 826 435 fertur
841 399 1064 434 euomuisse:
1092 399 1249 443 primum
1273 399 1369 443 quod
1385 399 1520 435 Manna
1543 399 1636 434 illud
1657 411 1729 435 non
1754 403 1806 436 est
1828 400 1979 436 adoran-

351 460 437 493 dum
460 460 495 492 ct
518 455 579 500 qui
603 455 671 489 hoc
695 454 793 496 facit,
819 457 944 498 peccat
966 454 1192 497 mortalitem
1217 454 1426 496 secundum,
1453 453 1567 488 nichil
1590 454 1696 490 debet
1718 455 1862 490 adorari
1885 454 1983 499 quod

353 524 424 547 non
441 514 554 555 potest
580 521 684 545 orare
701 520 766 553 pro
790 509 986 552 adoranteg
1014 508 1176 550 tertium,
1195 508 1331 543 Manna
1347 508 1443 552 quod
1465 509 1560 553 pluit
1582 509 1745 553 patribus
1767 509 1807 544 in
1828 509 1982 551 deserto,

352 579 422 603 non
454 566 523 601 fuit
551 564 787 600 adorandum.
831 564 948 608 Super
981 563 1111 607 quibus
1142 562 1339 607 requisitus
1369 574 1437 608 ego
1468 563 1556 608 quid
1593 563 1776 607 sentirem,
1793 562 1986 608 sequencia

353 623 572 666 subiungere
590 631 661 655 non
676 619 814 655 distuli.

395 676 626 711 Deliberat-io
643 676 684 707 in
700 676 861 709 materia
875 673 1086 717 subscripta
1101 672 1251 717 Eyidz'i„
1264 673 1396 708 decani
1413 673 1559 709 ecclesie
1577 674 1865 710 Cameracensis.

396 732 532 776 Magna
547 741 657 774 opera
674 728 818 763 Domini
841 727 1020 772 exquisita
1042 727 1080 762 in
1104 739 1227 762 omnes
1244 728 1446 764 voluntates
1470 728 1557 771 eim,
1576 729 1639 773 qui
1663 729 1766 765 cuius
1780 730 1860 765 vult
1880 728 1983 764 mise-

355 792 457 823 retur
472 790 507 822 et
522 797 628 829 quem
643 784 723 819 vult
745 783 903 824 indurat,
923 783 1083 827 profecto
1101 782 1290 818 indurauit
1305 794 1368 818 cor
1385 783 1572 819 cuiusdam
1589 784 1778 829 presbiteri
1793 785 1838 820 de
1853 783 1987 820 Sancto

354 843 490 877 Manna
506 841 602 886 quod
624 839 663 874 in
678 838 830 874 ecclesia
846 837 1074 876 Atrebatensi
1098 837 1252 872 habetur
1276 837 1386 882 impie
1408 839 1599 882 loquentis,
1617 840 1752 884 absque
1773 839 1905 876 timore
1919 838 1986 874 Dei

355 901 392 933 et
406 895 617 932 reuerencia
632 905 780 930 suorum
796 892 1055 928 beneficiorum
1079 892 1231 928 dicentis
1249 893 1345 937 quod
1360 893 1423 937 qui
1446 894 1647 930 adorabant
1669 895 1773 938 illud,
1789 894 1988 940 peccabant

355 952 568 993 mortaliter,
600 950 710 986 etiam
741 949 816 993 ipse
846 948 875 982 si
915 948 1094 989 adoraret,
1128 951 1294 991 peccaret
1323 949 1536 992 mortaliter,
1570 950 1666 985 unde
1696 949 1727 984 si
1755 949 1893 985 videret
1923 950 1987 984 aut

357 1009 522 1044 obuiaret
544 1007 577 1042 ci
601 1006 719 1041 decies
746 1005 784 1039 in
807 1004 877 1044 die,
897 1015 969 1038 non
987 1003 1171 1047 detegeret
1195 1007 1304 1047 caput
1326 1008 1390 1039 aut
1418 1005 1604 1040 exhiberet
1626 1006 1880 1042 reuerentiam.
1900 1005 1986 1041 Pre-

354 1068 464 1104 terea,
478 1065 519 1097 ut
534 1061 719 1096 continent
734 1059 853 1094 littere
869 1058 1109 1102 quorundam,
1124 1058 1219 1093 idem
1232 1058 1358 1094 debuit
1368 1059 1593 1103 respondisse
1606 1060 1753 1096 domino
1765 1060 1986 1105 inquisitori,

357 1118 454 1162 quod
477 1128 548 1152 non
564 1116 670 1150 debet
697 1113 841 1149 adorari
868 1113 959 1147 illud
986 1113 1082 1156 quod
1106 1124 1178 1148 non
1205 1115 1321 1157 potest
1344 1113 1566 1150 intercedere
1590 1126 1656 1159 pro
1683 1127 1736 1151 eo.
1755 1115 1858 1150 Unus
1880 1115 1989 1151 etiam

357 1173 501 1208 testium
518 1170 608 1206 dicit
631 1169 727 1214 quod
753 1168 820 1203 iste
843 1167 895 1202 ait
918 1167 1014 1210 quod
1036 1178 1171 1202 manna
1187 1167 1282 1211 quod
1309 1167 1403 1211 pluit
1431 1168 1515 1212 filiis
1540 1169 1679 1205 Israhel
1692 1169 1732 1205 in
1746 1169 1898 1212 deserto,
1917 1180 1990 1204 non

357 1228 428 1262 fuit
449 1226 685 1262 adorandum.
712 1223 782 1258 Hic
809 1233 853 1257 ex
876 1221 1099 1265 inspectione
1125 1221 1392 1257 informationis
1419 1225 1454 1259 et
1481 1223 1686 1260 litterarum
1713 1227 1895 1261 certarum
1918 1223 1990 1260 tria

359 1282 449 1318 dicit
453 1309 517 1317 .....
536 1282 593 1323 (1).

402 1337 480 1372 Hoc
506 1339 560 1371 est
585 1335 743 1380 primum
771 1335 868 1379 quod
894 1334 1089 1370 dicendum
1109 1333 1171 1368 hic
1198 1333 1342 1370 videtur
1365 1337 1402 1370 et
1425 1333 1527 1378 quasi
1552 1334 1803 1378 preambulum
1832 1333 1990 1378 primum

355 1403 444 1437 ergo
466 1391 604 1427 dictum
637 1390 745 1425 huius
768 1392 950 1433 temerarij
982 1389 1170 1424 assertoris
1200 1392 1272 1424 est:
1309 1403 1324 1417 κ
1358 1389 1455 1424 Illud
1477 1389 1613 1424 Manna
1650 1400 1723 1425 non
1752 1391 1806 1424 est
1838 1389 1990 1425 adoran-

357 1449 455 1483 dum.
478 1463 493 1476 n
524 1447 599 1481 Hec
629 1445 777 1481 assertio
815 1448 868 1481 est
901 1445 1112 1480 scandalosa
1149 1448 1185 1480 et
1222 1445 1367 1490 piarum
1405 1444 1551 1480 aurium
1589 1443 1765 1480 offensiua
1805 1454 1849 1478 ac
1882 1442 1993 1478 etiam

358 1501 576 1545 blasphema.
596 1499 690 1535 Vere
705 1511 831 1535 verum
848 1503 901 1536 est
925 1500 1021 1544 quod
1044 1499 1134 1535 dicit
1157 1511 1252 1534 unus
1269 1499 1369 1535 testis
1384 1511 1392 1534 ε
1418 1499 1526 1535 Multi
1544 1499 1696 1534 credunt
1710 1509 1786 1533 esse
1801 1496 1990 1542 sapientes,

359 1557 421 1601 qui
445 1555 546 1591 stulti
570 1557 654 1589 sunt
658 1582 723 1590 .....
741 1556 786 1597 (2)
810 1555 894 1590 Ideo
917 1555 1055 1590 dictum
1080 1554 1180 1589 illius
1203 1554 1396 1598 presbiteri
1419 1554 1638 1589 scandalizat
1663 1554 1802 1588 clerum
1823 1555 1860 1588 et
1881 1563 1991 1598 popu·

359 1614 447 1654 lum,
466 1611 613 1647 offendit
637 1610 714 1654 pias
745 1621 862 1651 aures,
881 1609 1054 1644 iniuriam
1078 1609 1218 1653 irrogat
1240 1609 1375 1653 presuli
1398 1613 1434 1645 et
1457 1610 1554 1644 clero
1576 1608 1727 1644 ecclesie
1749 1606 1990 1649 Atrebatensi,

359 1668 421 1712 qui
437 1671 472 1702 et
488 1667 639 1701 adorant
661 1668 697 1700 et
719 1664 871 1699 adorare
888 1664 1103 1708 permittunt
1131 1664 1304 1708 populum
1322 1664 1497 1699 Sanctum
1512 1664 1671 1706 Manna3
1697 1665 1749 1698 est
1772 1664 1809 1697 et
1829 1661 1991 1707 blasphe-

358 1734 458 1758 mum
475 1722 513 1756 in
529 1722 655 1761 Deum,
675 1719 760 1763 quia
776 1718 838 1762 qui
862 1718 1021 1754 detrahit
1044 1718 1212 1762 operibus
1229 1718 1295 1754 Dei
1319 1718 1558 1761 miraculosis,
1576 1717 1735 1753 detrahit
1750 1717 1836 1752 Deo.
1855 1716 1989 1752 Secun-

359 1779 446 1813 dum
469 1777 628 1811 dictum:
656 1789 671 1802 ιι
698 1773 822 1809 Nichil
849 1774 954 1808 debet
981 1773 1125 1808 adorari
1154 1774 1249 1817 quod
1273 1785 1346 1808 non
1373 1776 1488 1818 potest
1515 1784 1620 1808 orare
1635 1783 1701 1817 pro
1716 1772 1890 1807 adorante
1905 1786 1920 1801 ν’
1938 1773 1990 1806 est

360 1832 555 1868 hereticale
591 1833 627 1865 et
665 1829 925 1872 blasphemum,
959 1827 1045 1872 quia
1080 1831 1207 1863 contra
1241 1828 1347 1863 illum
1377 1828 1573 1863 articuliun
1603 1830 1765 1863 sanctam
1803 1826 1991 1862 ecclesiam

361 1887 588 1927 catholicam,
623 1895 692 1928 que
722 1894 866 1918 crucem
894 1885 930 1918 et
961 1882 1148 1927 ymagines
1179 1886 1387 1918 sanctorum
1415 1883 1553 1918 adorat.
1587 1883 1650 1918 Est
1680 1885 1807 1918 contra
1838 1893 1993 1917 canones

362 1946 489 1978 octaue
512 1938 729 1975 uniuersalis
744 1936 883 1981 synodi,
913 1947 984 1981 que
1010 1947 1248 1981 yconomacos
1275 1936 1488 1981 dampnauit
1503 1939 1539 1971 et
1561 1936 1680 1972 sanxit
1702 1936 1903 1972 adorandas
1918 1946 1992 1971 esse

361 2009 493 2042 yconas
510 2007 571 2030 seu
595 1992 793 2038 ymagines,
821 2002 889 2036 que
913 1991 1086 2035 reliquias
1109 1994 1316 2027 sanctorum
1332 1993 1526 2026 venerat-ur
1549 1993 1584 2026 et
1607 1991 1695 2026 colit
1717 1993 1753 2026 et
1775 1991 1903 2026 adorat
1925 2001 1994 2034 que

363 2064 466 2088 orare
484 2062 554 2085 non
571 2050 729 2093 possunt.
749 2047 819 2081 Iste
835 2046 965 2080 incidit
983 2046 1022 2080 in
1039 2046 1194 2081 heresim
1200 2074 1264 2081 .....
1283 2048 1328 2089 (2)
1345 2047 1515 2081 Tercium
1531 2046 1669 2080 dictum
1685 2057 1693 2080 ε
1713 2059 1729 2073 ιι
1747 2046 1884 2080 Manna
1899 2044 1995 2089 quod

362 2109 455 2153 pluit.
478 2105 639 2151 patribus
661 2103 700 2137 in
716 2103 867 2142 deserto,
887 2112 959 2135 non
976 2101 1045 2136 fuit
1069 2102 1293 2136 adorandum
1312 2118 1328 2131 n
1353 2106 1406 2137 est
1429 2101 1662 2136 temerarium
1689 2104 1726 2136 et
1749 2100 1872 2144 aliquo
1888 2099 1995 2135 modo

361 2162 561 2198 hereticum
567 2186 631 2194 .....
650 2158 695 2201 (2)
713 2156 787 2191 Hec
803 2156 868 2190 sub
892 2155 1115 2190 correctione
1138 2159 1260 2191 sancte
1283 2155 1410 2190 matris
1435 2155 1585 2191 ecclesie
1601 2158 1723 2191 sancte
1739 2154 1832 2190 sedis
1855 2159 1994 2198 aposto·

363 2218 433 2253 lice
448 2220 483 2251 et
498 2217 592 2251 alme
607 2213 732 2250 matris
749 2211 931 2247 facultatis
946 2211 1128 2256 theologie
1145 2211 1360 2247 parisiensis
1376 2211 1511 2256 scripta
1526 2210 1719 2246 sufficiant.

713 2290 906 2332 Carlerius‚
923 2291 1003 2326 deel
1019 2291 1047 2333 Ι,
1065 2291 1328 2336 verhandeling
1344 2293 1397 2326 18.

1122 2396 1245 2440 354.

435 2508 551 2551 Vo'o'r
571 2502 826 2548 November
851 2501 988 2552 1472,
1016 2503 1063 2544 in
1085 2503 1112 2544 ’t
1144 2501 1319 2544 hisdem
1356 2499 1631 2553 Kamerzffi?
1651 2498 1774 2542 Brief
1799 2511 1884 2542 van
1915 2496 1998 2540 den

369 2574 726 2631 Kamerijkschen
748 2571 889 2613 deken
907 2570 1073 2613 Carlier
1090 2583 1172 2612 aan
1191 2569 1273 2612 den
1291 2568 1567 2624 inquisiteur‚
1581 2568 1648 2611 die
1666 2568 1766 2611 hem
1785 2580 1888 2610 over
1905 2565 1997 2608 drie

371 2643 607 2690 verdachte
630 2639 863 2694 stellingen
887 2651 940 2680 en
963 2651 1069 2681 over·
1091 2639 1121 2680 't
1143 2638 1269 2694 geval
1290 2651 1376 2680 van
1400 2650 1536 2680 eenen
1559 2636 1745 2679 zekeren
1775 2635 1999 2679 Mattheus

418 2774 462 2814 (1)
487 2772 575 2808 Hier
604 2773 736 2817 volgen
766 2771 905 2807 allerlei
937 2770 1198 2815 uitweidingen
1227 2781 1314 2805 over
1344 2770 1413 2806 den
1443 2780 1643 2814 oorsprong
1672 2768 1737 2805 der
1766 2767 2004 2804 Atrechtsche

375 2826 539 2868 reliquie,
565 2827 610 2862 de
633 2827 900 2872 getuigenissen
927 2837 1015 2862 voor
1040 2827 1129 2862 hare
1160 2825 1339 2868 echtheid‚
1364 2825 1427 2860 het
1447 2824 1602 2870 gebruik
1628 2824 1694 2860 der
1719 2824 1868 2860 beelden
1894 2823 1933 2858 in
1959 2823 2004 2858 de

376 2880 585 2917 katholieke
602 2882 706 2925 kerk,
724 2894 800 2918 enz.

420 2937 464 2978 (2)
488 2937 608 2973 Zelfde
625 2937 844 2981 opmerking
859 2937 910 2971 als
927 2937 1054 2973 boven.
