2097 3466
330 266 391 298 402²
1012 264 1143 298 ANNO
1171 266 1273 298 1463

327 355 585 390 iurisdictionis
629 354 943 399 priuilegiatorum
971 367 992 388 a
1019 355 1169 389 summis
1207 355 1440 399 pontificibus
1477 355 1680 391 voluntarie
1713 354 1896 399 processit,
1923 359 1958 392 et

323 409 459 442 dicitur
471 409 515 441 ab
529 407 686 450 antiquis
703 409 910 443 doctoribus
934 409 1109 453 theologis
1126 412 1238 444 status
1263 420 1388 442 eorum
1414 409 1501 443 ordo
1518 409 1689 450 factitius,
1705 409 1955 453 episcoporum

319 472 438 498 autem
474 467 507 497 ct
540 467 749 497 curatorum
790 465 877 498 ordo
910 464 1169 498 ilici-ambiens.
1219 463 1392 498 Exeeutio
1435 466 1554 498 autem
1594 463 1776 507 potestatis
1819 462 1956 498 ordinis

318 522 526 551 curatorum
551 521 604 551 ost>
627 518 671 551 ab
696 517 872 562 episcopis
897 518 1110 561 inquantum
1135 519 1197 553 (lat
1220 518 1270 552 eis
1295 518 1483 552 materiam
1508 518 1725 562 assignando
1741 518 1792 553 eis
1816 519 1955 561 plebem

317 571 591 607 determinatam
616 576 651 606 et
675 573 891 607 conferendo
918 572 969 607 eis
996 572 1069 606 vim
1095 572 1333 617 obligatiuam
1361 574 1406 607 ad
1434 574 1633 617 regendum
1662 575 1697 607 et
1723 572 1956 616 dirigendum

319 638 396 660 cam
422 626 458 660 in
484 626 577 660 viam
609 626 745 667 salutis,
777 639 819 661 ex
849 639 917 671 qua
948 631 1118 662 tenentur
1153 628 1269 662 curati
1307 639 1501 672 agnoscere
1531 628 1670 662 vultum
1707 628 1845 670 pecoris
1883 639 1955 663 non

319 683 434 716 solum
467 682 503 715 in
528 687 751 717 sacramento
780 683 1000 726 penetencie,
1032 684 1093 718 sed
1123 683 1237 717 eciam
1262 684 1298 717 in
1331 683 1604 718 conuersatione
1639 683 1822 725 exteriori,
1853 686 1886 720 et
1916 683 1956 719 in

320 738 387 772 hoc
412 737 573 780 precellit
598 742 752 781 potestas
776 743 986 773 curatorum
1013 742 1222 782 potestatem
1250 738 1577 783 priuilegiatorum,
1604 739 1665 782 qui
1689 742 1829 774 tantum
1854 740 1955 784 agni-

320 792 454 826 tionem
479 791 612 826 habent
634 792 677 826 de
701 792 769 826 sibi
793 793 1011 827 consessatis.
1040 792 1176 827 Verum
1202 796 1255 827 est
1280 796 1399 827 tamen
1424 793 1518 836 quod
1541 792 1705 827 executio
1727 793 1887 836 ipsorum
1903 795 1956 829 est

319 845 526 889 generalior
555 858 597 880 eo
632 847 727 888 quod
758 847 802 881 ad
834 847 954 890 plures
983 847 1150 890 dyoceses
1175 850 1211 881 et
1236 847 1425 890 parochias
1463 846 1645 890 supposita
1674 857 1783 890 super
1812 857 1953 891 presen-

319 901 470 935 tatioues
501 901 545 935 ad
573 902 790 944 dyocesanos
829 905 892 935 aut
932 901 1086 936 vicarios
1126 914 1251 936 eorum
1285 914 1321 936 se
1352 902 1522 937 extendit.
1558 901 1642 936 Ideo
1679 900 1822 936 videtur
1859 901 1955 945 quod

318 955 482 989 confiteri
506 955 682 989 sacerdoti
711 955 911 999 parochiali
941 955 1067 990 utilius
1091 956 1235 991 ridetur
1258 968 1365 1001 quam
1384 955 1629 1000 priuilegiato,
1649 955 1778 990 ceteris
1794 954 1951 999 paribus,

317 1015 394 1045 tum
411 1010 495 1054 quia
512 1022 768 1054 permansurus
786 1009 914 1054 magis,
934 1013 1009 1044 tum
1028 1022 1113 1053 quia
1131 1011 1246 1055 magis
1272 1011 1452 1055 obligatus
1477 1011 1522 1045 ad
1546 1009 1710 1054 regimen
1733 1009 1950 1052 animarum,

318 1073 393 1100 tum
412 1066 495 1109 quia
511 1078 553 1100 ex
571 1065 807 1110 frequentiori
827 1065 1102 1100 conuersatione
1119 1068 1233 1108 potest
1257 1077 1473 1110 cognoscere
1497 1065 1637 1099 vultum
1662 1064 1800 1108 pecoris
1821 1075 1864 1099 ae
1889 1075 1954 1109 per

317 1120 384 1154 hoc
402 1120 617 1164 pronitatem
634 1120 679 1154 ad
695 1120 819 1163 aliqua
836 1119 930 1153 vicia
949 1120 1029 1163 plus
1044 1131 1151 1163 quam
1166 1121 1211 1154 ad
1227 1119 1300 1154 alia
1316 1133 1324 1162 ς
1343 1123 1451 1163 atque
1468 1122 1708 1162 consequetur
1722 1119 1767 1154 de
1782 1118 1954 1154 reeidiuis

316 1174 507 1208 subtilibus
524 1174 750 1218 interrogare
765 1174 917 1208 discrete
937 1177 1058 1209 tamen
1073 1177 1109 1208 et
1126 1174 1288 1209 iudicare
1303 1185 1411 1217 quam
1425 1173 1486 1217 qui
1501 1174 1546 1207 ad
1568 1172 1732 1217 regimen
1746 1172 1954 1208 huiusmodi

318 1241 389 1263 non
406 1233 458 1264 est
474 1229 666 1272 obligatus.
696 1228 770 1263 Hec
793 1231 844 1263 est
868 1228 1052 1263 sentencia
1070 1228 1229 1271 plurium
1247 1239 1463 1272 magnorum
1481 1228 1669 1263 doctorum
1685 1227 1950 1272 theologorum.

362 1283 534 1318 Rationes
549 1283 614 1318 iste
631 1284 700 1318 due
714 1282 827 1317 nichil
842 1283 1064 1318 concludunt
1081 1283 1268 1327 magisque
1285 1282 1402 1326 topice
1419 1282 1589 1318 videntur
1599 1293 1708 1326 quam
1724 1284 1894 1318 exeuntes
1909 1293 1953 1318 ex

319 1337 467 1372 maioris
494 1338 608 1382 prime
639 1338 788 1372 rationis
820 1337 1042 1381 probatione,
1061 1339 1157 1381 quod
1185 1337 1308 1372 anima
1332 1338 1412 1381 plus
1436 1340 1490 1372 est
1506 1349 1613 1381 quam
1631 1348 1772 1381 corpus,
1790 1336 1953 1381 sequitur

318 1393 519 1438 oppositum
536 1393 694 1433 maioris,
714 1392 799 1436 quia
820 1392 937 1427 maior
962 1396 997 1427 et
1024 1393 1183 1427 strictior
1211 1404 1299 1427 cura
1328 1396 1380 1428 est
1407 1393 1572 1427 habenda
1587 1393 1632 1428 de
1647 1392 1769 1427 anima
1785 1403 1892 1436 quam
1907 1392 1952 1426 de

317 1461 488 1493 corpore3
522 1448 601 1482 ideo
631 1449 675 1483 de
705 1451 846 1491 pastore
877 1447 997 1482 anime
1024 1447 1153 1482 maiori
1186 1459 1274 1482 cura
1305 1447 1493 1492 prouisum
1511 1451 1564 1483 est
1581 1459 1688 1492 quam
1706 1448 1749 1482 de
1765 1447 1951 1491 sepultura

320 1504 502 1548 eorporis3
521 1504 600 1538 ideo
618 1515 688 1537 non
713 1503 862 1537 liberior
884 1506 937 1537 est
960 1503 1067 1537 homo
1100 1505 1274 1546 quantum
1306 1503 1351 1537 ad
1375 1502 1533 1537 animam
1562 1514 1670 1546 quam
1701 1504 1875 1546 quantum
1905 1501 1951 1536 ad

320 1572 460 1603 corpus,
471 1559 565 1602 quod
579 1562 675 1602 patet
688 1558 772 1602 quia
786 1557 865 1601 quis
875 1561 989 1601 potest
1002 1558 1136 1602 eligere
1146 1558 1367 1601 sepulturam
1381 1558 1419 1592 in
1432 1557 1505 1592 alia
1518 1557 1660 1602 dyocesi
1671 1560 1706 1592 et
1715 1557 1754 1592 in
1764 1557 1838 1592 alia
1847 1567 1950 1601 paro·

319 1614 401 1648 chia
417 1618 449 1648 et
464 1625 533 1648 non
551 1613 601 1647 sic
618 1613 744 1657 vagari
761 1613 865 1647 debet
881 1613 999 1655 quoad
1016 1612 1262 1656 penitentiam,
1281 1612 1468 1656 presertim
1482 1613 1600 1656 quoad
1615 1612 1728 1647 alium
1746 1614 1926 1648 curatum.

362 1670 412 1703 De
425 1669 580 1703 secunda
595 1668 735 1702 ratione
752 1668 847 1710 quod
863 1671 915 1702 est
930 1668 973 1702 de
987 1666 1305 1702 confessionalibus
1323 1671 1405 1709 etc.,
1425 1668 1556 1702 bonum
1569 1670 1661 1702 esset
1675 1667 1709 1702 ei
1722 1669 1763 1702 ut
1775 1666 1950 1711 posuisset

317 1725 516 1759 custodiam
529 1724 582 1758 ori
601 1735 676 1764 suo,
696 1723 780 1766 quia
796 1722 928 1757 assumi
946 1734 1018 1757 non
1033 1723 1178 1757 deberet
1191 1734 1212 1756 a
1225 1723 1449 1766 predicatore
1462 1723 1616 1758 discreto
1629 1722 1706 1758 siue
1718 1722 1904 1767 arguendo
1913 1725 1951 1758 et

316 1779 499 1823 probando
523 1778 600 1813 siue
623 1778 812 1812 asserendo
825 1777 920 1820 quod
939 1780 1054 1820 potest
1077 1776 1236 1811 excitare
1260 1777 1507 1812 diuersitatem
1531 1776 1770 1820 opinantium,
1788 1775 1881 1812 sicut
1896 1778 1949 1812 est

314 1832 405 1867 illud
421 1833 464 1867 de
481 1831 810 1872 confessionalibus,
829 1830 924 1874 quod
940 1830 975 1864 vi
993 1831 1139 1865 illorum
1156 1831 1339 1866 confessus
1357 1832 1470 1866 electo
1487 1830 1664 1865 sacerdoti
1688 1841 1759 1865 non
1783 1833 1949 1866 teneatur

313 1887 422 1922 semel
434 1888 471 1920 in
487 1898 582 1920 anno
599 1885 762 1920 confiteri
775 1896 840 1919 suo
857 1885 1034 1919 sacerdoti
1051 1888 1189 1919 curato.

357 1941 516 1976 Assertio
529 1940 635 1975 tertia
651 1944 704 1975 est
727 1939 903 1974 iniuriosa
927 1943 962 1974 et
985 1939 1172 1981 sediciosa,
1191 1941 1318 1974 contra
1341 1939 1583 1974 conditionem
1601 1939 1685 1974 boni
1699 1938 1944 1983 predicatoris.

314 1999 404 2033 Nam
423 1997 459 2031 in
476 2007 539 2031 ora
555 1995 757 2031 vestimenti
774 1995 904 2030 summi
925 1994 1119 2030 sacerdotis
1138 2006 1220 2029 cum
1246 1995 1518 2039 ingrediebatur
1541 1996 1727 2039 templum,
1745 1995 1948 2039 pendebant

314 2052 532 2087 tintinabula
549 2063 612 2095 per
628 2062 697 2093 que
715 2050 911 2094 predicatio
924 2050 1146 2094 designatur,
1162 2053 1198 2085 et
1210 2051 1305 2085 inter
1317 2051 1381 2084 illa
1397 2051 1627 2094 malapuniea
1643 2050 1862 2092 intermixta,
1877 2061 1946 2094 que

316 2108 459 2151 signant
477 2106 650 2141 unitatem
665 2118 673 2148 3
691 2110 774 2140 sunt
789 2105 886 2139 enim
903 2105 941 2139 in
955 2105 1027 2139 illis
1043 2105 1157 2140 multa
1169 2117 1284 2149 grana
1297 2106 1362 2139 sub
1376 2117 1448 2140 uno
1466 2105 1610 2147 cortice,
1625 2105 1663 2140 in
1679 2116 1750 2148 quo
1766 2105 1947 2149 figuratur

314 2160 500 2204 dispositio
524 2159 607 2195 boni
632 2159 878 2203 predicatoris,
905 2159 1007 2194 cuius
1024 2160 1181 2193 officium
1199 2163 1252 2194 est
1273 2159 1313 2194 in
1338 2160 1520 2204 erogando
1536 2160 1686 2194 verbum
1710 2159 1776 2195 Dei
1799 2170 1945 2195 seruare

314 2217 488 2251 unitatem
502 2215 664 2249 cordium
675 2214 713 2248 in
725 2214 969 2257 auditoribus;
987 2215 1080 2249 unde
1094 2214 1274 2258 sapienter
1284 2214 1432 2249 dixisset
1443 2215 1537 2258 quod
1547 2214 1751 2258 predicator
1767 2213 1829 2258 qui
1841 2214 1944 2250 semi-

313 2277 374 2306 nat
390 2271 524 2305 zizania
539 2274 574 2304 et
587 2269 814 2309 discordiam,
824 2280 895 2303 non
908 2273 961 2304 est
978 2270 1109 2313 dignus
1125 2269 1269 2304 nomine
1282 2268 1529 2312 predicatoris.
1546 2269 1609 2304 Est
1621 2269 1735 2304 eciam
1751 2269 1942 2314 flagitiosa,

311 2327 397 2370 quia
410 2327 543 2361 habens
555 2328 774 2359 caracterem
788 2325 1057 2365 sacerdotalem,
1072 2328 1125 2359 est
1139 2325 1303 2359 sacerdos
1317 2327 1352 2359 et
1367 2336 1430 2368 per
1443 2335 1662 2367 consequens
1678 2323 1810 2368 dignus
1822 2323 1944 2359 vocari

309 2381 489 2423 sacerd053
508 2392 609 2415 secus
621 2383 673 2414 est
685 2379 711 2412 si
727 2379 940 2414 addidisset:
966 2391 1037 2413 non
1055 2382 1107 2414 est
1123 2379 1257 2423 dignus
1274 2379 1396 2414 vocari
1414 2379 1580 2413 sacerdos
1597 2381 1764 2422 curatus3
1781 2378 1834 2413 sic
1846 2379 1943 2413 enim

310 2435 585 2479 intelligendum
595 2438 646 2469 est
655 2433 791 2468 dictum
804 2433 898 2468 beati
915 2433 1129 2477 Augustini3
1149 2433 1245 2468 etita
1259 2433 1344 2468 fecit
1360 2433 1398 2467 in
1415 2432 1530 2477 priori
1549 2433 1790 2477 responsione,
1800 2433 1861 2469 sed
1870 2444 1943 2468 non

311 2489 349 2524 in
362 2490 441 2524 ista.

359 2544 463 2578 Circa
487 2546 651 2586 quartam
675 2542 906 2576 assertionem
924 2545 975 2577 est
991 2553 1114 2577 verum
1140 2542 1234 2585 quod
1259 2544 1402 2576 sanctus
1419 2541 1576 2576 Thomas
1598 2544 1633 2576 et
1656 2541 1716 2583 alij
1742 2552 1830 2585 quos
1852 2540 1939 2582 vidi,

313 2598 439 2633 dicunt
462 2596 694 2641 priuilegium
719 2598 843 2632 datum
867 2598 1153 2632 mendicantibus
1177 2598 1220 2631 de
1243 2597 1431 2632 audiendis
1455 2596 1735 2632 confessionibus
1766 2607 1838 2631 non
1867 2607 1941 2631 esse

313 2653 435 2687 datum
453 2654 490 2687 in
507 2654 746 2697 preiudieium
763 2657 983 2694 curatorum,
1002 2653 1062 2687 sed
1076 2655 1222 2696 propter
1245 2651 1438 2686 utilitatem
1462 2652 1609 2686 ecclesie
1622 2651 1699 2686 siue
1714 2651 1837 2695 populi
1852 2654 1888 2687 et
1903 2651 1941 2686 in

312 2708 492 2749 fauorem3
512 2708 540 2741 si
554 2712 674 2743 autem
698 2707 867 2743 tacuisset
883 2707 982 2741 illam
1007 2696 1205 2741 clausulam
1230 2706 1298 2741 nisi
1322 2706 1392 2748 hijs
1416 2705 1477 2749 qui
1501 2710 1658 2749 querunt
1673 2716 1742 2749 que
1764 2716 1830 2740 sua
1843 2708 1938 2748 sunt,

313 2762 544 2806 philosophus
569 2764 714 2805 fuisset3
741 2763 808 2796 scit
829 2761 925 2796 enim
949 2772 1014 2795 sua
1045 2761 1264 2796 conscientia
1288 2760 1375 2804 quid
1398 2760 1437 2795 in
1460 2760 1530 2803 hijs
1555 2760 1674 2796 verbis
1697 2760 1905 2796 intendebat
1928 2771 1936 2796 :

313 2816 439 2850 Videat
458 2821 497 2851 ut
513 2818 706 2861 loripedem
724 2819 843 2851 rectus
859 2816 1030 2855 derideat,
1049 2815 1229 2859 ethiopem
1249 2816 1362 2850 albus.

353 2871 487 2911 Quinta
511 2871 659 2907 assertio
686 2874 739 2906 est
764 2870 967 2911 temeraria,
988 2870 1075 2914 quia
1095 2881 1230 2914 ponens
1253 2870 1380 2905 falcem
1405 2881 1507 2904 suam
1531 2869 1570 2904 in
1596 2881 1746 2905 messem
1769 2869 1938 2911 alienam,

308 2927 479 2964 assertiue
492 2927 579 2964 dicit
597 2939 720 2970 unum,
739 2927 875 2962 scilicet
891 2926 985 2970 quod
1002 2925 1063 2970 qui
1080 2925 1231 2968 decedit,
1250 2926 1349 2960 nulla
1366 2925 1480 2960 electa
1500 2925 1697 2970 sepultura,
1714 2927 1830 2970 potest
1852 2924 1939 2970 poni
