2097 3466
757 219 891 255 ANNO
919 221 1018 256 1157
1675 227 1718 261 35

127 309 308 352 Quoniam
325 310 489 355 legitime
505 311 625 347 decisa
658 312 764 348 modo
781 313 958 350 avaritiae
975 317 1088 356 motu,
1108 315 1214 351 modo
1231 316 1429 353 memoriae
1443 317 1586 353 defectu
1602 317 1718 353 solent

83 364 122 400 in
138 365 422 401 controversiam
439 367 571 401 reverti
588 371 622 402 et
645 367 789 412 saepius
812 370 940 412 everti,
959 381 1026 413 ego
1050 369 1233 412 NicoIaus,
1254 370 1319 406 Dei
1344 371 1464 415 gratia
1482 371 1719 407 Cameracen-

84 420 178 455 sium
195 420 394 465 episcopus.
411 421 507 464 quod
532 421 570 456 in
593 422 695 457 curia
719 427 842 458 nostra
862 424 1072 459 solemniter
1089 429 1210 459 actum
1229 429 1293 468 est,
1311 426 1446 470 scripto
1470 427 1717 462 commendari

84 476 311 510 curavimus:
331 476 471 511 scilicet
493 478 588 520 quod
616 477 727 512 Jonas
752 479 789 513 in
814 479 1028 514 consistorio
1054 485 1189 520 nostro,
1209 492 1291 515 cum
1316 481 1481 516 abbatem
1501 482 1716 517 Hildebran-

85 531 170 565 dum
187 530 230 565 de
245 530 330 565 Jeth
353 542 460 575 super
477 533 698 574 possessione
722 533 765 568 de
792 534 999 570 Hembecke
1023 535 1155 569 minori
1185 535 1434 579 interpellaret
1464 540 1498 570 et
1514 542 1660 571 vocaret
1677 536 1715 571 in

79 589 152 630 jus.
179 590 214 621 et
241 590 281 621 ut
308 598 498 630 personam
527 589 709 631 praefatae
737 590 911 625 ecelesiae
933 603 969 624 se
995 602 1168 632 asserens,
1196 591 1461 626 restitutionem
1487 592 1718 636 possessionis

83 640 294 684 implorans,
313 641 519 676 testimonio
542 642 747 678 litterarum
766 645 918 679 Arnoldi
943 645 1180 686 Coloniensis,
1202 646 1338 681 Hellini
1358 646 1584 681 Trevi1=ensi÷
1601 647 1720 681 archi·

84 695 348 740 episcoporum,
387 695 536 732 Henrioi
569 701 604 732 et
630 699 828 733 Alexandri
858 699 1122 744 episcoporum,
1153 700 1248 743 quod
1283 700 1322 735 in
1351 701 1454 735 curia
1485 701 1645 744 ipsorum
1677 701 1722 736 de

86 751 273 786 Cattorum
301 749 442 785 haeresi
467 750 654 786 convictus
681 755 717 786 et
744 752 975 788 anathemate
1004 753 1198 789 damnatus
1228 754 1310 796 suit,
1342 755 1445 789 nobis
1473 755 1721 799 significatum

86 809 122 843 et
150 806 343 851 probatum
374 809 450 849 est3
477 812 667 851 eapropter
691 809 960 845 communicato
979 821 1061 844 cum
1085 809 1237 844 ecclesia
1262 814 1386 845 nostra
1402 810 1567 852 consilio,
1582 812 1719 854 praefa-

84 865 163 898 tum
179 861 311 896 Jonam
343 865 513 904 tanquam
541 862 729 905 putridum
754 864 957 898 membrum
982 864 1025 900 de
1049 875 1200 908 corpore
1225 864 1358 900 Christi
1387 864 1550 899 abeisum
1581 870 1616 900 et
1639 865 1720 900 ideo

85 918 254 952 omnibus
269 916 522 952 ecclesiasticis
539 918 724 953 beneficiis
749 919 955 963 indignum,
976 931 1020 954 ne
1038 920 1080 954 de
1097 923 1239 955 caetero
1256 932 1364 964 super
1387 919 1456 955 hoc
1480 920 1683 963 audiretur,
1702 934 1723 956 a

86 970 190 1005 nobis
220 970 506 1014 exsufflavimus,
533 973 655 1008 abbati
688 975 864 1017 praefato,
888 976 951 1018 qui
979 974 1240 1018 impetebatur,
1278 987 1357 1011 eam
1383 975 1572 1011 ecclesiam
1603 977 1723 1021 quiete

85 1025 337 1071 possidendam
369 1030 404 1062 et
427 1027 631 1062 habendam
661 1029 699 1063 in
722 1033 936 1074 perpetuum
962 1030 1216 1066 concedentes.
1252 1031 1286 1066 S.
1322 1031 1460 1072 Alardi,
1497 1031 1519 1066 S
1527 1055 1718 1067 ......

86 1082 356 1126 archidiaconi,
390 1083 430 1118 S.
468 1083 635 1128 Hugonis
666 1084 814 1127 decani,
849 1085 888 1120 S.
926 1086 1109 1122 Willelmi
1141 1097 1263 1131 mag„
1297 1086 1506 1129 Hewrardi,
1546 1088 1723 1131 Anselmi,

87 1139 239 1175 Roberti
257 1139 530 1175 canonicorum.

438 1205 590 1240 Carolus
607 1205 816 1240 Ludovicus
833 1205 954 1250 Hugo,
976 1205 1129 1240 Ordinis
1144 1205 1528 1243 Praemonstraccnsis
1551 1208 1720 1251 annales,

474 1261 552 1295 deel
573 1262 598 1302 1,
624 1260 875 1303 I’robazwnes,
897 1261 965 1296 col.
987 1261 1224 1297 CCCCCXII.

860 1366 948 1410 34.

149 1473 286 1522 1157,
316 1471 485 1515 Reims.
514 1472 756 1516 Uittreksel
781 1472 844 1515 uit
877 1472 928 1515 de
955 1473 1302 1529 verordeningen
1332 1488 1415 1517 van
1440 1475 1516 1518 het
1537 1474 1725 1518 Concilie

86 1556 173 1586 van
207 1542 369 1592 Reims,
396 1541 501 1584 door
531 1541 613 1584 den
648 1541 972 1598 aartsbisschop
1005 1542 1184 1585 Samson
1220 1543 1465 1599 gehouden‚
1509 1558 1612 1586 over
1650 1544 1726 1587 het

86 1611 265 1656 strafsen
288 1611 366 1653 der
388 1610 572 1654 ketters.
598 1637 652 1642 —
688 1613 746 1654 De
779 1611 1102 1667 aartsbisschop
1126 1612 1365 1665 verklaart‚
1393 1613 1469 1656 dat
1490 1613 1592 1656 deze
1613 1614 1724 1656 laat-

87 1684 184 1725 sten
219 1680 408 1737 (Piplzicz'
438 1695 492 1722 en
524 1681 861 1733 Manz'elzaeers)
895 1681 1032 1724 onder
1063 1681 1115 1724 de
1148 1682 1298 1741 lagei-e
1330 1682 1532 1735 standen,
1574 1683 1723 1726 vooral

87 1751 223 1795 onder
245 1750 298 1794 de
319 1763 505 1802 wevers,
533 1750 715 1793 woeden
739 1764 792 1794 en
817 1750 928 1793 alom
953 1754 1040 1794 met
1062 1764 1458 1806 vrouwspersonen
1477 1751 1726 1795 rondzwer-

86 1835 186 1865 ven.
212 1820 290 1863 Om
314 1819 461 1862 zuiver
479 1819 738 1875 (Catlzaren)
757 1823 798 1863 te
823 1819 1035 1877 schijnen,
1057 1833 1317 1877 verwerpen
1336 1821 1388 1878 zij
1414 1821 1490 1864 het
1514 1821 1727 1878 huwelijk

88 1905 141 1935 en
174 1890 352 1932 leveren
386 1889 480 1932 zich
513 1903 595 1932 aan
631 1889 798 1932 allerlei
832 1889 1015 1932 ontucht
1043 1903 1160 1932 over.
1189 1890 1408 1946 Degenen,
1437 1890 1504 1932 die
1536 1890 1659 1933 aldus
1682 1890 1726 1933 in

88 1959 285 2015 overspel
319 1958 461 2010 leven,
495 1958 638 2001 zullen
672 1959 821 2001 hunne
855 1958 1073 2014 goederen
1106 1963 1278 2003 moeten
1313 1959 1547 2011 verliezen‚
1582 1959 1727 2003 indien

87 2030 139 2087 zij
165 2028 423 2072 volharden.
451 2029 510 2070 De
540 2027 861 2071 hoofdmannen
895 2027 972 2071 der
1004 2030 1122 2072 secte
1146 2032 1318 2071 moeten
1346 2031 1411 2072 tot
1444 2029 1728 2084 levenslange

88 2098 356 2156 gevangenis
390 2111 621 2140 verwezen
654 2097 852 2149 worden,
886 2098 1017 2155 tenzij
1054 2098 1105 2141 de
1138 2096 1464 2154 aartsbisschop
1498 2098 1586 2141 hun
1622 2111 1728 2141 eene

88 2181 175 2224 nog
207 2171 437 2223 strengere
471 2166 586 2210 straf
613 2167 811 2223 oplegge.
839 2167 999 2210 Hunne
1032 2168 1312 2224 aanhangers
1334 2167 1476 2211 zullen
1502 2181 1554 2223 op
1577 2168 1606 2210 ’t
1629 2181 1732 2211 aan-

88 2237 260 2295 gezicht
283 2235 624 2294 gebrandmerkt
647 2236 827 2279 worden
861 2250 913 2279 en
943 2235 1191 2293 gebannen.
1218 2237 1301 2279 Zoo
1325 2236 1378 2294 zij
1414 2236 1727 2292 terugkeeren‚

89 2320 188 2363 mag
220 2306 420 2350 iedereen
453 2320 501 2348 ze
533 2305 808 2357 aanhouden,
844 2305 906 2349 dit
942 2309 1006 2349 tot
1042 2306 1191 2349 hunne
1213 2305 1535 2362 boetedoening
1573 2321 1627 2350 en
1666 2309 1731 2349 tot

89 2376 312 2420 eenieders
344 2375 697 2431 verschrikking.
740 2376 843 2419 Wie
876 2375 987 2432 zijne
1027 2375 1237 2418 onschuld
1276 2376 1351 2418 wil
1388 2374 1620 2433 bewijzen,
1663 2375 1729 2418 zal

88 2448 156 2489 tot
177 2445 228 2489 de
251 2445 378 2503 proef
396 2459 481 2489 van
504 2445 581 2488 het
603 2445 802 2501 gloeiend
825 2445 931 2502 ijzer·
949 2445 1198 2501 toegelaten
1217 2445 1412 2489 worden.

720 2548 746 2582 1.
774 2548 827 2582 De
846 2546 1015 2592 Pz'plzile's
1031 2547 1095 2592 (1).

135 2626 314 2668 Quoniam
340 2625 588 2671 impurissima
603 2624 906 2660 Manichaeorum
923 2628 1020 2661 secta
1039 2624 1341 2670 tergiversatione
1364 2624 1505 2660 lubrica
1528 2625 1594 2660 sub
1612 2624 1730 2670 specie

134 2753 179 2797 (1)
204 2753 266 2788 Dit
279 2765 352 2788 was
370 2765 434 2787 een
458 2752 523 2787 der
547 2763 691 2794 namen,
709 2752 768 2787 die
784 2763 866 2786 men
885 2751 1009 2786 alsdan
1028 2762 1097 2785 aan
1122 2750 1165 2785 de
1182 2750 1314 2785 ketters
1331 2751 1409 2793 gaf.
1433 2750 1471 2784 ln
1491 2750 1727 2785 Duitschland

90 2808 235 2843 heetten
263 2820 301 2843 ze
328 2808 453 2843 vooral
480 2806 684 2848 Caclzaren,
718 2806 755 2841 in
780 2806 1009 2841 Vlaanderen
1040 2804 1208 2850 Pe'plzilz‘,
1240 2806 1277 2840 in
1310 2805 1510 2848 Frankrijk
1546 2806 1730 2840 Texcrans

91 2864 266 2907 (wevers),
283 2869 364 2907 zegt
386 2863 552 2898 Martime
575 2863 672 2906 (Vct.
690 2863 810 2904 Mon„
827 2863 907 2897 deel
924 2861 1005 2903 Vll,
1025 2862 1091 2896 blz.
1119 2862 1190 2905 74).
1211 2861 1274 2896 Zie
1297 2859 1423 2894 vooral
1447 2858 1624 2902 Schmidt,
1643 2860 1730 2894 His-

92 2921 184 2955 toire
197 2919 261 2954 des
282 2917 470 2962 Calliaros,
491 2919 571 2955 ‹leel
590 2920 635 2961 11,
653 2918 722 2954 blz.
739 2921 892 2962 2750284,
911 2919 984 2954 Sur
999 2918 1051 2953 les
1068 2928 1174 2953 noms
1190 2916 1236 2952 cle
1252 2917 1290 2952 Ia
1306 2921 1409 2952 secte.
