<?xml version="1.0" encoding="UTF-8"?>
<!DOCTYPE html PUBLIC "-//W3C//DTD XHTML 1.0 Transitional//EN"
    "http://www.w3.org/TR/xhtml1/DTD/xhtml1-transitional.dtd">
<html xmlns="http://www.w3.org/1999/xhtml" xml:lang="en" lang="en">
 <head>
  <title>
</title>
<meta http-equiv="Content-Type" content="text/html;charset=utf-8" />
  <meta name='ocr-system' content='tesseract 3.04.00' />
  <meta name='ocr-capabilities' content='ocr_page ocr_carea ocr_par ocr_line ocrx_word'/>
</head>
<body>
  <div class='ocr_page' id='page_1' title='image "./corpusdocumentor01fruoft_0378.png"; bbox 0 0 2097 3466; ppageno 0'>
   <div class='ocr_carea' id='block_1_1' title="bbox 295 259 1223 297">
    <p class='ocr_par' dir='ltr' id='par_1_1' title="bbox 295 259 1223 297">
     <span class='ocr_line' id='line_1_1' title="bbox 295 259 1223 297; baseline -0.004 -2"><span class='ocrx_word' id='word_1_1' title='bbox 295 266 357 297; x_wconf 59' lang='lat'>:³25</span> <span class='ocrx_word' id='word_1_2' title='bbox 968 259 1097 293; x_wconf 64' lang='lat' dir='ltr'>ANNO</span> <span class='ocrx_word' id='word_1_3' title='bbox 1126 260 1223 291; x_wconf 74' lang='lat'>1448</span> 
     </span>
    </p>
   </div>
   <div class='ocr_carea' id='block_1_2' title="bbox 294 349 1913 1761">
    <p class='ocr_par' dir='ltr' id='par_1_2' title="bbox 298 349 1907 506">
     <span class='ocr_line' id='line_1_2' title="bbox 339 349 1907 395; baseline -0.003 -7"><span class='ocrx_word' id='word_1_4' title='bbox 339 356 492 395; x_wconf 67' lang='lat' dir='ltr'>Quintus</span> <span class='ocrx_word' id='word_1_5' title='bbox 509 354 692 388; x_wconf 75' lang='lat' dir='ltr'>articulus.</span> <span class='ocrx_word' id='word_1_6' title='bbox 713 354 798 388; x_wconf 70' lang='lat' dir='ltr'>Item</span> <span class='ocrx_word' id='word_1_7' title='bbox 827 352 917 386; x_wconf 78' lang='lat' dir='ltr'>dixit</span> <span class='ocrx_word' id='word_1_8' title='bbox 941 352 1078 385; x_wconf 69' lang='lat' dir='ltr'>duabus</span> <span class='ocrx_word' id='word_1_9' title='bbox 1106 351 1254 390; x_wconf 68' lang='lat' dir='ltr'>vicibus,</span> <span class='ocrx_word' id='word_1_10' title='bbox 1273 350 1438 384; x_wconf 76' lang='lat' dir='ltr'>videlicet</span> <span class='ocrx_word' id='word_1_11' title='bbox 1463 350 1537 393; x_wconf 82' lang='lat' dir='ltr'>ipso</span> <span class='ocrx_word' id='word_1_12' title='bbox 1560 349 1618 384; x_wconf 86' lang='lat' dir='ltr'>dio</span> <span class='ocrx_word' id='word_1_13' title='bbox 1641 360 1850 393; x_wconf 82' lang='lat' dir='ltr'>parasceues</span> <span class='ocrx_word' id='word_1_14' title='bbox 1872 351 1907 384; x_wconf 87' lang='lat' dir='ltr'>et</span> 
     </span>
     <span class='ocr_line' id='line_1_3' title="bbox 298 404 1905 451; baseline -0.003 -8"><span class='ocrx_word' id='word_1_15' title='bbox 298 411 330 444; x_wconf 84' lang='lat' dir='ltr'>in</span> <span class='ocrx_word' id='word_1_16' title='bbox 350 411 405 443; x_wconf 68' lang='lat' dir='ltr'>dio</span> <span class='ocrx_word' id='word_1_17' title='bbox 424 409 549 443; x_wconf 77' lang='lat' dir='ltr'>Mai-tis</span> <span class='ocrx_word' id='word_1_18' title='bbox 575 408 608 442; x_wconf 91' lang='lat' dir='ltr'>in</span> <span class='ocrx_word' id='word_1_19' title='bbox 632 408 867 451; x_wconf 72' lang='lat' dir='ltr'>paschalibus,</span> <span class='ocrx_word' id='word_1_20' title='bbox 886 407 979 449; x_wconf 77' lang='lat' dir='ltr'>qnod</span> <span class='ocrx_word' id='word_1_21' title='bbox 1004 417 1126 439; x_wconf 69' lang='lat' dir='ltr'>omnes</span> <span class='ocrx_word' id='word_1_22' title='bbox 1141 406 1328 439; x_wconf 70' lang='lat' dir='ltr'>offerentes</span> <span class='ocrx_word' id='word_1_23' title='bbox 1352 404 1387 438; x_wconf 91' lang='lat' dir='ltr'>in</span> <span class='ocrx_word' id='word_1_24' title='bbox 1418 415 1547 448; x_wconf 84' lang='lat' dir='ltr'>mappa</span> <span class='ocrx_word' id='word_1_25' title='bbox 1564 406 1752 447; x_wconf 77' lang='lat' dir='ltr'>peccarent</span> <span class='ocrx_word' id='word_1_26' title='bbox 1776 405 1905 438; x_wconf 82' lang='lat' dir='ltr'>morta-</span> 
     </span>
     <span class='ocr_line' id='line_1_4' title="bbox 298 457 1678 506; baseline -0.005 -8"><span class='ocrx_word' id='word_1_27' title='bbox 298 466 377 499; x_wconf 62' lang='lat' dir='ltr'>litor</span> <span class='ocrx_word' id='word_1_28' title='bbox 393 468 438 500; x_wconf 66' lang='lat' dir='ltr'>ot.</span> <span class='ocrx_word' id='word_1_29' title='bbox 457 463 549 506; x_wconf 79' lang='lat' dir='ltr'>quod</span> <span class='ocrx_word' id='word_1_30' title='bbox 569 462 667 505; x_wconf 63' lang='lat' dir='ltr'>peius</span> <span class='ocrx_word' id='word_1_31' title='bbox 683 466 745 499; x_wconf 73' lang='lat' dir='ltr'>ost.</span> <span class='ocrx_word' id='word_1_32' title='bbox 765 461 1029 495; x_wconf 62' lang='lat' dir='ltr'>cummium-ont</span> <span class='ocrx_word' id='word_1_33' title='bbox 1046 471 1166 492; x_wconf 68' lang='lat' dir='ltr'>omncs</span> <span class='ocrx_word' id='word_1_34' title='bbox 1183 462 1354 502; x_wconf 74' lang='lat' dir='ltr'>quotquot</span> <span class='ocrx_word' id='word_1_35' title='bbox 1371 461 1453 492; x_wconf 89' lang='lat' dir='ltr'>sunt</span> <span class='ocrx_word' id='word_1_36' title='bbox 1469 457 1678 501; x_wconf 67' lang='lat' dir='ltr'>symoniam.</span> 
     </span>
    </p>

    <p class='ocr_par' dir='ltr' id='par_1_3' title="bbox 295 511 1908 662">
     <span class='ocr_line' id='line_1_5' title="bbox 339 511 1907 561; baseline -0.004 -8"><span class='ocrx_word' id='word_1_37' title='bbox 339 521 466 553; x_wconf 66' lang='lat' dir='ltr'>Contra</span> <span class='ocrx_word' id='word_1_38' title='bbox 493 518 650 561; x_wconf 71' lang='lat' dir='ltr'>quinquo</span> <span class='ocrx_word' id='word_1_39' title='bbox 674 517 844 550; x_wconf 68' lang='lat' dir='ltr'>articulos</span> <span class='ocrx_word' id='word_1_40' title='bbox 869 527 929 558; x_wconf 72' lang='lat' dir='ltr'>poi·</span> <span class='ocrx_word' id='word_1_41' title='bbox 953 515 1139 557; x_wconf 70' lang='lat' dir='ltr'>quomdam</span> <span class='ocrx_word' id='word_1_42' title='bbox 1166 515 1310 548; x_wconf 72' lang='lat' dir='ltr'>fratrom</span> <span class='ocrx_word' id='word_1_43' title='bbox 1336 513 1509 547; x_wconf 75' lang='lat' dir='ltr'>minorem</span> <span class='ocrx_word' id='word_1_44' title='bbox 1535 511 1733 556; x_wconf 76' lang='lat' dir='ltr'>prodicatos</span> <span class='ocrx_word' id='word_1_45' title='bbox 1756 511 1791 546; x_wconf 89' lang='lat' dir='ltr'>in</span> <span class='ocrx_word' id='word_1_46' title='bbox 1815 512 1907 546; x_wconf 89' lang='lat' dir='ltr'>Gan-</span> 
     </span>
     <span class='ocr_line' id='line_1_6' title="bbox 295 565 1908 615; baseline -0.005 -8"><span class='ocrx_word' id='word_1_47' title='bbox 295 575 387 607; x_wconf 82' lang='lat' dir='ltr'>dano</span> <span class='ocrx_word' id='word_1_48' title='bbox 405 573 574 615; x_wconf 74' lang='lat' dir='ltr'>scriptum</span> <span class='ocrx_word' id='word_1_49' title='bbox 592 572 635 604; x_wconf 77' lang='lat' dir='ltr'>ad</span> <span class='ocrx_word' id='word_1_50' title='bbox 662 570 866 605; x_wconf 69' lang='lat' dir='ltr'>instantiam</span> <span class='ocrx_word' id='word_1_51' title='bbox 893 568 1118 602; x_wconf 60' lang='lat' dir='ltr'>Asuuium-uin</span> <span class='ocrx_word' id='word_1_52' title='bbox 1137 568 1353 601; x_wconf 67' lang='lat' dir='ltr'>vicariorum</span> <span class='ocrx_word' id='word_1_53' title='bbox 1373 567 1561 601; x_wconf 71' lang='lat' dir='ltr'>reuerendi</span> <span class='ocrx_word' id='word_1_54' title='bbox 1586 567 1622 600; x_wconf 89' lang='lat' dir='ltr'>in</span> <span class='ocrx_word' id='word_1_55' title='bbox 1641 566 1782 601; x_wconf 88' lang='lat' dir='ltr'>Christo</span> <span class='ocrx_word' id='word_1_56' title='bbox 1799 565 1908 609; x_wconf 83' lang='lat' dir='ltr'>patris</span> 
     </span>
     <span class='ocr_line' id='line_1_7' title="bbox 295 625 705 662; baseline -0.007 -2"><span class='ocrx_word' id='word_1_57' title='bbox 295 627 429 662; x_wconf 79' lang='lat' dir='ltr'>domini</span> <span class='ocrx_word' id='word_1_58' title='bbox 449 625 684 660; x_wconf 61' lang='lat' dir='ltr'>Tsu‘iinvonsis</span> <span class='ocrx_word' id='word_1_59' title='bbox 700 637 705 658; x_wconf 93' lang='lat'>:</span> 
     </span>
    </p>

    <p class='ocr_par' dir='ltr' id='par_1_4' title="bbox 294 675 1912 890">
     <span class='ocr_line' id='line_1_8' title="bbox 338 675 1909 723; baseline -0.004 -7"><span class='ocrx_word' id='word_1_60' title='bbox 338 682 449 717; x_wconf 80' lang='lat' dir='ltr'>Multa</span> <span class='ocrx_word' id='word_1_61' title='bbox 476 681 570 723; x_wconf 78' lang='lat' dir='ltr'>qnod</span> <span class='ocrx_word' id='word_1_62' title='bbox 595 680 727 723; x_wconf 64' lang='lat' dir='ltr'>profert</span> <span class='ocrx_word' id='word_1_63' title='bbox 752 680 862 712; x_wconf 61' lang='lat' dir='ltr'>frater</span> <span class='ocrx_word' id='word_1_64' title='bbox 887 678 1004 711; x_wconf 82' lang='lat' dir='ltr'>minor</span> <span class='ocrx_word' id='word_1_65' title='bbox 1028 677 1062 711; x_wconf 92' lang='lat' dir='ltr'>in</span> <span class='ocrx_word' id='word_1_66' title='bbox 1092 676 1391 720; x_wconf 75' lang='lat' dir='ltr'>propositionibus</span> <span class='ocrx_word' id='word_1_67' title='bbox 1407 676 1552 710; x_wconf 90' lang='lat' dir='ltr'>domino</span> <span class='ocrx_word' id='word_1_68' title='bbox 1575 675 1720 710; x_wconf 84' lang='lat' dir='ltr'>officiali</span> <span class='ocrx_word' id='word_1_69' title='bbox 1745 676 1909 710; x_wconf 83' lang='lat' dir='ltr'>Camera-</span> 
     </span>
     <span class='ocr_line' id='line_1_9' title="bbox 295 730 1912 779; baseline -0.005 -7"><span class='ocrx_word' id='word_1_70' title='bbox 295 737 390 772; x_wconf 82' lang='lat' dir='ltr'>censi</span> <span class='ocrx_word' id='word_1_71' title='bbox 418 740 449 770; x_wconf 77' lang='lat' dir='ltr'>ct</span> <span class='ocrx_word' id='word_1_72' title='bbox 478 734 649 779; x_wconf 78' lang='lat' dir='ltr'>magistro</span> <span class='ocrx_word' id='word_1_73' title='bbox 679 733 806 778; x_wconf 81' lang='lat' dir='ltr'>Egidio</span> <span class='ocrx_word' id='word_1_74' title='bbox 835 732 1034 773; x_wconf 71' lang='lat' dir='ltr'>missis-,vel</span> <span class='ocrx_word' id='word_1_75' title='bbox 1062 743 1103 765; x_wconf 79' lang='lat' dir='ltr'>ex</span> <span class='ocrx_word' id='word_1_76' title='bbox 1133 731 1337 774; x_wconf 80' lang='lat' dir='ltr'>ignorantia</span> <span class='ocrx_word' id='word_1_77' title='bbox 1361 730 1569 765; x_wconf 83' lang='lat' dir='ltr'>diuinarum</span> <span class='ocrx_word' id='word_1_78' title='bbox 1592 730 1853 774; x_wconf 85' lang='lat' dir='ltr'>scripturarum</span> <span class='ocrx_word' id='word_1_79' title='bbox 1875 731 1912 764; x_wconf 78' lang='lat' dir='ltr'>et</span> 
     </span>
     <span class='ocr_line' id='line_1_10' title="bbox 294 783 1910 829; baseline -0.004 -3"><span class='ocrx_word' id='word_1_80' title='bbox 294 793 478 826; x_wconf 85' lang='lat' dir='ltr'>doctorum</span> <span class='ocrx_word' id='word_1_81' title='bbox 496 793 699 823; x_wconf 82' lang='lat' dir='ltr'>sanctorum</span> <span class='ocrx_word' id='word_1_82' title='bbox 726 799 861 821; x_wconf 66' lang='lat' dir='ltr'>necnon</span> <span class='ocrx_word' id='word_1_83' title='bbox 887 789 921 820; x_wconf 53' lang='lat' dir='ltr'>ot,</span> <span class='ocrx_word' id='word_1_84' title='bbox 947 787 1041 820; x_wconf 76' lang='lat' dir='ltr'>scole</span> <span class='ocrx_word' id='word_1_85' title='bbox 1065 785 1243 829; x_wconf 70' lang='lat' dir='ltr'>theologie</span> <span class='ocrx_word' id='word_1_86' title='bbox 1267 788 1329 819; x_wconf 83' lang='lat' dir='ltr'>aut</span> <span class='ocrx_word' id='word_1_87' title='bbox 1352 785 1474 828; x_wconf 83' lang='lat' dir='ltr'>aliqua</span> <span class='ocrx_word' id='word_1_88' title='bbox 1497 785 1701 819; x_wconf 82' lang='lat' dir='ltr'>inordinata</span> <span class='ocrx_word' id='word_1_89' title='bbox 1724 783 1910 819; x_wconf 79' lang='lat' dir='ltr'>affectione</span> 
     </span>
     <span class='ocr_line' id='line_1_11' title="bbox 295 843 1655 890; baseline -0.009 -10"><span class='ocrx_word' id='word_1_90' title='bbox 295 844 503 890; x_wconf 72' lang='lat' dir='ltr'>processisso.</span> <span class='ocrx_word' id='word_1_91' title='bbox 518 843 764 877; x_wconf 82' lang='lat' dir='ltr'>arbitrandum</span> <span class='ocrx_word' id='word_1_92' title='bbox 784 844 888 876; x_wconf 64' lang='lat' dir='ltr'>ost...</span> <span class='ocrx_word' id='word_1_93' title='bbox 904 843 959 879; x_wconf 75' lang='lat' dir='ltr'>(l).</span> <span class='ocrx_word' id='word_1_94' title='bbox 1653 881 1655 884; x_wconf 31' lang='grc' dir='ltr'>Ι</span> 
     </span>
    </p>

    <p class='ocr_par' dir='ltr' id='par_1_5' title="bbox 294 893 1913 1489">
     <span class='ocr_line' id='line_1_12' title="bbox 339 893 1908 936; baseline -0.003 -2"><span class='ocrx_word' id='word_1_95' title='bbox 339 900 480 934; x_wconf 77' lang='lat' dir='ltr'>Primus</span> <span class='ocrx_word' id='word_1_96' title='bbox 497 897 670 932; x_wconf 66' lang='lat' dir='ltr'>articulus</span> <span class='ocrx_word' id='word_1_97' title='bbox 687 899 739 930; x_wconf 73' lang='lat' dir='ltr'>osi.</span> <span class='ocrx_word' id='word_1_98' title='bbox 763 896 957 929; x_wconf 77' lang='lat' dir='ltr'>iniuriosus</span> <span class='ocrx_word' id='word_1_99' title='bbox 973 899 1007 929; x_wconf 54' lang='lat' dir='ltr'>ot,</span> <span class='ocrx_word' id='word_1_100' title='bbox 1030 894 1276 928; x_wconf 56' lang='lat' dir='ltr'>mucimus...</span> <span class='ocrx_word' id='word_1_101' title='bbox 1296 896 1351 935; x_wconf 78' lang='lat'>(2).</span> <span class='ocrx_word' id='word_1_102' title='bbox 1372 894 1477 928; x_wconf 87' lang='lat' dir='ltr'>Circa</span> <span class='ocrx_word' id='word_1_103' title='bbox 1492 894 1687 928; x_wconf 85' lang='lat' dir='ltr'>secundum</span> <span class='ocrx_word' id='word_1_104' title='bbox 1702 893 1908 936; x_wconf 81' lang='lat' dir='ltr'>articulum,</span> 
     </span>
     <span class='ocr_line' id='line_1_13' title="bbox 294 947 1907 999; baseline -0.004 -10"><span class='ocrx_word' id='word_1_105' title='bbox 294 956 354 999; x_wconf 85' lang='lat' dir='ltr'>qui</span> <span class='ocrx_word' id='word_1_106' title='bbox 379 953 572 988; x_wconf 85' lang='lat' dir='ltr'>iniuriosus</span> <span class='ocrx_word' id='word_1_107' title='bbox 588 954 640 985; x_wconf 71' lang='lat' dir='ltr'>ost</span> <span class='ocrx_word' id='word_1_108' title='bbox 662 955 697 985; x_wconf 79' lang='lat' dir='ltr'>ct</span> <span class='ocrx_word' id='word_1_109' title='bbox 720 950 911 984; x_wconf 52' lang='lat' dir='ltr'>sedit-iosus</span> <span class='ocrx_word' id='word_1_110' title='bbox 933 950 1026 984; x_wconf 76' lang='lat' dir='ltr'>sicut.</span> <span class='ocrx_word' id='word_1_111' title='bbox 1054 950 1255 992; x_wconf 47' lang='lat' dir='ltr'>precedens</span> <span class='ocrx_word' id='word_1_112' title='bbox 1275 960 1316 983; x_wconf 83' lang='lat' dir='ltr'>ea</span> <span class='ocrx_word' id='word_1_113' title='bbox 1340 960 1408 991; x_wconf 85' lang='lat' dir='ltr'>que</span> <span class='ocrx_word' id='word_1_114' title='bbox 1434 947 1605 992; x_wconf 84' lang='lat' dir='ltr'>premissa</span> <span class='ocrx_word' id='word_1_115' title='bbox 1628 950 1709 982; x_wconf 86' lang='lat' dir='ltr'>sunt</span> <span class='ocrx_word' id='word_1_116' title='bbox 1733 947 1907 984; x_wconf 84' lang='lat' dir='ltr'>seruiunt.</span> 
     </span>
     <span class='ocr_line' id='line_1_14' title="bbox 296 1001 1909 1046; baseline -0.005 -2"><span class='ocrx_word' id='word_1_117' title='bbox 296 1009 444 1044; x_wconf 80' lang='lat' dir='ltr'>Tercius</span> <span class='ocrx_word' id='word_1_118' title='bbox 459 1007 633 1041; x_wconf 71' lang='lat' dir='ltr'>articulus</span> <span class='ocrx_word' id='word_1_119' title='bbox 656 1008 707 1039; x_wconf 82' lang='lat' dir='ltr'>est</span> <span class='ocrx_word' id='word_1_120' title='bbox 731 1016 912 1043; x_wconf 67' lang='lat' dir='ltr'>erroneus,</span> <span class='ocrx_word' id='word_1_121' title='bbox 933 1004 1024 1037; x_wconf 76' lang='lat' dir='ltr'>male</span> <span class='ocrx_word' id='word_1_122' title='bbox 1042 1003 1182 1046; x_wconf 78' lang='lat' dir='ltr'>sapiens</span> <span class='ocrx_word' id='word_1_123' title='bbox 1205 1003 1242 1036; x_wconf 88' lang='lat' dir='ltr'>in</span> <span class='ocrx_word' id='word_1_124' title='bbox 1267 1003 1346 1043; x_wconf 86' lang='lat' dir='ltr'>fide,</span> <span class='ocrx_word' id='word_1_125' title='bbox 1366 1005 1451 1045; x_wconf 84' lang='lat' dir='ltr'>puta</span> <span class='ocrx_word' id='word_1_126' title='bbox 1467 1005 1592 1037; x_wconf 83' lang='lat' dir='ltr'>eontra</span> <span class='ocrx_word' id='word_1_127' title='bbox 1615 1001 1777 1036; x_wconf 82' lang='lat' dir='ltr'>diuinam</span> <span class='ocrx_word' id='word_1_128' title='bbox 1801 1002 1909 1046; x_wconf 90' lang='lat' dir='ltr'>scrip—</span> 
     </span>
     <span class='ocr_line' id='line_1_15' title="bbox 295 1056 1912 1100; baseline -0.005 -2"><span class='ocrx_word' id='word_1_129' title='bbox 295 1068 412 1099; x_wconf 84' lang='lat' dir='ltr'>turam</span> <span class='ocrx_word' id='word_1_130' title='bbox 429 1065 465 1096; x_wconf 85' lang='lat' dir='ltr'>et</span> <span class='ocrx_word' id='word_1_131' title='bbox 488 1064 612 1095; x_wconf 84' lang='lat' dir='ltr'>contra</span> <span class='ocrx_word' id='word_1_132' title='bbox 628 1059 789 1094; x_wconf 77' lang='lat' dir='ltr'>ordinem</span> <span class='ocrx_word' id='word_1_133' title='bbox 816 1057 1055 1092; x_wconf 68' lang='lat' dir='ltr'>ierarchicum</span> <span class='ocrx_word' id='word_1_134' title='bbox 1072 1057 1276 1091; x_wconf 67' lang='lat' dir='ltr'>ecclesie...</span> <span class='ocrx_word' id='word_1_135' title='bbox 1295 1058 1351 1098; x_wconf 81' lang='lat'>(2).</span> <span class='ocrx_word' id='word_1_136' title='bbox 1370 1057 1410 1090; x_wconf 91' lang='lat' dir='ltr'>In</span> <span class='ocrx_word' id='word_1_137' title='bbox 1435 1059 1563 1100; x_wconf 81' lang='lat' dir='ltr'>quarto</span> <span class='ocrx_word' id='word_1_138' title='bbox 1579 1056 1732 1091; x_wconf 86' lang='lat' dir='ltr'>articulo</span> <span class='ocrx_word' id='word_1_139' title='bbox 1748 1068 1785 1091; x_wconf 82' lang='lat' dir='ltr'>se</span> <span class='ocrx_word' id='word_1_140' title='bbox 1801 1056 1912 1092; x_wconf 79' lang='lat' dir='ltr'>mittit</span> 
     </span>
     <span class='ocr_line' id='line_1_16' title="bbox 294 1111 1911 1155; baseline -0.004 -2"><span class='ocrx_word' id='word_1_141' title='bbox 294 1120 404 1153; x_wconf 76' lang='lat' dir='ltr'>frater</span> <span class='ocrx_word' id='word_1_142' title='bbox 427 1117 492 1150; x_wconf 81' lang='lat' dir='ltr'>iste</span> <span class='ocrx_word' id='word_1_143' title='bbox 508 1115 544 1149; x_wconf 92' lang='lat' dir='ltr'>in</span> <span class='ocrx_word' id='word_1_144' title='bbox 569 1114 796 1153; x_wconf 75' lang='lat' dir='ltr'>laborintum,</span> <span class='ocrx_word' id='word_1_145' title='bbox 817 1113 852 1146; x_wconf 92' lang='lat' dir='ltr'>in</span> <span class='ocrx_word' id='word_1_146' title='bbox 871 1112 1135 1147; x_wconf 76' lang='lat' dir='ltr'>contentionem</span> <span class='ocrx_word' id='word_1_147' title='bbox 1153 1111 1392 1154; x_wconf 83' lang='lat' dir='ltr'>antiquam....</span> <span class='ocrx_word' id='word_1_148' title='bbox 1410 1112 1466 1153; x_wconf 79' lang='lat'><strong>(2).</strong></span> <span class='ocrx_word' id='word_1_149' title='bbox 1487 1112 1539 1145; x_wconf 80' lang='lat' dir='ltr'>Ex</span> <span class='ocrx_word' id='word_1_150' title='bbox 1555 1111 1684 1154; x_wconf 88' lang='lat' dir='ltr'>quibus</span> <span class='ocrx_word' id='word_1_151' title='bbox 1700 1113 1798 1155; x_wconf 80' lang='lat' dir='ltr'>patet</span> <span class='ocrx_word' id='word_1_152' title='bbox 1817 1111 1911 1155; x_wconf 90' lang='lat' dir='ltr'>quod</span> 
     </span>
     <span class='ocr_line' id='line_1_17' title="bbox 295 1165 1913 1214; baseline -0.005 -7"><span class='ocrx_word' id='word_1_153' title='bbox 295 1174 360 1208; x_wconf 81' lang='lat' dir='ltr'>iste</span> <span class='ocrx_word' id='word_1_154' title='bbox 390 1173 501 1206; x_wconf 64' lang='lat' dir='ltr'>frater</span> <span class='ocrx_word' id='word_1_155' title='bbox 530 1169 692 1214; x_wconf 77' lang='lat' dir='ltr'>grauiter</span> <span class='ocrx_word' id='word_1_156' title='bbox 722 1167 884 1211; x_wconf 75' lang='lat' dir='ltr'>peccauit</span> <span class='ocrx_word' id='word_1_157' title='bbox 923 1167 1143 1201; x_wconf 78' lang='lat' dir='ltr'>detrahendo</span> <span class='ocrx_word' id='word_1_158' title='bbox 1174 1165 1302 1200; x_wconf 88' lang='lat' dir='ltr'>honori</span> <span class='ocrx_word' id='word_1_159' title='bbox 1335 1169 1370 1200; x_wconf 84' lang='lat' dir='ltr'>et</span> <span class='ocrx_word' id='word_1_160' title='bbox 1406 1165 1608 1200; x_wconf 87' lang='lat' dir='ltr'>reuerentie</span> <span class='ocrx_word' id='word_1_161' title='bbox 1639 1167 1846 1200; x_wconf 85' lang='lat' dir='ltr'>curatorum</span> <span class='ocrx_word' id='word_1_162' title='bbox 1876 1167 1913 1200; x_wconf 84' lang='lat' dir='ltr'>et</span> 
     </span>
     <span class='ocr_line' id='line_1_18' title="bbox 294 1219 1910 1268; baseline -0.005 -6"><span class='ocrx_word' id='word_1_163' title='bbox 294 1227 447 1262; x_wconf 72' lang='lat' dir='ltr'>maxime</span> <span class='ocrx_word' id='word_1_164' title='bbox 471 1225 508 1259; x_wconf 91' lang='lat' dir='ltr'>in</span> <span class='ocrx_word' id='word_1_165' title='bbox 532 1223 710 1268; x_wconf 80' lang='lat' dir='ltr'>presentia</span> <span class='ocrx_word' id='word_1_166' title='bbox 733 1233 878 1256; x_wconf 88' lang='lat' dir='ltr'>suorum</span> <span class='ocrx_word' id='word_1_167' title='bbox 904 1220 1248 1265; x_wconf 76' lang='lat' dir='ltr'>parrochianornm3</span> <span class='ocrx_word' id='word_1_168' title='bbox 1277 1232 1320 1254; x_wconf 86' lang='lat' dir='ltr'>ex</span> <span class='ocrx_word' id='word_1_169' title='bbox 1344 1232 1414 1263; x_wconf 90' lang='lat' dir='ltr'>quo</span> <span class='ocrx_word' id='word_1_170' title='bbox 1437 1220 1599 1264; x_wconf 85' lang='lat' dir='ltr'>sequitur</span> <span class='ocrx_word' id='word_1_171' title='bbox 1621 1220 1716 1263; x_wconf 87' lang='lat' dir='ltr'>quod</span> <span class='ocrx_word' id='word_1_172' title='bbox 1737 1219 1804 1254; x_wconf 87' lang='lat' dir='ltr'>iste</span> <span class='ocrx_word' id='word_1_173' title='bbox 1825 1219 1910 1255; x_wconf 87' lang='lat' dir='ltr'>arti-</span> 
     </span>
     <span class='ocr_line' id='line_1_19' title="bbox 294 1274 1909 1324; baseline -0.004 -8"><span class='ocrx_word' id='word_1_174' title='bbox 294 1282 396 1317; x_wconf 82' lang='lat' dir='ltr'>culus</span> <span class='ocrx_word' id='word_1_175' title='bbox 412 1282 585 1324; x_wconf 82' lang='lat' dir='ltr'>qnantum</span> <span class='ocrx_word' id='word_1_176' title='bbox 602 1278 647 1312; x_wconf 86' lang='lat' dir='ltr'>ad</span> <span class='ocrx_word' id='word_1_177' title='bbox 671 1277 738 1311; x_wconf 84' lang='lat' dir='ltr'>ista</span> <span class='ocrx_word' id='word_1_178' title='bbox 759 1279 811 1310; x_wconf 80' lang='lat' dir='ltr'>est</span> <span class='ocrx_word' id='word_1_179' title='bbox 834 1275 1084 1310; x_wconf 69' lang='lat' dir='ltr'>iniuriosus...</span> <span class='ocrx_word' id='word_1_180' title='bbox 1104 1277 1160 1317; x_wconf 79' lang='lat'>(2).</span> <span class='ocrx_word' id='word_1_181' title='bbox 1181 1275 1256 1309; x_wconf 88' lang='lat' dir='ltr'>Hoc</span> <span class='ocrx_word' id='word_1_182' title='bbox 1273 1275 1378 1309; x_wconf 91' lang='lat' dir='ltr'>modo</span> <span class='ocrx_word' id='word_1_183' title='bbox 1402 1275 1467 1309; x_wconf 88' lang='lat' dir='ltr'>iste</span> <span class='ocrx_word' id='word_1_184' title='bbox 1491 1275 1603 1310; x_wconf 88' lang='lat' dir='ltr'>frater</span> <span class='ocrx_word' id='word_1_185' title='bbox 1618 1274 1761 1309; x_wconf 87' lang='lat' dir='ltr'>videtur</span> <span class='ocrx_word' id='word_1_186' title='bbox 1775 1285 1909 1315; x_wconf 83' lang='lat' dir='ltr'>errare,</span> 
     </span>
     <span class='ocr_line' id='line_1_20' title="bbox 295 1329 1908 1381; baseline -0.004 -11"><span class='ocrx_word' id='word_1_187' title='bbox 295 1336 354 1381; x_wconf 83' lang='lat' dir='ltr'>qui</span> <span class='ocrx_word' id='word_1_188' title='bbox 382 1347 423 1369; x_wconf 81' lang='lat' dir='ltr'>ea</span> <span class='ocrx_word' id='word_1_189' title='bbox 447 1333 611 1368; x_wconf 84' lang='lat' dir='ltr'>affectiue</span> <span class='ocrx_word' id='word_1_190' title='bbox 633 1330 851 1375; x_wconf 71' lang='lat' dir='ltr'>dogmatizat</span> <span class='ocrx_word' id='word_1_191' title='bbox 875 1342 942 1372; x_wconf 84' lang='lat' dir='ltr'>que</span> <span class='ocrx_word' id='word_1_192' title='bbox 970 1331 1064 1373; x_wconf 86' lang='lat' dir='ltr'>apud</span> <span class='ocrx_word' id='word_1_193' title='bbox 1087 1329 1319 1373; x_wconf 83' lang='lat' dir='ltr'>grauissimos</span> <span class='ocrx_word' id='word_1_194' title='bbox 1346 1330 1509 1364; x_wconf 83' lang='lat' dir='ltr'>doctores</span> <span class='ocrx_word' id='word_1_195' title='bbox 1536 1329 1675 1365; x_wconf 86' lang='lat' dir='ltr'>incerta</span> <span class='ocrx_word' id='word_1_196' title='bbox 1697 1331 1834 1364; x_wconf 89' lang='lat' dir='ltr'>sunt....</span> <span class='ocrx_word' id='word_1_197' title='bbox 1852 1330 1908 1371; x_wconf 80' lang='lat'><strong>(2).</strong></span> 
     </span>
     <span class='ocr_line' id='line_1_21' title="bbox 296 1382 1913 1431; baseline -0.005 -6"><span class='ocrx_word' id='word_1_198' title='bbox 296 1390 450 1431; x_wconf 85' lang='lat' dir='ltr'>Quintus</span> <span class='ocrx_word' id='word_1_199' title='bbox 476 1387 650 1423; x_wconf 85' lang='lat' dir='ltr'>articulus</span> <span class='ocrx_word' id='word_1_200' title='bbox 680 1387 733 1419; x_wconf 86' lang='lat' dir='ltr'>cst</span> <span class='ocrx_word' id='word_1_201' title='bbox 758 1383 957 1424; x_wconf 82' lang='lat' dir='ltr'>seditiosus,</span> <span class='ocrx_word' id='word_1_202' title='bbox 988 1383 1193 1424; x_wconf 87' lang='lat' dir='ltr'>iniuriosus,</span> <span class='ocrx_word' id='word_1_203' title='bbox 1223 1382 1367 1427; x_wconf 72' lang='lat' dir='ltr'>impius,</span> <span class='ocrx_word' id='word_1_204' title='bbox 1397 1383 1638 1425; x_wconf 73' lang='lat' dir='ltr'>seandalosus‚</span> <span class='ocrx_word' id='word_1_205' title='bbox 1671 1394 1843 1418; x_wconf 84' lang='lat' dir='ltr'>erroneus</span> <span class='ocrx_word' id='word_1_206' title='bbox 1870 1394 1913 1417; x_wconf 84' lang='lat' dir='ltr'>ac</span> 
     </span>
     <span class='ocr_line' id='line_1_22' title="bbox 296 1442 650 1489; baseline -0.02 -8"><span class='ocrx_word' id='word_1_207' title='bbox 296 1445 576 1489; x_wconf 60' lang='lat' dir='ltr'>blasphemus...</span> <span class='ocrx_word' id='word_1_208' title='bbox 595 1442 650 1483; x_wconf 81' lang='lat'>(2).</span> 
     </span>
    </p>

    <p class='ocr_par' dir='ltr' id='par_1_6' title="bbox 295 1492 1913 1707">
     <span class='ocr_line' id='line_1_23' title="bbox 339 1492 1912 1538; baseline -0.006 -1"><span class='ocrx_word' id='word_1_209' title='bbox 339 1503 522 1537; x_wconf 88' lang='lat' dir='ltr'>Postremo</span> <span class='ocrx_word' id='word_1_210' title='bbox 538 1498 706 1533; x_wconf 88' lang='lat' dir='ltr'>videntur</span> <span class='ocrx_word' id='word_1_211' title='bbox 720 1494 948 1530; x_wconf 85' lang='lat' dir='ltr'>ammonendi</span> <span class='ocrx_word' id='word_1_212' title='bbox 972 1494 1036 1537; x_wconf 83' lang='lat' dir='ltr'>hij,</span> <span class='ocrx_word' id='word_1_213' title='bbox 1056 1493 1117 1538; x_wconf 86' lang='lat' dir='ltr'>qui</span> <span class='ocrx_word' id='word_1_214' title='bbox 1141 1494 1275 1528; x_wconf 80' lang='lat' dir='ltr'>habent</span> <span class='ocrx_word' id='word_1_215' title='bbox 1300 1495 1510 1537; x_wconf 84' lang='lat' dir='ltr'>potestatem</span> <span class='ocrx_word' id='word_1_216' title='bbox 1527 1492 1754 1537; x_wconf 83' lang='lat' dir='ltr'>presentandi</span> <span class='ocrx_word' id='word_1_217' title='bbox 1778 1492 1912 1527; x_wconf 79' lang='lat' dir='ltr'>mendi-</span> 
     </span>
     <span class='ocr_line' id='line_1_24' title="bbox 296 1548 1913 1597; baseline -0.008 -2"><span class='ocrx_word' id='word_1_218' title='bbox 296 1562 415 1594; x_wconf 83' lang='lat' dir='ltr'>cantes</span> <span class='ocrx_word' id='word_1_219' title='bbox 431 1558 476 1592; x_wconf 84' lang='lat' dir='ltr'>ad</span> <span class='ocrx_word' id='word_1_220' title='bbox 491 1555 649 1592; x_wconf 87' lang='lat' dir='ltr'>officium</span> <span class='ocrx_word' id='word_1_221' title='bbox 671 1551 925 1597; x_wconf 74' lang='lat' dir='ltr'>predicationis</span> <span class='ocrx_word' id='word_1_222' title='bbox 948 1553 983 1585; x_wconf 88' lang='lat' dir='ltr'>et</span> <span class='ocrx_word' id='word_1_223' title='bbox 1006 1552 1271 1585; x_wconf 85' lang='lat' dir='ltr'>sacramentum</span> <span class='ocrx_word' id='word_1_224' title='bbox 1288 1549 1485 1593; x_wconf 84' lang='lat' dir='ltr'>penitentie</span> <span class='ocrx_word' id='word_1_225' title='bbox 1510 1548 1799 1593; x_wconf 86' lang='lat' dir='ltr'>dispensandum,</span> <span class='ocrx_word' id='word_1_226' title='bbox 1817 1548 1913 1591; x_wconf 88' lang='lat' dir='ltr'>quod</span> 
     </span>
     <span class='ocr_line' id='line_1_25' title="bbox 295 1601 1912 1657; baseline -0.006 -10"><span class='ocrx_word' id='word_1_227' title='bbox 295 1613 497 1657; x_wconf 77' lang='lat' dir='ltr'>presentent</span> <span class='ocrx_word' id='word_1_228' title='bbox 519 1609 704 1650; x_wconf 79' lang='lat' dir='ltr'>litteratos,</span> <span class='ocrx_word' id='word_1_229' title='bbox 736 1608 927 1652; x_wconf 85' lang='lat' dir='ltr'>prudentes</span> <span class='ocrx_word' id='word_1_230' title='bbox 943 1609 978 1641; x_wconf 85' lang='lat' dir='ltr'>et</span> <span class='ocrx_word' id='word_1_231' title='bbox 1000 1606 1097 1639; x_wconf 88' lang='lat' dir='ltr'>viros</span> <span class='ocrx_word' id='word_1_232' title='bbox 1114 1604 1198 1639; x_wconf 91' lang='lat' dir='ltr'>boni</span> <span class='ocrx_word' id='word_1_233' title='bbox 1220 1604 1413 1647; x_wconf 79' lang='lat' dir='ltr'>testimonij</span> <span class='ocrx_word' id='word_1_234' title='bbox 1430 1616 1439 1647; x_wconf 80' lang='lat'>3</span> <span class='ocrx_word' id='word_1_235' title='bbox 1458 1606 1493 1639; x_wconf 86' lang='lat' dir='ltr'>et</span> <span class='ocrx_word' id='word_1_236' title='bbox 1515 1603 1578 1638; x_wconf 90' lang='lat' dir='ltr'>ubi</span> <span class='ocrx_word' id='word_1_237' title='bbox 1602 1604 1737 1639; x_wconf 82' lang='lat' dir='ltr'>nollent</span> <span class='ocrx_word' id='word_1_238' title='bbox 1753 1601 1912 1647; x_wconf 86' lang='lat' dir='ltr'>acquies-</span> 
     </span>
     <span class='ocr_line' id='line_1_26' title="bbox 297 1657 1610 1707; baseline -0.006 -6"><span class='ocrx_word' id='word_1_239' title='bbox 297 1678 388 1707; x_wconf 86' lang='lat' dir='ltr'>cere,</span> <span class='ocrx_word' id='word_1_240' title='bbox 406 1664 642 1700; x_wconf 85' lang='lat' dir='ltr'>consulendus</span> <span class='ocrx_word' id='word_1_241' title='bbox 657 1666 747 1698; x_wconf 84' lang='lat' dir='ltr'>esset</span> <span class='ocrx_word' id='word_1_242' title='bbox 762 1674 921 1697; x_wconf 89' lang='lat' dir='ltr'>summus</span> <span class='ocrx_word' id='word_1_243' title='bbox 937 1659 1108 1705; x_wconf 79' lang='lat' dir='ltr'>pontifex,</span> <span class='ocrx_word' id='word_1_244' title='bbox 1127 1661 1167 1694; x_wconf 89' lang='lat' dir='ltr'>ut</span> <span class='ocrx_word' id='word_1_245' title='bbox 1183 1670 1290 1703; x_wconf 87' lang='lat' dir='ltr'>super</span> <span class='ocrx_word' id='word_1_246' title='bbox 1306 1658 1376 1701; x_wconf 84' lang='lat' dir='ltr'>hijs</span> <span class='ocrx_word' id='word_1_247' title='bbox 1392 1657 1610 1701; x_wconf 86' lang='lat' dir='ltr'>prouideret.</span> 
     </span>
    </p>

    <p class='ocr_par' dir='ltr' id='par_1_7' title="bbox 342 1711 1911 1761">
     <span class='ocr_line' id='line_1_27' title="bbox 342 1711 1911 1761; baseline -0.005 -5"><span class='ocrx_word' id='word_1_248' title='bbox 342 1721 416 1756; x_wconf 87' lang='lat' dir='ltr'>Hec</span> <span class='ocrx_word' id='word_1_249' title='bbox 430 1721 495 1755; x_wconf 90' lang='lat' dir='ltr'>sub</span> <span class='ocrx_word' id='word_1_250' title='bbox 511 1719 732 1755; x_wconf 83' lang='lat' dir='ltr'>correctione</span> <span class='ocrx_word' id='word_1_251' title='bbox 755 1721 790 1753; x_wconf 89' lang='lat' dir='ltr'>et</span> <span class='ocrx_word' id='word_1_252' title='bbox 815 1715 1084 1761; x_wconf 86' lang='lat' dir='ltr'>supportatione</span> <span class='ocrx_word' id='word_1_253' title='bbox 1101 1714 1263 1749; x_wconf 87' lang='lat' dir='ltr'>omnium</span> <span class='ocrx_word' id='word_1_254' title='bbox 1278 1713 1407 1748; x_wconf 86' lang='lat' dir='ltr'>melius</span> <span class='ocrx_word' id='word_1_255' title='bbox 1430 1712 1646 1757; x_wconf 76' lang='lat' dir='ltr'>sapientium</span> <span class='ocrx_word' id='word_1_256' title='bbox 1661 1711 1795 1757; x_wconf 85' lang='lat' dir='ltr'>scripta</span> <span class='ocrx_word' id='word_1_257' title='bbox 1816 1714 1911 1748; x_wconf 83' lang='lat' dir='ltr'>sunt.</span> 
     </span>
    </p>
   </div>
   <div class='ocr_carea' id='block_1_3' title="bbox 643 1783 1922 2375">
    <p class='ocr_par' dir='ltr' id='par_1_8' title="bbox 643 1783 1922 2375">
     <span class='ocr_line' id='line_1_28' title="bbox 643 1783 1912 1831; baseline -0.005 -7"><span class='ocrx_word' id='word_1_258' title='bbox 643 1788 835 1829; x_wconf 88' lang='lat' dir='ltr'>Carlerius,</span> <span class='ocrx_word' id='word_1_259' title='bbox 853 1788 984 1831; x_wconf 79' lang='lat' dir='ltr'>Sporta</span> <span class='ocrx_word' id='word_1_260' title='bbox 1007 1791 1039 1820; x_wconf 74' lang='lat' dir='ltr'>et</span> <span class='ocrx_word' id='word_1_261' title='bbox 1062 1784 1230 1830; x_wconf 78' lang='lat' dir='ltr'>sportula</span> <span class='ocrx_word' id='word_1_262' title='bbox 1254 1785 1561 1828; x_wconf 71' lang='lat' dir='ltr'>fraymentorum,</span> <span class='ocrx_word' id='word_1_263' title='bbox 1579 1784 1657 1818; x_wconf 80' lang='lat' dir='ltr'>decl</span> <span class='ocrx_word' id='word_1_264' title='bbox 1672 1783 1700 1825; x_wconf 87' lang='grc' dir='ltr'>Ι,</span> <span class='ocrx_word' id='word_1_265' title='bbox 1718 1783 1912 1819; x_wconf 80' lang='lat' dir='ltr'>verbande-</span> 
     </span>
     <span class='ocr_line' id='line_1_29' title="bbox 683 1837 1912 1888; baseline -0.005 -10"><span class='ocrx_word' id='word_1_266' title='bbox 683 1843 761 1888; x_wconf 87' lang='lat' dir='ltr'>ling</span> <span class='ocrx_word' id='word_1_267' title='bbox 778 1846 831 1878; x_wconf 84' lang='grc'>16.</span> <span class='ocrx_word' id='word_1_268' title='bbox 847 1861 890 1867; x_wconf 89' lang='grc'>-</span> <span class='ocrx_word' id='word_1_269' title='bbox 906 1841 968 1876; x_wconf 84' lang='lat' dir='ltr'>Dit</span> <span class='ocrx_word' id='word_1_270' title='bbox 989 1840 1072 1875; x_wconf 88' lang='lat' dir='ltr'>stuk</span> <span class='ocrx_word' id='word_1_271' title='bbox 1089 1851 1134 1874; x_wconf 89' lang='lat' dir='ltr'>en</span> <span class='ocrx_word' id='word_1_272' title='bbox 1157 1839 1284 1874; x_wconf 87' lang='lat' dir='ltr'>enkele</span> <span class='ocrx_word' id='word_1_273' title='bbox 1306 1838 1449 1879; x_wconf 86' lang='lat' dir='ltr'>andere,</span> <span class='ocrx_word' id='word_1_274' title='bbox 1467 1837 1526 1873; x_wconf 78' lang='lat' dir='ltr'>die</span> <span class='ocrx_word' id='word_1_275' title='bbox 1540 1837 1667 1873; x_wconf 85' lang='lat' dir='ltr'>verder</span> <span class='ocrx_word' id='word_1_276' title='bbox 1681 1837 1912 1878; x_wconf 86' lang='lat' dir='ltr'>voorkomen,</span> 
     </span>
     <span class='ocr_line' id='line_1_30' title="bbox 685 1892 1915 1936; baseline -0.005 -3"><span class='ocrx_word' id='word_1_277' title='bbox 685 1909 807 1933; x_wconf 83' lang='lat' dir='ltr'>waren</span> <span class='ocrx_word' id='word_1_278' title='bbox 822 1908 891 1932; x_wconf 75' lang='lat' dir='ltr'>aan</span> <span class='ocrx_word' id='word_1_279' title='bbox 907 1897 976 1931; x_wconf 87' lang='lat' dir='ltr'>den</span> <span class='ocrx_word' id='word_1_280' title='bbox 991 1896 1078 1930; x_wconf 86' lang='lat' dir='ltr'>heer</span> <span class='ocrx_word' id='word_1_281' title='bbox 1091 1894 1136 1929; x_wconf 91' lang='lat' dir='ltr'>H.</span> <span class='ocrx_word' id='word_1_282' title='bbox 1155 1894 1196 1929; x_wconf 91' lang='lat' dir='ltr'>G.</span> <span class='ocrx_word' id='word_1_283' title='bbox 1213 1894 1285 1928; x_wconf 85' lang='lat' dir='ltr'>Lea</span> <span class='ocrx_word' id='word_1_284' title='bbox 1301 1893 1500 1935; x_wconf 85' lang='lat' dir='ltr'>onbekend,</span> <span class='ocrx_word' id='word_1_285' title='bbox 1514 1895 1598 1928; x_wconf 85' lang='lat' dir='ltr'>toen</span> <span class='ocrx_word' id='word_1_286' title='bbox 1611 1893 1662 1936; x_wconf 83' lang='lat' dir='ltr'>hij</span> <span class='ocrx_word' id='word_1_287' title='bbox 1680 1894 1750 1936; x_wconf 87' lang='lat' dir='ltr'>zijn</span> <span class='ocrx_word' id='word_1_288' title='bbox 1764 1892 1915 1928; x_wconf 82' lang='lat' dir='ltr'>treffend</span> 
     </span>
     <span class='ocr_line' id='line_1_31' title="bbox 684 1947 1913 1993; baseline -0.006 -5"><span class='ocrx_word' id='word_1_289' title='bbox 684 1953 831 1988; x_wconf 78' lang='lat' dir='ltr'>tafereel</span> <span class='ocrx_word' id='word_1_290' title='bbox 859 1952 923 1986; x_wconf 88' lang='lat' dir='ltr'>der</span> <span class='ocrx_word' id='word_1_291' title='bbox 949 1951 1204 1993; x_wconf 82' lang='lat' dir='ltr'>eeuwenlange</span> <span class='ocrx_word' id='word_1_292' title='bbox 1231 1948 1486 1992; x_wconf 84' lang='lat' dir='ltr'>worstelingen</span> <span class='ocrx_word' id='word_1_293' title='bbox 1510 1947 1678 1983; x_wconf 85' lang='lat' dir='ltr'>tusschen</span> <span class='ocrx_word' id='word_1_294' title='bbox 1707 1947 1751 1982; x_wconf 84' lang='lat' dir='ltr'>de</span> <span class='ocrx_word' id='word_1_295' title='bbox 1780 1949 1913 1991; x_wconf 71' lang='lat' dir='ltr'>goeste-</span> 
     </span>
     <span class='ocr_line' id='line_1_32' title="bbox 686 2001 1922 2051; baseline -0.005 -9"><span class='ocrx_word' id='word_1_296' title='bbox 686 2007 839 2051; x_wconf 69' lang='lat' dir='ltr'>lijkheid</span> <span class='ocrx_word' id='word_1_297' title='bbox 853 2018 899 2041; x_wconf 88' lang='lat' dir='ltr'>en</span> <span class='ocrx_word' id='word_1_298' title='bbox 914 2006 958 2041; x_wconf 87' lang='lat' dir='ltr'>de</span> <span class='ocrx_word' id='word_1_299' title='bbox 974 2005 1150 2040; x_wconf 85' lang='lat' dir='ltr'>biddende</span> <span class='ocrx_word' id='word_1_300' title='bbox 1173 2003 1285 2038; x_wconf 90' lang='lat' dir='ltr'>orden</span> <span class='ocrx_word' id='word_1_301' title='bbox 1309 2003 1472 2038; x_wconf 86' lang='lat' dir='ltr'>schetste.</span> <span class='ocrx_word' id='word_1_302' title='bbox 1501 2002 1563 2038; x_wconf 88' lang='lat' dir='ltr'>Zie</span> <span class='ocrx_word' id='word_1_303' title='bbox 1585 2005 1675 2046; x_wconf 88' lang='lat' dir='ltr'>zijne</span> <span class='ocrx_word' id='word_1_304' title='bbox 1699 2001 1852 2046; x_wconf 72' lang='lat' dir='ltr'>History</span> <span class='ocrx_word' id='word_1_305' title='bbox 1877 2002 1922 2046; x_wconf 80' lang='lat' dir='ltr'>of</span> 
     </span>
     <span class='ocr_line' id='line_1_33' title="bbox 687 2056 1916 2105; baseline -0.005 -10"><span class='ocrx_word' id='word_1_306' title='bbox 687 2060 745 2095; x_wconf 78' lang='lat' dir='ltr'>the</span> <span class='ocrx_word' id='word_1_307' title='bbox 767 2061 991 2105; x_wconf 77' lang='lat' dir='ltr'>Inquisition</span> <span class='ocrx_word' id='word_1_308' title='bbox 1014 2060 1056 2092; x_wconf 77' lang='lat' dir='ltr'>in</span> <span class='ocrx_word' id='word_1_309' title='bbox 1081 2057 1138 2092; x_wconf 77' lang='lat' dir='ltr'>the</span> <span class='ocrx_word' id='word_1_310' title='bbox 1161 2056 1306 2091; x_wconf 75' lang='lat' dir='ltr'>Middle</span> <span class='ocrx_word' id='word_1_311' title='bbox 1328 2057 1435 2101; x_wconf 72' lang='lat' dir='ltr'>Ayes,</span> <span class='ocrx_word' id='word_1_312' title='bbox 1452 2056 1531 2091; x_wconf 89' lang='lat' dir='ltr'>deel</span> <span class='ocrx_word' id='word_1_313' title='bbox 1553 2056 1582 2098; x_wconf 89' lang='lat' dir='ltr'>I,</span> <span class='ocrx_word' id='word_1_314' title='bbox 1603 2056 1670 2091; x_wconf 91' lang='lat' dir='ltr'>blz.</span> <span class='ocrx_word' id='word_1_315' title='bbox 1700 2056 1855 2090; x_wconf 77' lang='lat'>278-294.</span> <span class='ocrx_word' id='word_1_316' title='bbox 1872 2073 1916 2081; x_wconf 93' lang='lat'><em>-</em></span> 
     </span>
     <span class='ocr_line' id='line_1_34' title="bbox 687 2110 1916 2155; baseline -0.004 -6"><span class='ocrx_word' id='word_1_317' title='bbox 687 2116 782 2149; x_wconf 88' lang='lat' dir='ltr'>Over</span> <span class='ocrx_word' id='word_1_318' title='bbox 799 2114 903 2150; x_wconf 87' lang='lat' dir='ltr'>Gillis</span> <span class='ocrx_word' id='word_1_319' title='bbox 921 2112 1058 2149; x_wconf 85' lang='lat' dir='ltr'>Carlier</span> <span class='ocrx_word' id='word_1_320' title='bbox 1081 2111 1132 2147; x_wconf 88' lang='lat' dir='ltr'>zie</span> <span class='ocrx_word' id='word_1_321' title='bbox 1155 2113 1265 2154; x_wconf 76' lang='lat' dir='ltr'>miJne</span> <span class='ocrx_word' id='word_1_322' title='bbox 1286 2110 1546 2155; x_wconf 86' lang='lat' dir='ltr'>verhandeling</span> <span class='ocrx_word' id='word_1_323' title='bbox 1568 2111 1622 2144; x_wconf 81' lang='lat' dir='ltr'>De</span> <span class='ocrx_word' id='word_1_324' title='bbox 1648 2124 1664 2138; x_wconf 74' lang='grc' dir='ltr'>ιι</span> <span class='ocrx_word' id='word_1_325' title='bbox 1681 2110 1812 2154; x_wconf 78' lang='lat' dir='ltr'>Sporta</span> <span class='ocrx_word' id='word_1_326' title='bbox 1828 2125 1845 2139; x_wconf 73' lang='lat' dir='ltr'>n</span> <span class='ocrx_word' id='word_1_327' title='bbox 1871 2120 1916 2144; x_wconf 75' lang='lat' dir='ltr'>en</span> 
     </span>
     <span class='ocr_line' id='line_1_35' title="bbox 689 2163 1916 2214; baseline -0.005 -11"><span class='ocrx_word' id='word_1_328' title='bbox 689 2184 704 2197; x_wconf 77' lang='lat' dir='ltr'><em>u</em></span> <span class='ocrx_word' id='word_1_329' title='bbox 727 2169 899 2214; x_wconf 76' lang='lat' dir='ltr'>Sportula</span> <span class='ocrx_word' id='word_1_330' title='bbox 922 2169 1217 2212; x_wconf 59' lang='lat' dir='ltr'>fragmentorum</span> <span class='ocrx_word' id='word_1_331' title='bbox 1236 2182 1251 2195; x_wconf 83' lang='lat'>„</span> <span class='ocrx_word' id='word_1_332' title='bbox 1280 2176 1354 2199; x_wconf 79' lang='lat' dir='ltr'>van</span> <span class='ocrx_word' id='word_1_333' title='bbox 1376 2165 1447 2199; x_wconf 76' lang='lat' dir='ltr'>den</span> <span class='ocrx_word' id='word_1_334' title='bbox 1468 2163 1771 2209; x_wconf 63' lang='lat' dir='ltr'>Kamertjy&#39;kschen</span> <span class='ocrx_word' id='word_1_335' title='bbox 1797 2164 1916 2198; x_wconf 79' lang='lat' dir='ltr'>deken</span> 
     </span>
     <span class='ocr_line' id='line_1_36' title="bbox 691 2217 1916 2266; baseline -0.004 -9"><span class='ocrx_word' id='word_1_336' title='bbox 691 2223 804 2259; x_wconf 70' lang='lat' dir='ltr'>Gillis</span> <span class='ocrx_word' id='word_1_337' title='bbox 822 2222 975 2263; x_wconf 66' lang='lat' dir='ltr'>Carlier,</span> <span class='ocrx_word' id='word_1_338' title='bbox 988 2221 1148 2266; x_wconf 72' lang='lat' dir='ltr'>yedrukt</span> <span class='ocrx_word' id='word_1_339' title='bbox 1165 2226 1196 2254; x_wconf 79' lang='lat' dir='ltr'>te</span> <span class='ocrx_word' id='word_1_340' title='bbox 1210 2219 1360 2254; x_wconf 80' lang='lat' dir='ltr'>Brussel</span> <span class='ocrx_word' id='word_1_341' title='bbox 1375 2221 1416 2252; x_wconf 79' lang='lat' dir='ltr'>in</span> <span class='ocrx_word' id='word_1_342' title='bbox 1433 2219 1478 2253; x_wconf 84' lang='lat' dir='ltr'>de</span> <span class='ocrx_word' id='word_1_343' title='bbox 1481 2220 1599 2263; x_wconf 77' lang='lat' dir='ltr'>jaren</span> <span class='ocrx_word' id='word_1_344' title='bbox 1614 2218 1697 2253; x_wconf 71' lang='lat'>4478</span> <span class='ocrx_word' id='word_1_345' title='bbox 1708 2229 1754 2253; x_wconf 78' lang='lat' dir='ltr'>en</span> <span class='ocrx_word' id='word_1_346' title='bbox 1767 2218 1862 2260; x_wconf 77' lang='lat'><strong><em>4479,</em></strong></span> <span class='ocrx_word' id='word_1_347' title='bbox 1877 2217 1916 2253; x_wconf 92' lang='lat' dir='ltr'>in</span> 
     </span>
     <span class='ocr_line' id='line_1_37' title="bbox 687 2272 1913 2320; baseline -0.002 -8"><span class='ocrx_word' id='word_1_348' title='bbox 687 2278 750 2313; x_wconf 84' lang='lat' dir='ltr'>het</span> <span class='ocrx_word' id='word_1_349' title='bbox 771 2277 930 2320; x_wconf 78' lang='lat' dir='ltr'>Archief</span> <span class='ocrx_word' id='word_1_350' title='bbox 941 2287 1028 2311; x_wconf 84' lang='lat' dir='ltr'>voor</span> <span class='ocrx_word' id='word_1_351' title='bbox 1043 2273 1346 2310; x_wconf 74' lang='lat' dir='ltr'>NederZandsche</span> <span class='ocrx_word' id='word_1_352' title='bbox 1368 2273 1732 2319; x_wconf 72' lang='lat' dir='ltr'>Kerkyeschiedenis,</span> <span class='ocrx_word' id='word_1_353' title='bbox 1749 2273 1828 2310; x_wconf 78' lang='lat' dir='ltr'>decl</span> <span class='ocrx_word' id='word_1_354' title='bbox 1849 2272 1913 2315; x_wconf 85' lang='grc' dir='ltr'>ΠΙ,</span> 
     </span>
     <span class='ocr_line' id='line_1_38' title="bbox 687 2333 990 2375; baseline -0.003 -7"><span class='ocrx_word' id='word_1_355' title='bbox 687 2334 753 2369; x_wconf 92' lang='lat' dir='ltr'>blz.</span> <span class='ocrx_word' id='word_1_356' title='bbox 773 2336 850 2369; x_wconf 86' lang='lat'>1-31</span> <span class='ocrx_word' id='word_1_357' title='bbox 868 2333 990 2375; x_wconf 88' lang='grc'>(1888).</span> 
     </span>
    </p>
   </div>
   <div class='ocr_carea' id='block_1_4' title="bbox 1041 2444 1164 2489">
    <p class='ocr_par' dir='ltr' id='par_1_9' title="bbox 1041 2444 1164 2489">
     <span class='ocr_line' id='line_1_39' title="bbox 1041 2444 1164 2489; baseline -0.008 0"><span class='ocrx_word' id='word_1_358' title='bbox 1041 2444 1164 2489; x_wconf 85' lang='grc'><strong>290.</strong></span> 
     </span>
    </p>
   </div>
   <div class='ocr_carea' id='block_1_5' title="bbox 303 2568 1914 2771">
    <p class='ocr_par' dir='ltr' id='par_1_10' title="bbox 303 2568 1914 2771">
     <span class='ocr_line' id='line_1_40' title="bbox 366 2568 1914 2627; baseline -0.008 -5"><span class='ocrx_word' id='word_1_359' title='bbox 366 2578 623 2622; x_wconf 78' lang='lat' dir='ltr'>Omstreeks</span> <span class='ocrx_word' id='word_1_360' title='bbox 651 2576 788 2627; x_wconf 87' lang='grc'><em>1448,</em></span> <span class='ocrx_word' id='word_1_361' title='bbox 822 2575 946 2618; x_wconf 78' lang='lat' dir='ltr'>Gent.</span> <span class='ocrx_word' id='word_1_362' title='bbox 973 2573 1152 2616; x_wconf 84' lang='lat' dir='ltr'>Oordeel</span> <span class='ocrx_word' id='word_1_363' title='bbox 1184 2585 1268 2614; x_wconf 87' lang='lat' dir='ltr'>van</span> <span class='ocrx_word' id='word_1_364' title='bbox 1293 2570 1375 2613; x_wconf 87' lang='lat' dir='ltr'>den</span> <span class='ocrx_word' id='word_1_365' title='bbox 1396 2569 1754 2627; x_wconf 86' lang='lat' dir='ltr'>Kamerijkschen</span> <span class='ocrx_word' id='word_1_366' title='bbox 1775 2568 1914 2611; x_wconf 87' lang='lat' dir='ltr'>deken</span> 
     </span>
     <span class='ocr_line' id='line_1_41' title="bbox 303 2636 1913 2701; baseline -0.006 -11"><span class='ocrx_word' id='word_1_367' title='bbox 303 2647 481 2697; x_wconf 84' lang='lat' dir='ltr'>Carlier‚</span> <span class='ocrx_word' id='word_1_368' title='bbox 507 2660 557 2701; x_wconf 92' lang='lat' dir='ltr'>op</span> <span class='ocrx_word' id='word_1_369' title='bbox 581 2658 801 2700; x_wconf 82' lang='lat' dir='ltr'>aanvraag</span> <span class='ocrx_word' id='word_1_370' title='bbox 823 2644 899 2685; x_wconf 88' lang='lat' dir='ltr'>der</span> <span class='ocrx_word' id='word_1_371' title='bbox 920 2642 1153 2685; x_wconf 84' lang='lat' dir='ltr'>vicarissen</span> <span class='ocrx_word' id='word_1_372' title='bbox 1177 2654 1262 2683; x_wconf 85' lang='lat' dir='ltr'>van</span> <span class='ocrx_word' id='word_1_373' title='bbox 1284 2640 1367 2682; x_wconf 89' lang='lat' dir='ltr'>den</span> <span class='ocrx_word' id='word_1_374' title='bbox 1398 2638 1597 2694; x_wconf 80' lang='lat' dir='ltr'>bissehop</span> <span class='ocrx_word' id='word_1_375' title='bbox 1619 2651 1703 2680; x_wconf 88' lang='lat' dir='ltr'>van</span> <span class='ocrx_word' id='word_1_376' title='bbox 1725 2636 1913 2680; x_wconf 87' lang='lat' dir='ltr'>Doornik</span> 
     </span>
     <span class='ocr_line' id='line_1_42' title="bbox 305 2705 1914 2771; baseline -0.007 -13"><span class='ocrx_word' id='word_1_377' title='bbox 305 2714 592 2771; x_wconf 85' lang='lat' dir='ltr'>uitgebracht‚</span> <span class='ocrx_word' id='word_1_378' title='bbox 620 2727 723 2756; x_wconf 85' lang='lat' dir='ltr'>over</span> <span class='ocrx_word' id='word_1_379' title='bbox 755 2713 941 2768; x_wconf 84' lang='lat' dir='ltr'>hetgeen</span> <span class='ocrx_word' id='word_1_380' title='bbox 974 2724 1021 2753; x_wconf 85' lang='lat' dir='ltr'>er</span> <span class='ocrx_word' id='word_1_381' title='bbox 1056 2712 1101 2753; x_wconf 86' lang='lat' dir='ltr'>te</span> <span class='ocrx_word' id='word_1_382' title='bbox 1136 2709 1246 2753; x_wconf 88' lang='lat' dir='ltr'>doen</span> <span class='ocrx_word' id='word_1_383' title='bbox 1285 2710 1400 2751; x_wconf 84' lang='lat' dir='ltr'>staat</span> <span class='ocrx_word' id='word_1_384' title='bbox 1431 2709 1518 2750; x_wconf 85' lang='lat' dir='ltr'>met</span> <span class='ocrx_word' id='word_1_385' title='bbox 1554 2719 1689 2750; x_wconf 84' lang='lat' dir='ltr'>eenen</span> <span class='ocrx_word' id='word_1_386' title='bbox 1727 2705 1914 2748; x_wconf 88' lang='lat' dir='ltr'>minder-</span> 
     </span>
    </p>
   </div>
   <div class='ocr_carea' id='block_1_6' title="bbox 348 2864 1438 2970">
    <p class='ocr_par' dir='ltr' id='par_1_11' title="bbox 348 2864 1438 2970">
     <span class='ocr_line' id='line_1_43' title="bbox 348 2864 1438 2914; baseline -0.006 -9"><span class='ocrx_word' id='word_1_387' title='bbox 348 2872 393 2913; x_wconf 89' lang='grc'>(1)</span> <span class='ocrx_word' id='word_1_388' title='bbox 417 2869 550 2914; x_wconf 88' lang='lat' dir='ltr'>Hierop</span> <span class='ocrx_word' id='word_1_389' title='bbox 565 2870 694 2914; x_wconf 83' lang='lat' dir='ltr'>volgen</span> <span class='ocrx_word' id='word_1_390' title='bbox 710 2867 946 2913; x_wconf 87' lang='lat' dir='ltr'>godgeleerde</span> <span class='ocrx_word' id='word_1_391' title='bbox 960 2865 1218 2911; x_wconf 86' lang='lat' dir='ltr'>uitweidingen</span> <span class='ocrx_word' id='word_1_392' title='bbox 1234 2876 1279 2901; x_wconf 84' lang='lat' dir='ltr'>en</span> <span class='ocrx_word' id='word_1_393' title='bbox 1294 2864 1438 2901; x_wconf 78' lang='lat' dir='ltr'>citaten.</span> 
     </span>
     <span class='ocr_line' id='line_1_44' title="bbox 349 2923 971 2970; baseline -0.008 -8"><span class='ocrx_word' id='word_1_394' title='bbox 349 2928 393 2969; x_wconf 82' lang='lat'>(2)</span> <span class='ocrx_word' id='word_1_395' title='bbox 416 2926 535 2962; x_wconf 80' lang='lat' dir='ltr'>Zelfde</span> <span class='ocrx_word' id='word_1_396' title='bbox 550 2923 763 2970; x_wconf 86' lang='lat' dir='ltr'>opmerking</span> <span class='ocrx_word' id='word_1_397' title='bbox 778 2923 830 2959; x_wconf 84' lang='lat' dir='ltr'>als</span> <span class='ocrx_word' id='word_1_398' title='bbox 845 2924 971 2958; x_wconf 88' lang='lat' dir='ltr'>boven.</span> 
     </span>
    </p>
   </div>
  </div>
 </body>
</html>
