2097 3466
708 259 840 293 ANNO
868 261 978 299 1510,
1008 260 1105 293 1511
1671 259 1732 289 4029

95 354 238 398 qualem
268 355 440 398 optabant
470 359 630 399 tempora
662 353 725 388 illa
757 358 969 389 novatorum
1001 352 1157 387 motibus
1185 356 1219 385 et
1251 350 1435 386 eri-ovibu>=
1466 348 1727 394 pulullantibus

96 409 434 444 tumultuosissima.

212 463 311 499 Obiit
326 465 421 508 apud
438 476 520 499 suos
537 463 707 499 Coloniae
726 473 787 498 xxi
805 462 972 497 Januarii
990 460 1219 502 MDxxvn,
1244 460 1305 495 ubi
1325 463 1360 495 et
1383 461 1554 504 sepultus,

449 540 575 582 Quetif
594 551 638 574 en
664 528 818 580 Echard,
847 539 1048 583 Scriptores
1072 538 1218 571 ordinis
1242 536 1559 581 praedicatorum,
1579 536 1658 570 dcel
1683 534 1728 576 II,

495 597 559 631 blz.
578 599 631 630 (Π.
646 615 689 620 -
706 595 767 630 Zie
784 595 854 630 ook
871 595 939 630 hoe
954 594 1220 639 Hoogstraten's
1238 593 1406 635 vijanden
1423 603 1508 627 over
1524 592 1606 626 hem
1622 589 1728 627 dach-

494 656 566 693 ten,
585 651 720 693 aldaar,
741 651 806 685 blz.
829 652 872 685 70
887 661 932 685 en
949 652 1002 684 71.

862 776 984 821 410.

175 907 314 959 1510,
355 905 546 949 Keulen.
575 903 910 961 Aanteekening
941 917 1046 947 over
1077 903 1160 947 den
1192 902 1451 960 predikheer
1489 899 1620 945 Jacob
1653 913 1739 944 van

105 977 416 1033 Hoogstraten,
444 974 512 1017 die
534 974 598 1016 als
621 973 878 1029 inquisiteur
901 987 1005 1016 over·
1039 973 1091 1016 de
1125 971 1515 1016 aar-tsbisdommen
1550 970 1738 1021 Keulen‚

106 1046 248 1089 Mainz
287 1059 340 1087 en
379 1044 501 1086 Trier
539 1043 684 1086 werdt
718 1042 976 1098 aangesteld
1014 1056 1067 1084 en
1107 1055 1155 1086 er
1199 1055 1276 1084 een
1318 1040 1486 1097 werkje
1526 1042 1656 1096 tegen
1690 1038 1743 1080 de

106 1114 276 1159 ketters
308 1112 496 1169 schrijft.

154 1238 281 1274 Patres
296 1236 434 1273 ordinis
451 1236 797 1280 praedicatorum...
831 1236 1020 1282 [Jacobum
1039 1233 1299 1278 Hocstratum],
1318 1233 1437 1269 virum
1454 1234 1498 1269 de
1521 1232 1747 1269 fraternitate

110 1297 145 1329 et
175 1292 410 1328 universitate
441 1291 647 1326 Coloniensi
686 1292 820 1335 optime
851 1291 1034 1332 meritum,
1069 1292 1145 1334 (per
1184 1289 1445 1331 Coloniensem,
1479 1289 1746 1333 Maguntinam,

111 1349 369 1384 Treverensem
386 1346 602 1391 provincias)
619 1347 664 1390 (1)
689 1346 941 1390 inquisitorem
965 1346 1170 1381 haereticae
1194 1344 1381 1389 pravitatis
1405 1355 1500 1378 anno
1519 1346 1603 1378 1510
1626 1347 1747 1378 aucto-

111 1403 220 1439 ritate
235 1401 433 1447 apostolica
449 1401 697 1436 instituerunt.
717 1401 904 1436 Generalis
921 1401 1003 1436 fidei
1027 1412 1154 1435 censor
1170 1412 1212 1434 ac
1229 1399 1412 1443 quaesitor
1429 1403 1468 1434 ut
1484 1399 1579 1443 quod
1595 1398 1750 1434 tuendae

112 1457 303 1502 religionis
326 1456 546 1492 christianae
570 1456 719 1492 haberet
746 1456 906 1491 studium
922 1455 1088 1491 omnibus
1112 1455 1341 1499 patefaceret,
1362 1468 1376 1481 u
1397 1458 1586 1499 postquam
1612 1455 1749 1498 aliquot

116 1528 132 1542 n
151 1511 227 1547 dies
244 1511 472 1546 salutiferum
489 1511 739 1555 Inquisitionis
762 1511 966 1547 haereticae
989 1510 1177 1555 pravitatis
1193 1509 1354 1544 officium
1378 1509 1539 1544 humeris
1556 1509 1751 1545 admodum

118 1583 135 1596 w
153 1566 288 1602 teneris
319 1570 355 1601 et
385 1566 604 1601 arduitatem
635 1567 727 1601 tanti
768 1566 903 1610 negotii
935 1565 1254 1600 reformidantibus
1285 1563 1492 1599 obedientia
1522 1563 1751 1608 superiorum

118 1639 134 1652 n
153 1625 307 1667 urgente
323 1624 533 1663 accesserat,
552 1633 623 1656 non
642 1624 781 1665 poterat
801 1621 988 1665 pestiferas
1012 1619 1195 1655 Samsonis
1212 1620 1336 1663 vulpes
1357 1630 1507 1654 messem
1526 1618 1753 1654 Dominicam

121 1695 137 1708 n
155 1678 344 1713 devastare
360 1677 549 1712 molientes
565 1689 637 1712 non
653 1677 883 1721 investigare.
906 1694 920 1706 u
938 1678 983 1719 (2)
1002 1677 1123 1717 Quare
1138 1676 1303 1711 libellum
1325 1676 1460 1710 Contra
1472 1679 1632 1719 petentes
1649 1677 1755 1708 auxi-

118 1733 213 1766 lium
230 1744 253 1766 a
272 1732 451 1776 maleficis
469 1744 564 1767 anno
584 1735 668 1768 1510
685 1732 809 1767 edidit.

471 1809 516 1844 H.
536 1809 719 1850 Cremans,
740 1810 793 1843 De
808 1808 936 1843 Jacobz·
952 1807 1167 1843 Hochstracz‘
1185 1810 1261 1842 vita
1281 1812 1312 1842 et
1336 1810 1483 1853 scriptis
1500 1808 1757 1842 commentatio

513 1863 702 1905 historica,
722 1864 788 1898 blz.
810 1866 849 1898 15
865 1875 910 1898 en
929 1866 970 1898 16
992 1863 1109 1906 (Bonn
1135 1864 1244 1906 1369).
1272 1863 1324 1898 De
1346 1862 1534 1905 schrijver‚
1551 1862 1610 1897 die
1634 1862 1756 1897 breed-

516 1918 644 1963 voerig
666 1919 735 1954 den
760 1919 863 1961 strijd
886 1930 956 1954 van
979 1919 1092 1953 Jacob
1115 1930 1186 1953 van
1211 1918 1452 1963 Hoogstraten
1474 1921 1582 1962 tegen
1607 1917 1756 1958 Luther,

515 1973 699 2009 Reuchlin
728 1986 774 2009 en
805 1975 850 2009 de
881 1974 1112 2009 humanisten
1143 1973 1353 2015 bellandelt‚
1394 1974 1491 2018 geeft
1519 1973 1651 2008 slechts
1681 1984 1760 2008 zeer

520 2029 767 2073 onduideli'Jke
785 2029 972 2064 berichten
988 2040 1074 2064 over
1089 2030 1180 2072 zijne
1198 2029 1447 2073 bemoeiingen
1467 2029 1520 2063 als
1542 2028 1760 2072 inquisiteur

517 2084 554 2118 in
580 2085 625 2119 de
650 2085 914 2120 Nederlanden.
944 2084 1005 2118 Zie
1028 2085 1204 2119 daarover
1227 2084 1271 2119 de
1293 2084 1440 2126 talrijke
1467 2083 1760 2128 mededeclingen

520 2151 590 2174 van
609 2140 708 2174 Prof.
727 2140 771 2175 de
797 2140 900 2184 Hoop
918 2139 1078 2174 Scheffer
1102 2140 1139 2174 in
1162 2142 1253 2183 zijne
1273 2139 1531 2174 Gcschz'edcnis
1557 2141 1624 2173 der
1644 2139 1761 2173 Kerk-

521 2194 648 2229 heroo>
660 2197 765 2239 ming)
780 2197 818 2228 in
831 2195 1053 2229 chcrland
1068 2207 1137 2229 ran
1155 2194 1252 2229 haar
1264 2199 1435 2229 ontslaam
1449 2200 1497 2229 tot
1514 2196 1610 2236 1531,
1624 2195 1689 2228 blz.
1706 2196 1759 2234 57,

522 2251 596 2291 153,
618 2251 692 2290 183,
713 2252 789 2291 330,
813 2261 887 2284 enz.
904 2268 949 2273 —
973 2249 1024 2284 De
1051 2249 1268 2292 inquisiteiu·
1291 2249 1402 2284 Jacob
1426 2261 1496 2284 van
1521 2249 1762 2293 Hoogstraten

521 2304 630 2340 stierf
644 2309 678 2340 te
695 2305 848 2347 Keulen,
865 2305 936 2340 den
952 2307 991 2339 21
1010 2305 1163 2340 Januari
1181 2307 1275 2340 1527.

893 2433 985 2476 411
994 2464 1003 2474 .

200 2555 345 2608 1511,
364 2554 523 2599 Maart
559 2557 601 2606 1,
627 2556 785 2600 Rome.
821 2556 900 2599 Bul
933 2570 1018 2600 van
1048 2555 1188 2599 Julius
1216 2555 1270 2606 II,
1299 2554 1481 2612 waarbij
1516 2554 1594 2611 hij,
1632 2554 1768 2598 onder

133 2624 342 2677 anderen,
371 2637 481 2667 naar
504 2624 636 2668 ouder
664 2628 895 2681 gewoonte
919 2626 960 2668 al
994 2625 1046 2668 de
1076 2624 1244 2668 ketters
1276 2628 1364 2668 met
1395 2624 1543 2668 hunne
1576 2624 1769 2668 aanhan-

136 2707 238 2751 gers
260 2693 305 2736 in
327 2693 411 2736 den
435 2692 519 2737 ban
537 2694 614 2737 der
635 2694 758 2738 Kerk
780 2695 908 2738 slaat.

181 2834 227 2875 (l)
251 2832 314 2869 Zie
332 2833 517 2874 emmaus,
533 2833 599 2868 blz.
620 2836 673 2868 31.

181 2890 228 2931 (2)
252 2888 312 2924 Dit
335 2890 406 2931 ziJn
434 2887 702 2932 Hoogstra'ten's
724 2887 852 2933 eigene
880 2888 1049 2924 woordcn
1073 2888 1111 2923 in
1134 2890 1202 2930 zijn
1234 2889 1369 2934 werkje
1400 2889 1534 2925 Contra
1559 2895 1772 2934 quaerentes

142 2944 332 2979 auxilium
351 2957 373 2979 ιι
393 2943 571 2988 17zaleficis
588 2945 741 2988 (Keulen
758 2946 866 2987 1510).
