2097 3466
335 258 397 291 163
1014 255 1146 290 ANNO
1173 257 1272 290 1311

333 352 463 384 statum
480 348 591 382 foveri
614 350 649 383 et
672 349 717 383 ad
734 348 850 392 ipsum
867 347 1128 391 suscipiendam
1144 347 1266 383 induci
1283 347 1465 391 dicuntur,
1483 350 1549 384 sub
1573 348 1682 384 simili
1707 350 1949 386 excommuni-

333 402 483 437 cationis
499 414 589 445 pena
605 413 711 444 quam
728 414 769 436 eo
785 402 860 445 ipso
873 403 967 445 quod
983 414 1082 436 secus
1098 402 1249 446 egerint,
1267 414 1304 437 se
1328 403 1492 438 noverint
1509 404 1725 445 incursuros
1744 404 1942 440 districtius

335 457 548 494 inhibemuS,
569 467 610 489 ne
629 457 795 490 mulieres
811 457 947 499 aliquas
966 456 1164 499 predictum
1176 460 1320 496 statum,
1339 460 1380 492 ut
1392 457 1622 501 premittitur,
1640 459 1775 492 dudum
1792 470 1949 504 assump-

333 516 406 546 tum
424 515 596 545 sectantes
612 515 675 545 aut
690 510 805 553 ipsum
822 511 865 544 de
882 522 972 543 novo
991 510 1138 544 forsitan
1163 514 1381 545 assumentes
1398 513 1719 556 quomodocunque
1743 513 1947 556 admittant,

334 566 417 609 ipsis
441 576 547 607 super
572 576 614 598 eo
630 565 796 598 sectando
824 565 878 598 vel
903 565 1114 599 assumendo
1131 565 1315 607 prebentes
1332 566 1405 600 ullo
1423 567 1527 601 modo
1551 568 1752 610 consilium,
1771 570 1948 605 auxilium

332 622 386 654 vel
406 621 574 657 savorem.
591 620 689 653 nullo
706 622 829 652 eontra
846 618 1016 661 premissa
1033 618 1222 661 privilegio
1239 619 1406 654 valituro.

376 676 468 709 Sane
496 686 558 717 per
586 674 743 717 predicta
772 673 958 716 prohibere
988 685 1211 716 nequaquam
1240 674 1459 709 intendimus
1486 676 1573 719 quin
1605 677 1632 710 si
1666 676 1801 712 fuerint
1828 678 1949 714 fideles

332 730 451 773 alique.
468 729 635 762 mulieres
648 739 727 771 que,
746 727 919 770 promissa
935 727 1153 762 continentia
1170 729 1226 762 vel
1241 728 1350 763 etiam
1368 741 1439 763 non
1455 730 1639 773 promissa,
1658 731 1805 767 honeste
1820 731 1859 766 in
1875 732 1949 767 suis

334 787 581 819 conversantes
594 782 755 826 hospitiis
774 781 1004 825 penitentiam
1018 793 1125 825 agere
1139 783 1318 818 voluerint
1334 787 1368 818 et
1384 784 1557 819 virtutum
1575 785 1728 821 Domino
1744 786 1782 821 in
1803 786 1948 822 humili-

333 839 414 875 tatis
427 839 554 884 spiritu
571 837 761 877 deservire,
777 837 844 871 hoc
860 837 992 871 eisdem
1008 837 1115 872 liceat
1130 840 1237 880 prout
1254 839 1426 873 Dominus
1440 839 1524 883 ipsis
1541 840 1742 884 inspirabit.

682 922 958 957 Constitutiones
989 922 1243 966 C'Zementinae,
1270 924 1348 960 Lib.
1374 925 1438 968 111,
1465 925 1576 962 Titul.
1606 926 1671 969 XI,
1697 927 1758 962 fol.
1788 929 1829 963 48
1848 939 1949 965 verso

723 987 766 1011 en
783 979 836 1011 49.

1087 1081 1197 1126 172.

397 1221 534 1272 1311,
569 1219 837 1270 November,
887 1219 1065 1264 Vienne.
1101 1221 1301 1264 Statuten
1334 1235 1418 1264 van
1456 1222 1652 1265 Clemens
1690 1221 1745 1274 V,
1781 1226 1868 1268 met
1899 1224 1952 1267 de

333 1290 629 1348 goedkeuring
650 1303 734 1331 van
759 1289 835 1332 het
856 1289 1093 1344 Algemeen
1111 1288 1299 1332 Concilie
1324 1291 1668 1347 uitgevaardigd,
1695 1292 1874 1351 waarbij
1899 1292 1952 1336 de

331 1360 567 1416 ketterijen
592 1371 676 1400 van
709 1357 760 1399 de
783 1361 899 1399 secte
928 1357 1004 1399 der
1033 1357 1287 1412 Beggarden
1321 1372 1374 1400 en
1404 1360 1617 1417 BegiJnen
1639 1360 1715 1403 der
1747 1361 1952 1405 Duitsche

334 1430 491 1473 landen
529 1427 807 1470 veroordeeld
851 1426 1029 1468 worden
1071 1440 1123 1469 en
1162 1428 1310 1469 hunne
1351 1429 1710 1486 onderdrukking
1752 1429 1858 1474 door
1899 1429 1953 1474 de

332 1497 556 1553 Inquisitie
578 1496 759 1539 bevolen
792 1495 949 1540 wordt.
976 1517 1033 1525 --
1067 1498 1126 1539 De
1148 1510 1255 1552 paus
1286 1501 1400 1554 zegt,
1427 1498 1500 1542 dat
1522 1513 1571 1542 er
1591 1500 1636 1542 in
1667 1500 1719 1541 de
1751 1499 1953 1543 Duitsche

332 1568 493 1611 landen
509 1567 674 1611 ketters
692 1581 775 1610 van
792 1567 888 1609 dien
908 1580 1050 1618 naam,
1074 1581 1261 1611 mannen
1275 1583 1329 1611 en
1344 1583 1568 1623 vrouwen,
1589 1570 1676 1628 zijn
1693 1576 1949 1626 opgestaan,

333 1639 400 1681 die
433 1638 527 1681 veel
558 1638 759 1693 dolingen
793 1637 1105 1692 verkondigen‚
1144 1651 1352 1681 waarvan
1383 1638 1443 1696 hij
1479 1653 1527 1681 er
1558 1640 1659 1682 acht
1698 1641 1866 1696 opsomt
1897 1652 1951 1683 en

329 1708 490 1764 bondig
511 1708 736 1763 weerlegt.
765 1708 948 1750 Daarom
969 1705 1242 1749 veroordeelt
1264 1706 1322 1763 hij
1344 1710 1430 1750 met
1452 1707 1531 1750 het
1553 1707 1739 1751 Concilio
1763 1708 1815 1751 de
1833 1711 1951 1752 secte

332 1789 386 1818 en
409 1775 515 1818 hare
537 1775 754 1831 dolingen.
782 1776 842 1818 De
865 1774 1148 1830 bisschoppen
1183 1788 1237 1816 en
1259 1774 1311 1817 de
1333 1775 1611 1830 inquisiteurs
1644 1775 1719 1818 der
1739 1774 1952 1819 besmette

332 1846 555 1899 gewesten
589 1843 731 1886 zullen
765 1856 844 1886 een
877 1842 1031 1897 scherp
1065 1842 1309 1885 onderzoek
1339 1846 1470 1899 tegen
1504 1843 1571 1886 die
1603 1842 1862 1899 Beggarden
1895 1856 1951 1886 en

331 1911 541 1968 BegiJ'nen
574 1911 777 1955 instellen
811 1925 864 1954 en
897 1911 948 1954 de
971 1911 1224 1967 plichtigen‚
1261 1911 1327 1953 die
1359 1911 1524 1955 zouden
1556 1912 1776 1969 weigeren
1800 1912 1950 1956 hunne

332 1981 568 2038 ketterijen
590 1981 638 2024 af
655 1986 700 2025 te
721 1994 912 2033 zweren,
939 1979 1182 2038 behoorlijk
1205 1979 1402 2024 straffen.

376 2106 432 2141 Ad
449 2109 621 2148 nostrum,
640 2105 701 2150 qui
718 2106 961 2141 desideranter
983 2106 1022 2141 in
1045 2106 1137 2141 votis
1159 2105 1319 2151 gerimus
1345 2108 1386 2141 ut
1409 2105 1494 2140 fides
1518 2104 1696 2140 catholica
1710 2106 1839 2140 nostris
1854 2116 1952 2150 pros-

334 2172 386 2195 ae:
512 2161 714 2204 emporibus
729 2164 764 2196 ct
780 2162 938 2204 pravitas
960 2161 1119 2196 heretica
1146 2162 1189 2196 de
1217 2160 1347 2196 finibus
1375 2160 1534 2195 fidelium
1561 2160 1770 2204 extirpetur,
1788 2172 1860 2196 non
1875 2160 1952 2197 sine

333 2232 365 2251 u„
488 2216 559 2251 itia
575 2217 705 2261 grandi
721 2217 883 2260 pervenit
897 2217 1072 2257 auditum,
1092 2217 1186 2260 quod
1203 2219 1299 2252 secta
1322 2217 1474 2260 quedam
1490 2216 1767 2251 abhominabilis
1782 2227 1949 2260 quorum-

333 2271 415 2306 dam
428 2271 615 2306 hominum
631 2271 873 2315 malignorum
891 2271 953 2314 qui
970 2270 1151 2315 Beguardi
1168 2274 1203 2306 et
1218 2272 1455 2315 quarumdam
1466 2270 1666 2306 infidelium
1677 2271 1871 2306 mulierum
1883 2282 1953 2315 que

333 2326 495 2370 Beguine
511 2326 710 2370 vulgariter
725 2326 964 2370 appellantur,
989 2325 1028 2360 in
1050 2337 1163 2370 regno
1187 2325 1384 2367 Alemanie,
1402 2328 1618 2370 procurante
1640 2327 1758 2360 satore
1773 2325 1952 2360 malorum

330 2393 490 2426 operum,
509 2381 764 2417 damnabiliter
779 2381 976 2416 insurrexit
999 2384 1122 2416 tenens
1138 2384 1173 2416 et
1189 2392 1348 2416 asserens
1362 2380 1526 2416 doctrina
1541 2392 1607 2416 sua
1622 2380 1800 2425 sacrilega
1821 2383 1857 2416 et
1871 2391 1949 2425 per-

327 2449 430 2472 versa
460 2436 612 2471 inferius
638 2437 842 2481 designatos
873 2448 1024 2472 errores.
1043 2436 1168 2471 Primo
1195 2436 1362 2471 videlicet
1389 2436 1484 2480 quod
1510 2436 1617 2470 homo
1641 2435 1681 2470 in
1703 2435 1778 2471 vita
1793 2435 1951 2479 presenti.

328 2494 468 2526 tantum
484 2494 519 2526 et
534 2492 641 2527 talem
652 2491 881 2535 perfectionis
893 2492 1046 2536 gradum
1059 2494 1173 2535 potest
1182 2491 1369 2535 acquirere
1379 2491 1474 2534 quod
1484 2491 1654 2526 reddetur
1669 2489 1810 2534 penitus
1819 2489 1950 2534 impec-

326 2547 451 2582 cabilis
467 2549 502 2581 et
517 2546 672 2590 amplius
692 2546 730 2581 in
754 2546 874 2591 gratia
889 2547 1064 2590 proficere
1080 2558 1152 2581 non
1167 2545 1301 2581 valebit
1315 2559 1324 2589 ς
1343 2557 1438 2587 nam,
1456 2548 1496 2580 ut
1511 2544 1656 2586 dicitur,
1671 2544 1701 2580 si
1718 2545 1798 2589 quis
1810 2555 1950 2590 semper

330 2605 445 2646 posset
460 2602 644 2645 perficere,
664 2605 779 2645 posset
795 2601 926 2645 aliquis
943 2600 1084 2636 Christo
1101 2600 1294 2645 profectior
1306 2599 1473 2635 inveniri.
1489 2599 1665 2641 Secundo,
1680 2600 1775 2643 quod
1781 2601 1951 2645 jejunare

331 2668 403 2691 non
419 2659 558 2700 oportet
580 2655 763 2691 hominem
779 2667 845 2690 nee
861 2666 976 2696 orare,
995 2657 1181 2699 postquam
1206 2654 1359 2699 gradum
1376 2653 1604 2697 perfectionis
1618 2652 1825 2697 hujusmodi
1839 2652 1950 2688 fuerit

326 2714 519 2751 assecutus,
539 2710 623 2754 quia
638 2713 725 2745 tunc
740 2709 951 2745 sensualitas
967 2712 1019 2744 est
1042 2709 1094 2744 ita
1117 2709 1272 2753 perfecte
1295 2708 1438 2752 spiritui
1458 2710 1494 2743 et
1515 2707 1648 2743 rationi
1664 2709 1835 2753 subjecta,
1853 2709 1950 2752 quod.

323 2767 430 2800 homo
458 2769 572 2809 potest
605 2766 717 2800 libere
747 2765 889 2808 corpori
921 2765 1115 2799 concedere
1146 2763 1318 2808 quicquid
1348 2764 1475 2807 placet.
1509 2763 1644 2805 Tertio,
1678 2763 1774 2807 quod
1802 2761 1858 2798 illi
1885 2762 1948 2806 qui

322 2824 405 2855 sunt
439 2820 478 2855 in
516 2821 676 2865 predicto
704 2821 819 2864 gradu
861 2819 1088 2863 perfeetionis
1119 2822 1155 2854 et
1183 2818 1313 2862 spiritu
1351 2818 1538 2860 libertatiS,
1569 2829 1640 2853 non
1678 2819 1761 2853 sunt
1789 2817 1948 2852 humane

321 2875 471 2919 subjecti
488 2874 687 2910 obedientie
704 2886 769 2909 nec
785 2875 831 2909 ad
847 2874 970 2917 aliqua
987 2876 1153 2918 precepta
1169 2873 1336 2909 ecclessie
1352 2873 1571 2918 obligantur,
1590 2872 1686 2916 quia,
1713 2874 1754 2908 ut
1769 2873 1944 2914 asserunt,

322 2929 384 2966 ubi
401 2929 548 2975 spiritus
564 2929 719 2971 Domini,
738 2928 789 2965 ibi
806 2928 964 2964 libertas.
985 2929 1133 2971 Quarto,
1152 2928 1248 2973 quod
1262 2928 1368 2964 homo
1385 2930 1500 2973 potest
1514 2927 1566 2964 ita
1581 2928 1725 2964 finalem
1748 2925 1941 2964 beatitudi-
