2097 3466
320 230 361 263 74
993 224 1128 261 ANNO
1154 225 1253 262 1229

322 332 493 356 succuisn
522 319 725 355 animarum
754 320 856 356 nobis
883 319 1155 355 commissarum
1185 322 1219 354 et.
1242 330 1306 364 pro
1335 318 1511 364 religione
1535 319 1574 355 in
1598 320 1803 366 episcopatu
1827 325 1948 359 nostro

322 376 563 421 promovenda
580 380 612 410 et
631 376 874 412 conservanda
896 376 938 410 de
964 375 1113 410 consilio
1130 375 1305 410 bonorum
1323 375 1483 409 virorum
1506 376 1744 411 concessimus
1760 380 1795 412 ct
1811 377 1950 412 ordina-

321 433 448 468 vimus,
465 431 558 474 quod
576 431 612 464 in
631 430 774 465 civitate
793 431 979 465 Leodiensi
997 430 1194 474 recipiatur
1210 431 1573 474 conventusfratrum
1590 431 1868 474 predicatorum,
1886 431 1949 476 qui

323 487 370 521 ibi
397 491 666 521 commorentur
682 491 714 521 ct
739 487 860 531 legant
885 487 928 520 dc
952 485 1133 530 theologia
1157 489 1190 520 ct
1215 497 1279 529 pcr
1306 489 1420 520 totum
1449 486 1690 530 episcopatum
1719 487 1950 524 disseminent

323 543 469 577 verbum
490 542 552 575 Dci
570 546 602 576 ct
621 542 858 576 confessiones
874 541 1023 576 audiant
1039 545 1073 576 ct
1089 541 1275 575 absolvant
1291 541 1520 583 confitentes;
1540 543 1642 586 cujus
1664 542 1717 576 rei
1743 545 1949 577 executores

322 596 572 632 constituimus
595 597 835 631 venerabilem
864 598 1010 631 fratrom
1037 600 1196 631 nostrum
1222 595 1406 630 dominum
1431 596 1617 638 Jacobum,
1637 598 1796 631 Accoum
1819 597 1950 641 episco-

322 663 419 695 pum,
453 656 485 686 ct
514 652 684 686 dilectum
711 657 873 696 nepotem
907 655 1067 686 nostrum
1100 651 1147 692 J„
1173 650 1345 685 maiorem
1371 651 1589 695 prepositum
1622 651 1866 694 Leodiensem,
1891 653 1950 688 vel

322 708 475 742 altorum
493 718 629 747 corum,
649 707 677 740 si
695 708 800 741 ambo
819 707 987 741 interesse
1004 706 1241 750 nequiverint.

367 763 497 797 Datum
514 774 608 797 anno
627 763 769 797 Domini
787 763 883 797 MCC
903 762 1072 796 vicesimo
1089 773 1194 803 nono,
1214 761 1305 797 feria
1321 764 1450 805 quarta
1465 765 1544 806 post
1560 762 1769 796 Palmarum
1782 763 1838 804 (1).

672 839 743 873 HS.
769 839 847 873 Van
875 839 943 873 den
969 838 1098 879 Boreh,
1125 839 1365 872 Illomcmenta
1386 840 1534 882 patriae
1557 839 1783 880 Leodiensis‚
1807 839 1868 874 fol.
1888 842 1949 875 123

711 905 754 927 cn
781 896 854 928 141.
884 894 991 935 (Bibl.
1018 894 1082 927 der
1106 893 1345 937 hoogcschool
1372 905 1441 927 van
1470 893 1588 935 Luik).
1613 913 1658 918 —
1681 893 1947 938 Chapeauville‚

715 948 824 982 Gesta
844 954 945 992 pont.
967 948 1239 989 stadiensium,
1259 948 1336 983 dccl
1361 949 1405 989 II,
1433 949 1498 983 blz.
1518 951 1579 983 251
1605 948 1881 991 (verkeerdelijk
1904 961 1949 993 op

711 1006 730 1037 3
761 1003 864 1046 April
893 1006 988 1038 1230.
1020 1004 1065 1038 cf.
1096 1003 1283 1044 VVautch,
1319 1004 1428 1038 Table
1455 1003 1751 1048 chronoloqique,
1781 1003 1859 1038 deel
1884 1003 1946 1044 IV,

710 1058 774 1093 blz.
795 1060 860 1100 98).

1095 1149 1179 1196 75.

389 1282 524 1330 1229,
552 1281 789 1337 Auyustus
823 1283 866 1330 6,
894 1279 1142 1335 maanclay,
1181 1279 1360 1322 Worem
1385 1281 1673 1334 (Waremme
1704 1281 1764 1335 of
1779 1281 1949 1324 Bor-ch-

322 1351 501 1406 worm).
524 1349 646 1392 Bries
659 1364 741 1392 van
764 1351 844 1393 Jan
870 1350 908 1391 II
932 1362 1014 1390 van
1036 1348 1270 1404 Rumigny‚
1292 1348 1485 1404 gekozen
1504 1348 1846 1406 prins—hisschop
1863 1363 1950 1393 van

322 1419 446 1469 Luik,
475 1432 556 1461 aan
590 1419 671 1460 den
705 1418 965 1474 predikheer
986 1417 1223 1467 Johannes,
1252 1418 1369 1473 prior
1391 1417 1659 1473 provinciaal
1682 1418 1819 1475 zijner
1847 1419 1950 1461 orde

324 1488 366 1529 in
400 1488 451 1529 de
485 1488 688 1530 Duitsche
723 1487 959 1542 provincie,
998 1500 1079 1528 aan
1112 1486 1187 1529 het
1219 1486 1410 1541 gansche
1446 1486 1630 1542 kapittel
1664 1500 1718 1528 en
1750 1501 1833 1529 aan
1865 1488 1950 1531 alle

323 1557 512 1612 ieverige
531 1556 736 1599 broeders
756 1556 833 1598 der
854 1556 972 1605 orde,
995 1555 1269 1598 inhoudende
1287 1556 1339 1597 de
1361 1555 1574 1611 toelating
1596 1569 1662 1597 om
1679 1559 1722 1599 te
1741 1556 1849 1599 Luik
1871 1570 1950 1599 een

323 1625 517 1668 klooster
548 1630 592 1669 te
616 1625 805 1668 stichten
837 1628 903 1668 tot
935 1624 1218 1680 verdediging
1240 1638 1324 1666 van
1347 1625 1422 1667 het
1444 1624 1600 1680 geloof.
1629 1651 1682 1656 —
1701 1625 1760 1668 De
1777 1625 1952 1681 predik-

324 1694 485 1737 heeren
523 1695 664 1737 zullen
709 1694 760 1736 de
803 1694 967 1736 zonden
1006 1707 1162 1749 mogen
1209 1707 1429 1749 vergeven
1470 1693 1630 1736 zonder
1680 1693 1864 1737 inbreuk
1907 1697 1952 1737 te

325 1763 480 1806 maken
503 1778 556 1820 op
580 1763 630 1806 de
653 1763 909 1820 geestelijke
930 1762 1166 1806 vonnissen
1187 1776 1270 1805 van
1306 1763 1389 1805 den
1421 1761 1621 1818 bissehop
1654 1762 1702 1805 of
1723 1777 1807 1806 van
1839 1763 1951 1820 zijne

324 1833 538 1876 rechters.
576 1834 635 1875 De
673 1832 887 1875 Luiksche
925 1832 1202 1875 onderdanen
1241 1832 1384 1875 zullen
1428 1833 1519 1875 hun
1556 1831 1724 1875 allerlei
1761 1831 1951 1890 bijstand

323 1902 446 1945 doen.

369 2005 590 2049 J[ohannes],
609 2004 839 2040 miseratione
854 2004 978 2040 divina
995 2003 1201 2039 Leodiensis
1217 2004 1362 2045 electus,
1380 2003 1469 2038 viris
1490 2003 1756 2039 venerabilibus
1778 2003 1952 2049 magistro

325 2061 522 2105 .l[‹›hanni],
539 2062 674 2096 ordinis
692 2061 969 2105 predicatorum,
987 2062 1025 2096 C.
1041 2061 1154 2104 priori
1172 2060 1385 2104 provinciali
1403 2060 1626 2095 Teuthonice
1641 2059 1779 2104 totique
1795 2059 1952 2104 capitulo

326 2119 484 2154 eiusdem
502 2117 638 2152 ordinis
652 2128 733 2150 cum
747 2116 834 2151 viris
851 2116 1050 2151 cultoribus
1066 2116 1180 2157 vinee,
1200 2116 1401 2150 mercedem
1414 2115 1584 2159 precipue
1598 2118 1721 2151 eterne
1736 2114 1863 2160 glorie.

371 2174 490 2214 Quum
504 2172 727 2207 diversorum
742 2171 943 2216 frequentia
961 2171 1187 2216 negotiorum
1203 2182 1224 2205 a
1241 2182 1328 2205 cura
1344 2170 1599 2214 spiritualium,
1615 2182 1684 2215 que
1695 2169 1953 2214 temporalibus

326 2232 415 2264 esset
433 2228 655 2271 preferenda,
674 2239 738 2261 nos
753 2227 863 2262 efficit
878 2227 1064 2267 tardiores,
1084 2237 1128 2261 ne
1145 2226 1291 2261 omnino
1307 2226 1412 2260 vinea
1428 2225 1531 2260 nobis
1547 2225 1735 2260 commissa
1758 2225 1797 2259 in
1813 2225 1952 2269 pericu-

327 2285 401 2319 lum
419 2284 538 2318 anime
556 2287 675 2318 nostre
689 2294 752 2326 per
769 2286 926 2317 nostram
944 2282 1214 2325 occupationem
1232 2281 1410 2315 viciorum
1426 2281 1554 2316 urticis
1569 2285 1604 2316 et
1619 2280 1788 2324 vepribus
1804 2291 1952 2324 occupe-

326 2343 398 2379 tur,
413 2351 434 2373 a
452 2338 552 2373 vobis
569 2339 725 2373 cultores
737 2341 773 2372 et
788 2337 1024 2381 extirpatores
1041 2336 1138 2371 omni
1156 2348 1227 2379 qua
1239 2348 1425 2379 possumus
1445 2336 1706 2380 supplicatione
1721 2335 1950 2379 requirimus,

327 2394 571 2437 significantes
595 2393 779 2428 dilectioni
797 2396 912 2427 vestre
937 2392 1032 2436 quod
1056 2403 1119 2426 nos
1142 2403 1207 2435 pro
1231 2392 1346 2427 salute
1370 2392 1489 2426 anime
1505 2394 1625 2427 nostre
1648 2394 1684 2426 et
1700 2401 1764 2434 pro
1781 2401 1953 2424 succursu

328 2451 531 2485 animarum
549 2449 650 2483 nobis
674 2448 944 2482 commissarum
969 2450 1004 2482 et
1028 2459 1092 2491 pro
1115 2447 1292 2491 religione
1308 2447 1346 2481 in
1370 2447 1576 2490 episcopatu
1602 2445 1790 2481 Leodiensi
1812 2456 1952 2489 promo-

327 2506 441 2541 venda
458 2508 493 2539 et
510 2504 753 2538 conservanda
769 2503 813 2537 de
829 2504 1005 2537 bonorum
1018 2502 1179 2537 virorum
1197 2502 1347 2536 consilio
1363 2502 1612 2543 concessimus,
1631 2501 1726 2545 quod
1748 2500 1787 2534 in
1809 2499 1954 2534 civitate

330 2559 517 2594 Leodiensi
535 2557 732 2601 recipiatur
748 2560 944 2591 conventus
960 2557 1113 2591 fratrum
1130 2556 1266 2590 ordinis
1283 2556 1403 2597 vestri,
1423 2556 1484 2600 qui
1508 2556 1559 2590 ibi
1575 2556 1698 2600 legant
1713 2555 1756 2590 de
1771 2554 1954 2598 theologia

329 2618 365 2648 ct.
392 2625 455 2657 per
482 2617 595 2648 totum
620 2613 863 2656 episcopatum
881 2611 1112 2646 Leodiensem
1140 2611 1372 2646 disseminent
1394 2612 1543 2646 verbum
1571 2610 1636 2645 Dei
1659 2613 1694 2645 et
1717 2609 1954 2645 confessiones

330 2668 477 2702 audiant
495 2675 529 2702 ct
546 2668 731 2702 absolvant
755 2667 964 2702 confitentes
980 2667 1023 2701 de
1044 2665 1114 2700 hiis
1136 2665 1292 2709 peccatis
1315 2677 1383 2709 que
1399 2666 1444 2700 ad
1460 2667 1577 2700 forum
1594 2663 1825 2709 penitentiale
1845 2663 1952 2708 perti-

373 2864 417 2905 (1)
442 2862 548 2897 Adest
565 2861 725 2906 sigillum
742 2865 777 2896 et
793 2860 1080 2905 contrasigillum
1097 2859 1280 2904 integrum
1303 2858 1342 2893 in
1363 2858 1471 2894 viridi
1493 2869 1576 2894 cera
1591 2857 1868 2903 (aanteekening
1883 2869 1953 2893 van

328 2919 398 2954 den
413 2918 645 2960 asschrijxcr).
