2097 3466
343 251 383 282 S?
1017 246 1147 281 ANNO
1175 248 1274 281 1232

339 342 480 377 dotibus
509 351 578 374 non
602 351 702 383 posse.
729 341 856 374 eonfiei
882 339 1060 377 dicebant,
1090 339 1151 373 alii
1178 351 1307 383 eorpus
1330 339 1475 374 Domini
1503 338 1750 373 indifferenter
1777 350 1799 372 a
1822 339 1903 373 viro
1929 340 1965 373 et

341 396 503 436 muliere,
522 394 698 432 ordinato.
718 395 753 429 in
772 395 945 429 seliutella
963 398 997 429 et
1014 394 1125 429 calice
1142 397 1177 429 et
1194 395 1326 438 ubique
1343 395 1503 429 locorum
1522 405 1621 438 posse
1637 393 1765 428 confici
1783 393 1961 434 dicebant,

341 449 404 482 alii
422 447 730 481 roufirmationem
758 452 793 481 et.
822 448 1025 481 unctionem
1054 448 1271 490 superfluam
1283 447 1509 491 jiidicabant,
1537 448 1599 481 alii
1628 461 1766 483 summo
1790 447 1963 492 pontifici,

342 503 438 535 clero
454 504 486 535 et
505 500 672 544 religioni
690 502 923 545 derogabant.
943 501 1005 535 alii
1023 501 1200 535 defunctis
1213 501 1385 543 suffragia
1402 501 1572 536 eeclesiae
1589 504 1753 546 prodesse
1770 503 1962 547 negabant,

342 556 403 589 alii
422 559 552 589 matres
571 555 744 598 proprias,
771 556 1119 599 consanguinitatem
1137 567 1227 598 quae
1244 555 1293 589 ibi
1312 559 1400 594 erat,
1420 555 1541 590 XVIII
1558 557 1715 591 denariis
1737 556 1963 598 redimentes,

342 611 377 643 in
396 609 605 653 eonjugium
622 610 820 647 sumebant.
847 610 909 643 alii
928 610 1101 652 pallidum
1125 609 1307 643 hominem
1332 612 1414 644 ante
1430 613 1465 644 et
1481 613 1615 645 cattum
1632 614 1730 646 retro
1756 611 1964 645 osculaban-

340 669 412 701 tur.
431 664 493 697 alii
525 663 599 698 dies
624 675 745 698 onmes
772 664 1071 707 aequipendentes
1096 663 1219 697 feriari
1236 666 1270 697 et
1280 665 1448 707 jejunare
1465 665 1644 706 nolebant,
1663 665 1758 699 unde
1782 667 1817 700 et
1843 665 1968 700 diebus

343 718 477 753 festivis
491 719 732 762 operabantur
748 721 781 752 et
796 717 832 751 in
847 730 1036 761 paraseeve
1049 729 1174 752 carnes
1187 718 1463 752 manducabant.

387 776 503 816 Super
519 773 575 807 his
589 773 835 807 Theodericus
848 772 1137 815 archiepiscopus
1153 773 1327 816 synodum
1345 773 1472 814 tenuit,
1488 776 1523 808 et
1536 774 1620 818 quia
1636 774 1774 809 invenit
1785 785 1859 809 esse
1871 774 1966 809 inter

344 829 435 867 illos,
463 828 523 871 qui
555 828 729 861 haberent
753 827 970 870 episcopum,
998 838 1102 870 quein
1135 827 1446 870 cognoniinasscnt
1476 830 1671 862 secundum
1702 840 1807 863 suum
1836 840 1965 864 nomen

345 884 372 917 T
377 882 621 918 heodericum.
651 886 685 915 et
712 881 806 914 idem
835 881 920 915 alibi
950 881 1115 915 fecissent
1145 882 1189 915 de
1216 881 1390 924 episcopis
1417 881 1572 916 aliorum
1607 883 1780 924 locorum,
1809 883 1966 927 itemque

343 938 515 971 haberent
533 936 772 970 communiter
789 948 915 979 papan]
933 937 1076 970 nomine
1102 936 1329 979 Gregorium,
1349 939 1388 971 ut
1419 937 1448 970 si
1472 937 1785 982 interrogarentur
1815 938 1858 972 de
1882 938 1963 979 fide,

343 1004 420 1026 ezun
440 993 544 1026 fidem
563 1004 597 1026 se
615 993 746 1027 habere
764 993 935 1029 dicerent,
955 1003 1062 1035 quam
1079 991 1186 1026 habet
1210 1004 1302 1035 papa
1317 995 1353 1026 ct
1376 991 1437 1026 ille
1453 992 1650 1036 episcopus,
1670 1004 1729 1027 eos
1754 992 1967 1028 nominatim

344 1046 568 1081 nominantes
585 1052 617 1080 et
635 1058 716 1080 suos
733 1047 967 1085 intendentes,
987 1047 1053 1079 hoe
1071 1046 1360 1090 archiepiscopus
1376 1047 1519 1090 publice
1535 1047 1747 1083 enuntiavit.

386 1100 425 1133 ln
455 1100 577 1134 eadem
606 1101 739 1143 synodo
764 1104 835 1135 tres
862 1100 1034 1134 haeretici
1061 1099 1176 1133 exusti
1201 1103 1284 1134 sunt
1310 1103 1345 1134 et
1373 1111 1445 1134 una
1475 1101 1606 1135 mulier
1638 1101 1848 1143 Luckardis,
1876 1112 1968 1145 quae

343 1154 546 1188 incredibili
579 1155 833 1190 lamentatione
864 1156 1010 1198 lugebat
1041 1154 1248 1189 Luciferum
1281 1155 1324 1189 dc
1355 1156 1454 1189 coelo
1481 1156 1613 1200 injuste
1643 1159 1840 1198 extrusum,
1860 1168 1965 1200 quem

344 1210 485 1244 volebat
501 1211 618 1245 denuo
634 1211 793 1245 relocare
807 1210 844 1244 in
862 1211 1012 1245 coelum.

691 1287 820 1329 Mansi,
839 1287 916 1322 decl
933 1286 1070 1327 XXIII,
1088 1286 1154 1320 blz.
1171 1287 1245 1320 241.

1108 1437 1193 1479 83.

408 1561 542 1611 1232,
570 1561 802 1605 Febrzmrz'
820 1562 864 1611 3,
889 1563 1026 1606 Reate
1050 1562 1208 1617 (Raeti).
1238 1562 1317 1605 Bul
1341 1575 1426 1604 van
1448 1561 1683 1617 Gregorius
1705 1562 1770 1604 IX
1797 1561 1966 1617 gericht

344 1633 410 1674 tot
438 1630 631 1673 Hendrik
655 1632 673 1672 Ι
711 1631 793 1673 den
831 1631 1130 1688 strijdlustige,
1174 1632 1330 1686 hertog
1352 1644 1436 1673 van
1470 1629 1675 1683 Brabant,
1702 1645 1771 1673 om
1793 1631 1891 1672 hem
1912 1630 1964 1672 de

344 1699 623 1754 inquisiteurs
661 1699 737 1742 der
773 1700 1193 1756 predikheerenorde
1226 1714 1307 1742 aan
1345 1702 1389 1741 te
1427 1699 1622 1741 bevelen.
1663 1725 1723 1730 —
1758 1700 1824 1743 Na
1860 1712 1965 1741 eene

346 1768 552 1823 inleiding
584 1782 688 1811 over
720 1769 801 1811 den
836 1769 975 1811 duivel
1009 1783 1062 1811 en
1091 1770 1141 1811 de
1166 1769 1357 1825 ketterij,
1386 1768 1550 1810 waarin
1574 1768 1632 1824 hij
1667 1768 1870 1811 vaststelt
1892 1767 1966 1810 dat

346 1836 420 1879 het
453 1837 600 1892 geloof
626 1837 669 1880 in
702 1838 778 1881 het
808 1838 1010 1881 Duitsche
1049 1838 1151 1895 Rijk
1186 1838 1330 1880 sedert
1367 1837 1470 1892 lang
1507 1836 1842 1892 ongeschonden
1873 1849 1966 1878 was

346 1904 570 1960 gebleven,
598 1906 819 1949 verklaart
853 1907 903 1949 de
934 1921 1055 1962 paus,
1093 1907 1167 1949 dat
1198 1906 1249 1948 de
1282 1906 1383 1948 orde
1418 1906 1494 1948 der
1526 1905 1841 1960 predikheeren
1859 1905 1967 1961 juist

346 1972 450 2016 door
471 1975 560 2017 God
584 1976 784 2018 verwekt
805 1976 925 2018 werd
958 1975 1217 2032 gelijktinig
1240 1979 1326 2018 met
1349 1975 1399 2017 de
1421 1974 1695 2029 verbreiding
1717 1974 1793 2016 der
1825 1974 1966 2017 kette-

346 2043 456 2099 rijen
489 2046 562 2085 ten
597 2045 718 2086 einde
752 2059 799 2086 er
830 2048 959 2100 tegen
995 2050 1035 2087 te
1068 2045 1191 2087 velde
1212 2046 1257 2086 te
1279 2043 1480 2086 trekken.
1507 2043 1716 2086 Christus'
1738 2042 1967 2085 voorbeeld

348 2112 616 2167 navolgende
648 2114 900 2168 aangaande
933 2114 1007 2156 het
1041 2113 1269 2156 uitzenden
1302 2127 1385 2155 van
1419 2113 1606 2167 apostels
1630 2126 1682 2154 en
1715 2111 1960 2166 discipelen,

347 2181 475 2222 zendt
508 2181 558 2222 de
592 2195 696 2236 paus
719 2196 777 2224 nu
801 2183 949 2237 eenige
972 2182 1284 2238 predikheeren
1308 2195 1416 2223 naar
1447 2181 1525 2223 het
1545 2180 1750 2223 Duitsehe
1771 2179 1873 2236 Rijk
1896 2192 1966 2222 om

349 2263 396 2290 er·
432 2249 483 2290 de
521 2250 693 2307 ketterij
733 2255 776 2293 te
815 2251 1162 2293 onderdrukken.
1206 2252 1386 2293 Daarom
1425 2249 1600 2304 noodigt
1636 2249 1695 2305 hij
1737 2248 1791 2305 bij
1832 2249 1965 2291 dezen

349 2318 664 2371 apostolis-chen
699 2319 811 2361 brief
838 2321 918 2362 den
940 2320 1095 2375 hei-tog
1119 2334 1202 2362 van
1226 2319 1431 2370 Brabant‚
1458 2322 1523 2361 tot
1546 2317 1806 2373 verlichting
1832 2318 1968 2374 zijner

348 2388 530 2438 zonden,
568 2388 644 2439 uit,
683 2401 750 2430 om
781 2389 848 2430 die
885 2389 1199 2444 predikheeren
1233 2389 1339 2444 goed
1372 2387 1696 2441 ie'ontvangen
1729 2400 1782 2428 en
1816 2385 1860 2428 in
1891 2387 1968 2429 het

349 2457 607 2510 ongestoord
630 2457 893 2513 volbrengen
925 2458 1097 2501 hunner
1128 2458 1312 2513 zending
1345 2458 1408 2499 als
1440 2455 1717 2511 inquisiteurs
1747 2458 1791 2498 te
1814 2455 1967 2497 onder-

352 2528 549 2569 steunen.

398 2651 593 2693 Gregorius
609 2650 806 2694 episcopus,
833 2662 955 2686 servus
983 2662 1166 2686 servorum
1192 2651 1268 2694 Dei,
1287 2650 1416 2686 dilecto
1440 2647 1515 2685 filio
1540 2646 1652 2685 nobili
1678 2647 1756 2684 viro
1781 2646 1963 2694 H[en1·ieo‚

354 2706 434 2740 duci
455 2706 695 2749 Brabantiae]‚
713 2707 863 2741 salutem
880 2710 915 2741 et
930 2707 1160 2751 apostolicam
1178 2707 1473 2742 benedictionem.

397 2761 460 2795 Ille
477 2760 624 2794 humani
642 2761 783 2804 generis
796 2761 962 2804 pervicax
979 2761 1158 2802 inimicus,
1178 2773 1282 2804 quem
1299 2762 1342 2795 de
1365 2760 1540 2804 supremis
1556 2760 1601 2793 ad
1624 2759 1697 2793 ima
1713 2758 1879 2803 superbia
1902 2770 1967 2793 sua

353 2815 557 2859 prostravit,
577 2828 645 2849 non
663 2819 849 2850 contentus
865 2817 959 2859 quod
976 2828 1060 2850 suae
1076 2816 1212 2851 fraudis
1229 2815 1388 2858 nequitia
1404 2814 1584 2849 hominem
1601 2814 1768 2857 perduxit
1782 2814 1828 2848 ad
1845 2824 1966 2848 casum

353 2871 535 2904 aerumnis
551 2876 584 2904 et
602 2871 754 2904 miseriis·
770 2871 1034 2914 applicandum,
1054 2871 1182 2905 callide
1207 2870 1336 2904 nititur
1351 2881 1432 2904 eum
1460 2868 1636 2912 pestiferis
1652 2868 1787 2902 retibus
1809 2867 1964 2908 irretire,

352 2928 467 2960 astute
484 2926 537 2959 illi
555 2938 683 2968 parans
700 2926 858 2967 insidias,
878 2938 922 2960 ne
948 2929 1114 2969 resurgat
1144 2926 1262 2960 locum
1290 2936 1311 2958 a
1342 2936 1411 2967 quo
1438 2924 1514 2967 ipse
1544 2923 1722 2958 ceciderat
1743 2923 1963 2957 obtenturus,
