2097 3466
336 267 396 296 ,ιω
1012 263 1142 297 ANNO
1172 266 1268 297 14³4

334 368 377 391 ne
394 357 554 399 gignere,
577 360 606 389 et
627 356 794 389 mulieres
811 367 856 389 ne
871 355 1074 399 concipere,
1092 355 1257 398 virosque
1285 367 1329 390 ne
1352 356 1537 396 uxoribus
1557 360 1590 391 et
1615 357 1783 393 mulieres
1799 369 1843 392 ne
1858 356 1946 392 viris

332 418 432 446 aetus
456 412 663 454 conjugales
687 410 836 446 reddere
859 412 1014 450 valeant,
1040 411 1215 454 impedire
1239 425 1248 455 ς
1279 412 1383 445 fidem
1415 416 1600 455 praeterea
1627 412 1753 454 ipsam,
1777 422 1886 454 quam
1907 410 1947 446 in

331 467 422 500 sacri
448 466 671 508 susceptione
695 466 862 509 baptismi
887 470 1131 509 susceperunt,
1157 477 1218 501 ore
1240 466 1416 510 sacrilego
1439 467 1630 511 abnegare,
1648 466 1799 510 aliisque
1821 476 1948 509 quam·

332 521 487 564 plurima
534 520 698 561 nefanda,
729 531 892 555 excessus
927 524 961 554 et
988 520 1154 562 crimina,
1187 520 1381 565 instigante
1413 521 1562 556 humani
1600 521 1743 565 generis
1783 520 1945 562 inimico,

331 577 554 611 committere
570 580 605 611 et
620 580 828 619 perpetrare
845 587 916 610 non
933 579 1103 611 verentur
1117 574 1155 610 in
1172 575 1375 611 animarum
1398 588 1543 611 suarum
1561 576 1776 620 periculum,
1795 574 1948 610 Divinae

331 631 526 674 majestatis
563 630 735 665 offensam
773 641 816 665 ac
854 631 1095 674 perniciosum
1133 631 1335 674 exemplum
1372 642 1414 665 ac
1444 631 1651 666 scandalum
1684 629 1942 674 plurimorum.

331 686 504 729 Quodque
526 685 613 720 licet
635 685 756 721 dilecti
782 685 846 720 filii
872 685 1021 720 Henrici
1046 685 1236 726 Institoris,
1262 685 1300 720 in
1324 685 1518 729 praedictis
1549 685 1711 728 partibus
1740 683 1948 720 Alemaniae

332 741 545 784 Superioris,
565 740 602 775 in
626 740 756 782 quibus
779 739 886 774 etiam
917 740 1134 783 provinciae,
1152 739 1326 780 civitates,
1352 743 1481 781 terrae,
1507 741 1684 775 dioeceses
1715 742 1750 774 et
1772 739 1845 774 alia
1866 739 1948 774 loca

330 795 535 838 hujusmodi
564 793 821 838 comprehensa
848 795 922 828 fore
947 800 1148 835 censentur,
1174 806 1313 829 necnon
1336 795 1491 830 Jacobus
1515 795 1709 839 Sprenger,
1733 805 1797 838 per
1832 796 1949 829 certas

330 855 448 893 partes
463 850 580 884 lineae
594 849 724 890 Rheni,
739 849 876 883 ordinis
897 848 1183 892 praedicatorum
1209 852 1243 884 et
1266 848 1470 893 theologiae
1491 850 1718 892 professores,
1743 847 1948 883 haereticae

329 904 517 949 pravitatis
542 904 771 947 inquisitores
805 915 867 947 per
905 903 1027 937 literas
1064 903 1277 946 apostolicas
1312 903 1473 946 deputati
1505 904 1661 944 fuerunt,
1694 905 1802 947 prout
1829 902 1949 938 adhuc

330 959 510 999 existunt;
536 962 654 992 tamen
683 957 848 992 nonnulli
875 957 997 991 clerici
1025 961 1061 992 et
1097 957 1181 992 laici
1219 957 1364 992 illarum
1394 957 1564 1001 partium,
1595 960 1807 1001 quaerentes
1839 957 1947 1001 plura

330 1025 453 1057 sapere
469 1024 576 1056 quam
594 1016 767 1056 oporteat,
784 1024 848 1056 pro
873 1024 913 1047 eo
926 1012 1019 1055 quod
1045 1013 1082 1047 in
1097 1012 1212 1047 literis
1235 1013 1477 1056 deputationis
1500 1012 1706 1057 hujusmodi
1722 1011 1946 1056 provinciae,

330 1068 503 1109 civitates,
522 1068 709 1108 dioeceses,
726 1072 844 1102 terrae
861 1071 895 1102 et
911 1067 980 1101 alia
997 1067 1077 1101 loca
1092 1067 1288 1109 praedicta,
1304 1067 1521 1111 illarumque
1538 1078 1711 1110 personae
1727 1078 1770 1102 ac
1786 1077 1950 1103 excessus

330 1123 534 1166 hujusmodi
561 1123 775 1157 nominatim
791 1126 826 1157 et
840 1123 1004 1166 specifice
1021 1133 1186 1165 expressa
1202 1133 1273 1156 non
1289 1123 1445 1162 fuerunt,
1465 1123 1529 1157 illa
1544 1123 1610 1157 sub
1629 1122 1762 1158 eisdem
1786 1121 1950 1165 partibus

331 1178 479 1213 minimo
495 1178 672 1213 contineri
689 1181 723 1212 et
749 1181 937 1221 propterea
952 1176 1122 1220 praefatis
1144 1176 1418 1219 inquisitoribus
1440 1176 1479 1211 in
1503 1177 1711 1220 provinciis,
1729 1176 1949 1219 civitatibus,

330 1232 563 1274 dioecesibus,
578 1232 684 1267 terris
699 1235 734 1267 et
746 1231 835 1266 locis
851 1231 1043 1275 praedictis
1058 1231 1262 1275 hujusmodi
1290 1231 1536 1274 Inquisitionis
1551 1232 1709 1267 officium
1726 1232 1854 1276 exequi
1876 1243 1951 1268 non

329 1288 440 1322 licere
462 1291 496 1322 et
522 1288 566 1321 ad
594 1297 828 1329 personarum
855 1286 1061 1321 earumdem
1089 1297 1196 1329 super
1226 1286 1428 1321 excessibus
1453 1293 1488 1321 et
1515 1286 1728 1322 criminibus
1758 1286 1952 1323 antedictis

330 1341 567 1386 punitionem,
592 1341 913 1376 incarcerationem
937 1344 972 1375 et
994 1341 1255 1375 correctionem
1279 1340 1421 1375 admitti
1446 1352 1518 1376 non
1546 1342 1688 1384 debere,
1714 1341 1952 1385 pertinaciter

331 1408 489 1432 asserere
519 1408 591 1432 non
618 1397 839 1431 erubescant.
867 1395 1021 1437 Propter
1050 1396 1144 1438 quod
1175 1395 1214 1429 in
1240 1395 1447 1439 provinciis,
1466 1396 1687 1438 civitatibus,
1713 1396 1949 1439 dioecesibus,

330 1452 438 1487 terris
468 1455 502 1486 et
532 1451 622 1486 locis
654 1451 846 1493 praedictis
872 1462 1035 1486 excessus
1065 1454 1100 1484 et
1126 1449 1280 1484 crimina
1307 1450 1514 1494 hujusmodi
1543 1460 1617 1486 non
1640 1450 1718 1485 sine
1745 1451 1951 1486 animarum
1985 1451 1991 1464 ⁸

332 1507 540 1542 earumdem
570 1505 728 1541 evidenti
750 1509 894 1549 jactura
918 1509 952 1540 et
975 1508 1142 1540 aeternae
1172 1505 1298 1540 salutis
1328 1505 1515 1549 dispendio
1546 1510 1735 1542 remanent
1756 1506 1949 1551 impunita.

375 1563 447 1597 Nos
477 1562 592 1607 igitur
619 1562 876 1605 impedimenta
902 1561 1095 1605 quaelibet,
1129 1572 1194 1605 per
1229 1572 1321 1604 quae
1352 1561 1512 1604 ipsorum
1547 1561 1805 1605 inquisitorum·
1842 1561 1953 1598 officii

332 1617 495 1653 executio
518 1617 786 1660 quomodolibet
808 1615 986 1651 retardari
1002 1619 1130 1659 posset,
1145 1616 1189 1651 de
1206 1616 1322 1651 medio
1339 1616 1563 1658 submovere,
1583 1620 1619 1652 et
1641 1628 1688 1652 ne
1711 1617 1811 1652 labe's
1825 1617 1952 1653 haere-

331 1673 425 1707 ticae
441 1672 629 1716 pravitatis
645 1671 871 1714 aliorumque
887 1681 1096 1705 excessuum
1119 1670 1323 1712 hujusmodi
1339 1670 1378 1705 in
1393 1670 1590 1714 perniciem
1606 1671 1762 1707 aliorum
1785 1671 1953 1708 innocen-

331 1728 423 1763 tium
449 1739 514 1761 sua
543 1737 680 1762 venena
703 1726 882 1761 diffundat
907 1726 1118 1770 opportunis
1145 1725 1324 1767 remediis,
1338 1730 1445 1770 prout
1467 1729 1589 1761 nostro
1613 1726 1794 1762 incumbit
1818 1726 1951 1769 officio,

332 1782 520 1827 providere
535 1782 705 1822 volentes,
723 1781 806 1815 fidei
828 1781 904 1816 zelo
928 1781 971 1814 ad
995 1780 1064 1815 hoc
1086 1781 1243 1816 maxime
1266 1793 1331 1816 nos
1353 1780 1571 1826 impellente,
1590 1792 1632 1816 ac
1655 1785 1846 1826 propterea
1869 1793 1952 1818 con-

332 1839 451 1878 tingat
481 1838 695 1882 provincias,
710 1836 884 1877 civitates,
902 1836 1090 1876 dioeceses,
1109 1840 1224 1871 terras
1240 1839 1275 1871 et
1290 1836 1370 1870 loca
1395 1836 1579 1879 praedicta
1601 1836 1667 1871 sub
1684 1836 1819 1872 eisdem
1843 1835 1953 1880 parti-

333 1895 400 1928 bus
415 1892 624 1928 Alemaniae
641 1891 844 1935 Superioris
867 1891 986 1926 debito
1012 1891 1258 1934 Inquisitionis
1273 1891 1392 1926 officio
1416 1901 1552 1932 carere,
1578 1891 1712 1926 eisdem
1735 1890 1955 1935 inquisitori-

334 1951 400 1983 bus
427 1949 463 1983 in
494 1948 565 1982 illis
591 1948 748 1982 officium
777 1947 1023 1990 Inquisitionis
1048 1946 1255 1991 huJusmodi
1283 1947 1411 1989 exequi
1440 1946 1551 1981 licere
1583 1949 1619 1981 et
1641 1946 1686 1980 ad
1717 1956 1953 1989 personarum

335 2004 542 2039 earumdem
568 2014 676 2045 super
702 2002 902 2037 excessibus
932 2005 967 2036 et
997 2001 1212 2036 criminibus
1244 2001 1435 2044 praedictis
1465 1999 1956 2047 correctionem,lincarcera-

334 2059 468 2093 tionem
486 2061 520 2092 et
543 2057 767 2101 punitionem
798 2055 939 2090 admitti
967 2055 1106 2096 debeat,
1125 2055 1273 2098 perinde
1289 2055 1327 2090 in
1343 2055 1510 2090 omnibus
1528 2058 1564 2090 et
1586 2065 1649 2098 per
1672 2053 1794 2089 omnia
1819 2052 1893 2089 acsi
1915 2053 1955 2088 in

334 2112 449 2147 literis
472 2112 664 2155 praedictis
686 2110 905 2154 provinciae.
929 2110 1102 2150 civitates,
1128 2111 1316 2149 dioeceses.
1344 2114 1463 2146 terrae
1488 2114 1523 2146 et
1548 2111 1629 2145 loca
1655 2121 1697 2145 ac
1721 2120 1895 2153 personae
1917 2111 1955 2145 et

334 2178 496 2202 exce-sus
511 2166 572 2209 huj
579 2165 718 2200 usmodi
734 2165 948 2199 nominatim
964 2168 999 2198 et
1014 2164 1182 2207 specifice
1206 2175 1372 2207 expressa
1387 2165 1516 2205 forent,
1529 2164 1745 2200 auctoritate
1759 2163 1956 2206 apostolica

336 2226 461 2256 tenore
482 2220 723 2264 praesentium
749 2219 950 2254 statuimus.
979 2219 1122 2262 Proque
1146 2219 1279 2263 potiori
1310 2220 1452 2254 cautela
1473 2220 1598 2255 literas
1623 2222 1659 2254 et
1685 2218 1954 2263 deputationem

337 2274 537 2319 praedictas
552 2275 596 2308 ad
619 2274 834 2317 provincias,
852 2273 1026 2314 civitates,
1051 2274 1241 2315 dioeceses
1259 2277 1374 2309 terras
1397 2277 1433 2308 et
1455 2275 1535 2309 loca
1557 2284 1698 2309 necnon
1721 2283 1891 2317 personas
1918 2275 1955 2308 et

337 2329 491 2365 crimina
519 2328 726 2372 hujusmodi
758 2327 998 2367 extendentes,
1031 2328 1202 2371 praefatis
1230 2328 1517 2371 inquisitoribus,
1548 2329 1643 2372 quod
1681 2327 1750 2371 ipsi
1791 2330 1827 2362 et
1863 2326 1955 2363 alter

338 2395 472 2422 eorum,
499 2383 672 2417 accersito
698 2393 818 2417 secum
848 2382 979 2416 dilecto
1013 2381 1089 2416 filio
1118 2382 1258 2417 Joanne
1293 2382 1479 2426 Gremper,
1512 2381 1644 2418 clerico
1673 2382 1956 2418 Constantiensis

338 2437 520 2478 dioecesis,
536 2437 710 2482 magistro
726 2436 764 2471 in
787 2437 924 2471 artibus
940 2447 1064 2470 eorum
1087 2436 1270 2476 moderno,
1289 2447 1351 2470 seu
1382 2436 1508 2480 quovis
1531 2436 1603 2471 alio
1627 2437 1770 2472 notario
1795 2436 1953 2481 publico,

339 2496 375 2526 et
390 2503 453 2535 per
468 2503 527 2526 eos
542 2496 577 2527 et
591 2491 787 2534 quemlibet
803 2502 927 2526 eorum
943 2501 1008 2534 pro
1023 2494 1185 2534 tempore
1207 2490 1410 2533 deputando
1435 2489 1474 2524 in
1497 2489 1707 2534 provinciis,
1733 2490 1954 2538 civitatibus,

340 2547 572 2588 dioecesibus,
589 2547 696 2581 terris
712 2550 747 2581 et
767 2546 856 2580 locis
879 2545 1071 2589 praedictis
1086 2548 1212 2580 contra
1227 2555 1471 2588 quascumque
1497 2555 1678 2588 personas,
1696 2547 1955 2588 cujuscumque

340 2602 557 2637 conditionis
580 2606 613 2637 et
634 2602 938 2645 praeeminentiae
967 2600 1113 2641 fuerint,
1145 2599 1352 2644 hujusmodi
1377 2599 1623 2643 Inquisitionis
1645 2599 1804 2634 officium
1827 2601 1956 2644 exequi

341 2657 504 2700 ipsasque
520 2668 700 2700 personas,
718 2667 806 2700 quas
829 2657 867 2690 in
890 2655 1094 2699 praemissis
1109 2654 1304 2698 culpabiles
1328 2655 1554 2698 reperierint,
1569 2657 1675 2698 juxta
1697 2665 1823 2689 earum
1838 2654 1955 2690 deme-

343 2712 413 2746 rita
444 2712 637 2756 corrigere,
669 2711 907 2751 incarcerare,
939 2710 1069 2753 punire
1098 2713 1133 2744 et
1164 2709 1364 2752 mulctare3
1398 2720 1538 2744 necnon
1565 2709 1604 2744 in
1630 2709 1784 2754 singulis
1811 2710 1955 2753 provin-

345 2767 481 2801 ciarum
511 2765 717 2810 hujusmodi
741 2764 1008 2809 parochialibus
1040 2763 1200 2798 ecclesiis
1221 2764 1371 2798 verbum
1402 2763 1468 2798 Dei
1502 2763 1599 2799 fideli
1630 2764 1762 2808 populo
1790 2765 1957 2808 quotiens

344 2820 539 2864 expedierit
555 2831 596 2854 ac
613 2820 663 2855 eis
674 2820 790 2854 visum
806 2819 925 2860 fuerit,
947 2829 1145 2862 proponere
1169 2821 1203 2853 et
1227 2817 1445 2861 praedicare,
1464 2818 1656 2862 omniaque
1671 2818 1744 2852 alia
1759 2822 1795 2854 et
1810 2818 1956 2864 singula

344 2874 383 2909 in
400 2875 601 2918 praemissis
613 2878 647 2909 et
662 2873 760 2908 circa
776 2885 817 2908 ea
840 2873 1039 2908 necessaria
1055 2876 1089 2907 et
1104 2876 1305 2916 opportuna
1327 2873 1444 2907 facere
1461 2876 1498 2921 et
1511 2872 1678 2907 similiter
1694 2872 1823 2916 exequi
1841 2873 1957 2908 libere

348 2932 383 2962 et
417 2929 516 2963 licite
546 2929 699 2970 valeant,
732 2929 873 2972 plenam
896 2939 938 2963 ac
960 2928 1112 2962 liberam
1141 2927 1264 2962 eadem
1293 2926 1508 2963 auctoritate
1527 2927 1578 2974 (de
1607 2938 1697 2963 novo
1727 2927 1973 2964 concedimus¹

348 2984 565 3020 facultatem.
