2097 3466
356 262 418 294 324
961 262 1092 295 ANNO
1119 264 1230 302 1436,
1260 265 1358 296 1441

402 353 449 387 [t
472 356 590 386 autem
614 352 806 396 inquisitor
821 353 1001 396 praefatus
1017 365 1120 387 suum
1145 353 1390 397 Inquisitionis
1413 353 1571 388 officium
1591 353 1753 388 securius
1768 355 1803 388 et
1826 353 1975 389 liberius

356 418 522 442 exercere
538 407 654 441 valeat
684 411 804 442 nostro
820 408 986 442 suffultus
1003 408 1179 451 praesidio
1195 412 1231 443 et
1251 409 1384 449 favore,
1403 408 1651 452 inquisitorem
1667 408 1831 443 eumdem
1847 408 1972 452 ipsius—

357 474 426 506 que
441 462 576 496 socium
593 473 634 495 ac
650 463 727 506 ejus
751 461 929 496 notarium
946 465 981 496 et
1005 462 1190 503 familiam,
1209 474 1265 497 res
1280 466 1315 497 et
1338 463 1431 497 bona
1447 474 1571 497 eorum
1602 463 1668 497 sub
1691 462 1822 497 nostris
1837 465 1972 506 protec-

356 518 463 557 tione,
488 515 692 551 defensione
722 519 757 550 et
786 516 1013 560 salvagardia
1040 517 1186 560 speciali
1217 520 1324 560 atque
1355 528 1481 551 securo
1509 517 1686 552 conductu
1713 517 1913 561 recepimus
1938 520 1975 553 et

355 571 549 615 recipimus
576 582 639 614 per
666 574 878 613 praesentes,
907 571 1114 605 mandantes
1139 571 1239 606 vobis
1267 571 1433 606 omnibus
1460 574 1495 606 et
1521 571 1674 616 singulis
1699 571 1914 616 supradictis
1934 575 1975 607 ut

354 630 510 660 vestrum
538 626 685 660 cuilibet
712 630 887 670 quatenus
915 629 1053 660 nostras
1084 627 1352 670 protectionem,
1379 626 1619 661 defensionem
1650 630 1685 662 et
1711 625 1974 671 salvagardiam

353 691 590 725 securumque
613 680 828 715 conductum
856 680 1061 724 hujusmodi
1089 680 1184 716 dicto
1217 680 1423 724 inquisitori
1453 682 1600 725 ejusque
1627 681 1724 716 socio
1750 691 1792 715 ac
1820 679 1972 722 notario,

354 735 524 775 familiae,
557 735 658 770 bonis
692 738 727 770 et
761 736 867 770 rebus
906 746 1029 770 eorum
1071 735 1329 770 inviolabiliter
1360 735 1592 774 observando,
1633 735 1768 769 nullam
1803 734 1974 778 injuriam

354 790 564 834 nullumque
579 789 816 834 dispendium,
834 801 1029 834 gravamen
1045 793 1108 824 aut
1131 790 1326 834 dampnum
1344 790 1490 833 aliquod
1512 789 1597 832 ipsis
1612 789 1746 824 inferre
1761 789 1799 822 in
1814 787 1976 832 personis

355 856 396 879 ac
413 845 515 880 bonis
537 856 559 879 a
582 855 807 888 quocumque
823 844 1047 889 permittatis,
1067 844 1264 889 quinnymo
1282 844 1498 888 provideatis
1521 844 1653 879 eisdem
1669 845 1714 879 de
1729 855 1855 879 securo
1876 846 1974 879 tran·

353 900 424 935 situ
441 904 477 935 et
491 900 589 934 salvo
605 900 795 937 conductu.
815 899 842 932 si
860 903 895 934 et
916 902 1022 944 prout
1044 911 1108 944 per
1122 899 1258 934 dictum
1276 898 1524 942 inquisitorem
1541 898 1623 933 inde
1639 897 1780 934 fueritis
1795 896 1971 942 requisiti.

398 955 529 990 Datum
546 955 583 989 in
599 953 729 998 oppido
746 958 865 989 nostro
882 954 1119 996 Bruxellensi,
1139 954 1269 989 mensis
1286 953 1498 988 Novembris
1519 953 1577 988 die
1594 964 1700 995 nona,
1718 964 1812 988 anno
1829 951 1972 987 Domini

353 1009 510 1044 MCCCC
526 1008 706 1044 tricesimo
723 1008 850 1052 primo.

699 1074 769 1109 HS.
801 1075 866 1109 der
904 1074 1095 1110 Nationale
1135 1073 1364 1109 Bibliotheek
1403 1078 1437 1110 te
1469 1074 1602 1117 Parijs,
1642 1073 1768 1108 Fonds
1805 1073 1972 1116 Moreau,

739 1129 818 1164 deel
841 1133 915 1171 444,
942 1130 1002 1163 fol.
1030 1131 1094 1172 10;
1120 1128 1314 1172 afgedrukt
1341 1129 1390 1172 bij
1421 1129 1504 1170 Lea,
1530 1128 1683 1173 History
1707 1129 1752 1174 of
1767 1127 1826 1164 the
1847 1129 1973 1175 Inqui-

740 1186 864 1226 sitimz,
883 1184 1082 1228 AppendiX,
1098 1183 1175 1219 deel
1197 1183 1242 1225 ΙΙ,
1259 1183 1324 1218 blz.
1340 1186 1495 1219 578-579.

1097 1322 1218 1368 283.

415 1447 552 1499 1436,
577 1447 775 1491 Namen.
801 1447 1038 1491 Uittreksel
1063 1448 1124 1492 uit
1147 1449 1199 1491 de
1227 1447 1616 1504 stadsrekeningen
1648 1448 1968 1503 vermeldende‚

353 1516 427 1558 dat
449 1530 527 1559 een
552 1516 771 1571 geschenk
794 1530 877 1559 van
901 1517 1006 1574 wijn
1031 1517 1135 1560 door
1157 1517 1238 1560 den
1262 1517 1518 1573 magistraat
1548 1530 1633 1560 van
1667 1517 1833 1561 Namen
1870 1532 1974 1562 aan-

353 1583 546 1640 geboden
569 1585 689 1627 werd
712 1599 793 1628 aan
812 1585 863 1628 de
886 1585 1178 1641 inqfflsiteurs,
1206 1586 1274 1628 die
1296 1585 1401 1628 door
1417 1585 1499 1628 den
1521 1585 1678 1641 hei-tog
1700 1585 1865 1642 Philips
1886 1601 1972 1630 van

351 1653 638 1708 Bourgondffi,
661 1652 790 1709 graaf
806 1667 890 1696 van
908 1655 1092 1706 Namen,
1116 1668 1223 1697 naar
1241 1655 1292 1698 de
1309 1653 1402 1698 stad
1421 1654 1641 1710 gezonden
1658 1667 1712 1698 en
1734 1655 1778 1697 in
1805 1655 1833 1699 ’t
1855 1660 1972 1711 gast-

351 1721 433 1764 hof
445 1723 519 1764 Au
546 1721 885 1778 Cerfafgestapt
908 1736 1072 1766 waren.

395 1829 465 1870 Qui
489 1830 526 1864 fu
544 1833 705 1873 presente
727 1841 798 1864 aux
821 1830 1054 1874 inquisiteurs
1068 1831 1211 1865 envoies
1227 1841 1272 1865 en
1289 1833 1382 1866 ceste
1401 1830 1485 1865 ville
1501 1830 1544 1865 de
1571 1841 1637 1874 par
1659 1829 1914 1874 monseigneur
1939 1830 1973 1866 le

353 1883 441 1925 Duc,
461 1885 522 1928 qui
546 1885 710 1929 logarent
733 1888 753 1918 a
776 1885 887 1919 l'ostel
905 1897 953 1918 αιι
973 1885 1109 1929 Cerfi...
1129 1888 1149 1920 6
1173 1885 1241 1920 lots
1264 1885 1307 1920 de
1331 1885 1393 1920 vin
1416 1885 1460 1920 de
1476 1886 1623 1920 Beaune
1647 1888 1681 1920 et
1708 1887 1729 1919 6
1752 1884 1820 1920 lots
1835 1884 1879 1920 de
1894 1885 1973 1920 vins

350 1937 394 1971 de
412 1938 561 1979 France,
581 1944 599 1973 4
616 1944 781 1974 moutons
796 1942 816 1973 6
831 1939 1012 1974 heaumes.

697 2005 942 2040 Stadsarchief
961 2017 1031 2040 van
1054 2007 1204 2047 Namen,
1224 2005 1417 2051 Rekening
1439 2017 1509 2040 van
1534 2008 1629 2047 1436,
1647 2006 1709 2040 fol.
1735 2007 1777 2041 30
1801 2015 1914 2040 verso.
1931 2024 1975 2030 --

739 2060 944 2104 Afgedrukt
970 2061 1017 2104 bij
1052 2061 1084 2096 J.
1120 2062 1291 2105 Borgnet,
1327 2061 1518 2105 Melanqes
1549 2066 1767 2094 concernunt
1797 2060 1976 2095 l'histoire

739 2115 1008 2160 ecclesiastique
1035 2115 1079 2149 de
1105 2116 1256 2149 Namur
1283 2116 1500 2158 (4385-4675)
1528 2115 1566 2150 in
1594 2116 1638 2150 de
1663 2115 1853 2156 Analectes
1877 2126 1975 2160 pour

740 2172 860 2203 servir
889 2173 912 2203 ἀ
943 2169 1120 2204 Z’histoire
1151 2169 1420 2214 ecclesiastique
1447 2170 1493 2204 de
1525 2169 1562 2204 Za
1594 2169 1784 2214 Belyique,
1817 2169 1896 2204 deel
1925 2168 1972 2210 Π,

742 2224 808 2258 blz.
827 2226 868 2259 99
884 2226 1006 2266 (1865).

1101 2339 1220 2382 284.

416 2463 535 2505 1441
544 2497 554 2514 ,
575 2462 768 2506 Utrecht.
787 2463 1025 2506 Uittreksel
1044 2464 1107 2507 uit
1123 2465 1157 2507 'S
1174 2466 1312 2508 Raets
1327 2463 1720 2520 merkwaerdzylze
1735 2462 1974 2520 slitinylzen

349 2530 440 2572 dier
463 2531 558 2573 stad
581 2545 685 2573 over
705 2531 865 2574 Cornan
887 2532 1052 2585 Claesz,
1079 2533 1146 2575 die
1165 2533 1208 2575 in
1230 2532 1433 2576 vreemde
1457 2531 1615 2575 landen
1632 2532 1792 2587 langen
1809 2531 1888 2589 tin
1908 2531 1974 2575 als

350 2598 496 2642 ketter
517 2598 683 2656 geleefd
706 2600 792 2643 had
813 2614 867 2643 en
891 2604 955 2644 tot
977 2601 1059 2644 den
1081 2601 1306 2646 vuurdood
1328 2601 1472 2644 wordt
1493 2599 1788 2643 veroordeeld.

398 2701 511 2737 VVant
545 2704 679 2738 Coman
711 2704 830 2738 Claesz
860 2703 898 2737 in
925 2703 1056 2738 andere
1080 2703 1210 2738 landen
1234 2705 1287 2739 tot
1313 2702 1390 2737 veel
1416 2701 1515 2737 tiden
1540 2701 1673 2746 teghen
1694 2701 1753 2737 die
1775 2711 1856 2736 eere
1878 2699 1972 2736 Gods

353 2756 492 2800 kettery
514 2757 677 2801 ghedaen
693 2758 801 2799 heeft,
819 2769 857 2792 so
878 2757 916 2792 hi
940 2758 1002 2793 dat
1025 2758 1139 2793 selver
1164 2758 1310 2793 beleden
1333 2757 1441 2798 heeft,
1458 2757 1604 2791 daerom
1619 2756 1671 2791 sel
1692 2767 1774 2790 men
1790 2756 1813 2790 ’t
1826 2754 1974 2790 rechten

350 2815 482 2847 metten
499 2813 633 2849 brande
649 2825 716 2849 aen
732 2815 800 2856 sijn
816 2813 878 2856 lyf.

695 2879 945 2923 Mededeeling
965 2890 1035 2913 van
1060 2879 1153 2915 Dodt
1176 2891 1245 2914 van
1262 2879 1464 2924 Flensburg
1485 2878 1524 2914 in
1547 2878 1682 2914 vander
1697 2877 1856 2914 Monde’s
1876 2876 1972 2921 thd·

740 2933 882 2976 schrift,
901 2936 1082 2978 jaargang
1100 2936 1197 2976 1842,
1216 2935 1282 2968 blz.
1302 2936 1376 2969 177.
