2097 3466
845 227 977 261 ANNO
1003 229 1104 262 1374
1720 230 1784 262 233

149 334 204 363 en
226 320 306 362 het
327 319 665 364 onderdrukken
686 334 772 364 van
790 321 842 364 de
865 324 983 366 seete
1006 322 1084 365 der
1105 321 1314 365 bezetene
1335 321 1526 364 Dansers
1548 333 1602 363 en
1625 320 1779 364 Geese-

146 390 348 433 laarS.--
361 388 471 432 Deze
490 392 607 434 secte
624 403 718 434 was
731 392 795 434 uit
812 392 1095 435 Duitsehland
1114 394 1157 434 te
1169 390 1295 433 Aken
1314 404 1366 446 op
1385 390 1436 432 de
1454 390 1614 433 kermis
1635 392 1677 433 in
1694 391 1720 434 J
1724 391 1782 433 uli

146 457 443 510 verschenen;
471 472 556 501 van
579 459 684 503 daar
706 460 812 516 ging
834 475 881 503 ze
905 475 1012 504 naar
1034 459 1293 503 Maastrieht
1310 473 1429 510 over,
1452 473 1520 501 om
1539 460 1782 504 omstreeks

145 526 397 584 September
413 530 456 570 te
466 528 576 570 Luik
590 543 670 572 aan
686 531 729 572 te
741 529 914 573 komen.
930 530 1036 572 Half
1043 529 1181 572 naakt
1194 529 1379 571 dansten
1392 529 1443 585 zij
1466 529 1507 570 in
1521 529 1572 571 de
1591 532 1776 580 straten,

146 596 192 638 in
210 595 263 638 de
284 595 441 639 huizen
464 611 517 639 en
551 597 595 639 in
615 598 665 640 de
683 597 850 641 kerken
870 613 923 641 en
947 600 1095 655 riepen
1120 597 1374 641 onbekende
1397 598 1564 640 duivels
1586 612 1684 649 aan,
1713 599 1780 641 die

145 665 232 708 hen
249 667 338 708 met
355 669 507 721 groote
525 667 673 723 pijnen
694 666 923 711 folterden.
936 669 1033 711 Van
1052 666 1304 723 September
1318 669 1385 710 tot
1403 666 1589 709 October
1606 667 1779 722 groeide

146 733 237 776 hun
260 734 375 789 getal
399 737 464 777 tot
486 733 726 779 duizenden
749 750 832 780 aan
855 737 960 779 door
977 737 1052 780 het
1067 738 1363 780 toestroomen
1382 749 1466 778 van
1490 735 1660 779 nieuwe
1678 750 1782 778 aan-

145 802 336 858 hangers
370 804 434 846 uit
465 804 766 856 Duitsehland‚
803 807 866 849 uit
898 806 1006 849 Luik
1031 819 1086 848 en
1119 806 1181 849 uit
1214 805 1265 847 de
1298 803 1510 860 naburige
1537 809 1779 861 gewesten.

145 870 341 914 Oorzaak
370 885 456 915 van
489 873 552 916 dit
580 874 686 916 alles
709 888 801 917 was
835 875 886 917 de
920 875 1169 931 algemeene
1202 888 1256 916 en
1291 873 1412 929 diepe
1447 874 1782 917 onwetendheid

146 941 398 996 aangaande
422 941 498 985 het
521 943 684 998 geloof;
712 943 787 986 het
810 944 911 986 volk
934 943 1207 1000 integendeel
1241 943 1378 998 wierp
1402 943 1453 985 de
1477 943 1629 985 sehuld
1653 957 1705 998 op
1730 943 1780 985 de

146 1010 401 1066 ontuehtige
433 1011 658 1067 priesters‚
697 1013 806 1055 wier
829 1013 1018 1069 doopsel,
1040 1012 1269 1055 beweerde
1302 1026 1417 1062 men,
1445 1013 1648 1068 ongeldig
1670 1026 1781 1055 was.

145 1079 270 1121 Maar
290 1079 382 1122 God
405 1080 563 1123 toonde
588 1081 663 1124 dat
684 1081 808 1124 zulks
832 1084 1085 1138 ongegrond
1104 1095 1198 1126 was
1215 1081 1321 1124 door
1343 1081 1409 1123 die
1434 1082 1639 1136 priesters
1663 1082 1783 1123 zelve

144 1150 210 1191 tot
233 1148 594 1205 onderdrukking
626 1150 704 1193 der
726 1154 842 1194 seete
875 1150 930 1209 bij
956 1151 1174 1193 voorkeur
1206 1153 1250 1193 te
1274 1149 1532 1205 gebruiken.
1558 1151 1618 1192 De
1641 1155 1782 1193 eerste

145 1216 402 1274 uitdrijving
419 1232 503 1261 van
527 1233 665 1262 eenen
683 1219 826 1263 duivel
845 1220 1102 1276 geschiedde
1120 1221 1164 1262 in
1183 1220 1233 1262 de
1256 1219 1308 1261 Ste
1326 1219 1573 1262 Kruiskerk
1592 1225 1635 1262 te
1654 1220 1778 1263 Luik.

145 1285 397 1330 Omstreeks
436 1288 753 1344 Allerheiligen
786 1290 870 1332 had
904 1303 1009 1333 eene
1037 1292 1188 1345 groote
1214 1288 1352 1331 bende
1386 1303 1472 1331 van
1504 1302 1694 1331 mannen
1727 1303 1781 1331 en

145 1368 356 1400 vrouwen
399 1357 492 1400 dier
534 1362 650 1402 seete
693 1361 736 1401 te
779 1359 956 1401 Herstal
999 1358 1074 1415 (bij
1120 1358 1248 1413 Luik)
1292 1372 1397 1400 eene
1436 1358 1782 1413 samenzwering

145 1426 346 1481 gesmeed
370 1439 438 1469 om
461 1427 513 1469 de
536 1427 632 1470 stad
656 1427 815 1470 binnen
840 1430 883 1470 te
905 1430 1098 1470 stormen
1123 1441 1177 1469 en
1209 1427 1293 1469 alle
1322 1427 1536 1483 prelaten,
1563 1427 1780 1469 kanunni-

145 1494 231 1537 ken
275 1508 329 1537 en
371 1496 582 1552 priesters
616 1497 679 1539 uit
717 1501 760 1539 te
803 1497 1024 1540 moorden.
1061 1498 1174 1539 Door
1206 1496 1322 1538 Gods
1365 1496 1469 1551 hulp
1504 1510 1558 1538 en
1592 1496 1697 1538 door
1729 1496 1780 1538 de

145 1564 501 1608 tussehenkomst
531 1579 617 1609 van
640 1578 835 1609 eerzame
857 1566 997 1608 lieden
1029 1565 1209 1609 werden
1237 1565 1288 1622 zij
1323 1564 1598 1621 integendeel
1622 1579 1782 1622 aange-

145 1633 318 1677 houden
357 1648 412 1677 en
448 1632 556 1677 voor
588 1634 639 1677 de
675 1635 1020 1693 geestelijkheid,
1062 1635 1129 1677 die
1166 1648 1214 1677 ze
1253 1648 1403 1690 genem,
1446 1633 1673 1690 gebracht.
1719 1636 1779 1677 De

144 1703 332 1759 priester
352 1703 577 1761 Lodewijk
599 1705 736 1747 Loves
753 1705 857 1762 j0eg
880 1705 931 1747 de
953 1704 1119 1747 duivels
1148 1704 1211 1747 uit
1235 1704 1280 1746 in
1304 1703 1356 1746 de
1382 1703 1430 1746 O.
1460 1704 1507 1747 L.
1534 1703 1780 1746 Vrouwka-

143 1772 213 1829 pel
237 1786 322 1815 van
360 1773 412 1816 de
449 1773 489 1816 St
526 1773 920 1826 Lambertuskerk;
962 1772 1177 1817 hetzelfde
1221 1772 1435 1829 gebeurde
1475 1773 1580 1816 door
1618 1773 1780 1816 andere

144 1841 354 1898 priesters
377 1842 422 1884 in
453 1843 615 1886 andere
642 1843 856 1886 Luiksohe
878 1843 1045 1886 kerken
1070 1846 1156 1885 met
1178 1842 1348 1885 allerlei
1372 1841 1581 1899 gebeden,
1612 1841 1778 1885 bezwe-

144 1911 299 1967 ringen
322 1925 375 1954 en
399 1912 742 1968 pleehtvormen.
769 1912 913 1955 Onder
936 1912 1039 1955 deze
1061 1911 1371 1967 bezweringen.
1392 1911 1572 1954 werden
1602 1911 1707 1954 door
1729 1912 1781 1954 de

143 1981 352 2037 priesters
386 1984 474 2024 met
510 1981 563 2024 de
598 1981 763 2024 duivels
803 1982 1079 2039 gesprekken
1117 1980 1362 2037 gehouden‚
1401 1980 1468 2023 die
1501 1980 1553 2023 de
1584 1980 1783 2038 kronijk-

144 2049 359 2108 sehrijver
375 2051 631 2107 zorgvuldig
651 2051 901 2094 mededeelt.
925 2051 1016 2094 Ook
1034 2054 1077 2094 te
1096 2050 1222 2094 Aken
1241 2048 1460 2105 gebeurde
1477 2050 1555 2093 dit.
1577 2049 1785 2106 Allengs-

144 2118 254 2162 kens
290 2133 392 2162 nam
425 2120 476 2162 de
500 2123 618 2164 secte
649 2119 708 2172 af,
745 2120 960 2164 alhoewel
993 2121 1045 2177 zij
1071 2133 1158 2176 nog
1191 2119 1282 2162 drie
1316 2118 1364 2161 of
1383 2119 1479 2162 vier
1505 2121 1635 2177 jaren
1672 2120 1788 2163 bleef

145 2188 469 2233 voortbestaan.
515 2189 736 2232 Daardoor
788 2190 962 2246 groeide
1004 2190 1056 2233 de
1099 2188 1235 2246 goede
1281 2188 1394 2232 faam
1446 2188 1525 2231 der
1568 2190 1784 2233 Luiksehe

146 2258 480 2315 geestelijkheid
514 2259 745 2317 merkelijk
783 2273 881 2302 aan.

190 2413 434 2447 Daemonz'aci
449 2412 700 2456 tripudiantes
728 2412 867 2457 Leochjj,
893 2412 1051 2447 Traiecti
1074 2416 1105 2446 et
1137 2413 1293 2457 Tonqrz’s
1322 2418 1353 2446 et
1380 2413 1514 2446 vicinis
1542 2413 1582 2445 in
1607 2412 1778 2457 partibus

140 2479 212 2513 per
227 2468 438 2502 saeculares
455 2468 662 2502 sacerdotes
680 2467 898 2502 liberantur.

190 2523 268 2558 Hoe
285 2524 410 2558 eodem
435 2535 530 2558 anno
555 2525 652 2564 1374,
671 2535 791 2558 mense
807 2523 917 2562 Julio,
936 2522 1014 2567 ipsa
1029 2522 1266 2557 dedicationis
1289 2522 1461 2557 eeclesiae
1478 2521 1667 2565 Aquensis,
1687 2533 1779 2564 quae

145 2582 196 2615 est
228 2580 344 2614 altera
374 2579 563 2614 divisionis
594 2580 850 2623 apostolorum,
869 2578 1094 2613 admirabilis
1122 2578 1309 2613 hominum
1337 2582 1433 2613 set-,ta
1460 2591 1503 2612 ex
1532 2578 1780 2621 superioribus

147 2634 362 2670 Germaniae
379 2634 541 2678 partibus
558 2635 675 2678 primo
692 2634 975 2678 Aquisgranum,
1002 2633 1084 2668 iudo
1109 2633 1317 2668 Traiectum
1342 2637 1377 2667 ct
1407 2635 1551 2668 taudem
1570 2634 1667 2667 circa
1684 2646 1778 2668 luen-

145 2700 219 2723 sem
237 2688 483 2732 Septembrem
502 2690 675 2724 Leodium
692 2689 850 2724 aduenit.
873 2689 1009 2723 Horum
1035 2690 1106 2723 tale
1130 2694 1207 2724 orat
1226 2689 1442 2724 institutum.
1468 2690 1661 2732 Utriusque
1677 2703 1780 2724 sexu>-

146 2743 310 2778 homines
327 2756 347 2777 a
363 2744 598 2778 daemonibus
616 2744 763 2787 possessi
787 2743 963 2778 seminudi
994 2744 1098 2778 sertis
1115 2745 1233 2787 cupita
1251 2744 1455 2787 cingebant,
1477 2745 1625 2778 choreas
1644 2757 1714 2779 uun
1740 2745 1776 2779 iu

148 2797 276 2842 plateis
290 2801 442 2839 tantum,
459 2799 519 2833 sed
533 2805 567 2833 et¹
581 2798 618 2832 in
632 2799 790 2841 eccles-ijs
806 2803 841 2833 et
856 2799 1022 2833 domibus
1039 2799 1171 2842 absque
1187 2799 1259 2832 ullo
1274 2800 1408 2842 pudure
1423 2800 1614 2837 ducebant.
1636 2800 1782 2833 nomina

148 2855 365 2888 daemonum
390 2854 563 2888 haetenus
580 2853 741 2887 inaudita
762 2854 795 2887 in
821 2854 1042 2888 carminibus
1059 2853 1132 2887 suis
1150 2851 1388 2897 usurpabunt:
1416 2854 1556 2887 chori-i>-
1586 2854 1697 2888 fiuitis
1725 2869 1784 2886 vu<

145 2910 336 2946 daemones
353 2909 578 2954 grauissimis
597 2910 750 2954 pectoris
766 2909 950 2943 doloribus
967 2909 1177 2945 ‹·1=u‹·i:·1›ant
1199 2909 1242 2943 ita
1265 2918 1302 2943 ut
1317 2909 1381 2943 uisi
1401 2909 1550 2944 nexibus
1566 2910 1778 2952 quibusdam
