2097 3466
798 267 931 304 ANNO
959 270 1186 305 1349-1350
1753 271 1814 306 190

181 362 379 400 remissam.
418 362 579 398 Finxisse
602 366 638 398 et
660 362 835 407 quaedam
860 362 1028 396 mendosa
1059 363 1266 398 reseruntur
1292 362 1479 398 miracula.
1514 362 1578 398 His
1608 375 1644 398 so
1669 375 1810 408 quoque

182 420 426 455 adiunxerunt
441 419 478 453 in
503 418 669 453 Flandris
694 417 924 462 perditissimi
944 417 1088 461 quique,
1108 421 1146 453 ut
1161 419 1293 458 exules,
1314 419 1472 462 fugitiui,
1498 419 1669 459 seditiosi,
1688 420 1808 453 decoc-

180 477 287 515 tores,
305 473 459 508 adulteri
473 476 506 507 et
523 473 718 512 adulterae,
737 474 961 511 scortatores,
977 476 1095 506 scorta
1112 475 1146 507 et
1163 472 1223 515 qui
1242 484 1324 507 aere
1343 473 1460 506 alieno
1479 473 1584 507 nimis
1602 475 1806 517 premeban-

181 531 252 568 tur,
271 529 367 562 sures
384 532 567 572 praeterea
591 532 625 563 et
652 528 854 563 homicidae
879 533 913 562 et
942 528 1077 572 periuri
1102 534 1135 563 et
1159 529 1325 568 latrones,
1345 541 1387 563 ex
1404 529 1533 572 quibus
1558 530 1660 563 multi
1686 531 1804 565 statim

181 586 277 628 peste
296 583 428 618 mortui
442 587 534 618 sunt.
557 583 692 617 Saeuiit
712 583 807 617 euim
828 583 922 616 inter
939 583 1027 616 liaeo
1042 584 1197 618 maxime
1211 584 1760 627 ρο5111οη113.Τ311(1ι·1ι10111151110
1773 593 1808 620 vt

177 649 289 683 opera
305 637 515 684 pontificum
532 641 566 673 et
585 638 788 681 principum
803 637 975 680 dissipata
993 641 1026 672 et
1044 650 1213 682 oppressa
1229 644 1281 673 est
1298 638 1429 685 ubique
1446 650 1487 673 ea
1500 639 1690 675 dementia.

520 715 699 761 meyerus,
720 715 780 751 sol.
801 717 862 751 154
880 727 982 751 verso
999 726 1043 752 en
1061 718 1134 752 155.

929 869 1049 916 202.

239 996 378 1050 1349,
408 996 592 1042 October
609 998 685 1047 20,
709 997 937 1054 sz‘ynon.
967 997 1046 1040 Bul
1070 1010 1153 1039 van
1173 997 1370 1041 Clemens
1394 998 1454 1040 VI
1477 997 1646 1053 gericht
1665 999 1728 1041 tot
1752 997 1804 1040 de

171 1065 576 1122 aartsbisschoppen
602 1080 654 1109 en
689 1066 835 1109 hunne
869 1065 1162 1122 suffraganen‚
1190 1065 1370 1123 waarbij
1397 1067 1455 1122 hij
1487 1067 1538 1108 de
1571 1070 1687 1109 secte
1723 1067 1800 1109 der

168 1135 423 1179 Geeselaars
442 1135 715 1178 veroordeelt
733 1148 786 1176 en
806 1135 857 1178 de
882 1135 1193 1191 kerkprelaten
1214 1139 1299 1177 met
1318 1135 1424 1177 hare
1444 1135 1800 1191 onderdrukking

168 1205 388 1260 3011151.-
404 1205 463 1246 De
482 1218 586 1260 paus
603 1207 701 1259 zegt
719 1203 912 1260 gehoord
930 1209 974 1247 te
996 1203 1181 1255 hebben,
1197 1203 1272 1246 dat
1289 1204 1331 1246 in
1350 1203 1401 1245 de
1420 1204 1624 1247 Duitsche
1644 1205 1801 1247 landen

170 1287 224 1316 en
257 1273 300 1315 in
324 1272 375 1316 de
396 1272 606 1329 naburige
630 1277 852 1329 gewesten
887 1273 982 1315 veel
1005 1273 1253 1316 duivelsehe
1276 1273 1530 1315 Geeselaars
1562 1273 1646 1330 zijn
1671 1287 1800 1329 opge-

169 1342 340 1393 treden,
367 1342 433 1384 die
455 1342 621 1385 allerlei
642 1343 821 1398 leugens
845 1356 898 1384 en
918 1341 1172 1385 kettersehe
1195 1341 1397 1397 delingen
1415 1342 1711 1397 verkondigen
1734 1346 1800 1386 tot

168 1414 320 1467 groote
343 1410 502 1454 schade
520 1424 604 1453 van
627 1411 678 1454 de
702 1410 917 1466 zaligheid
943 1411 1019 1453 der
1037 1410 1271 1454 onnoozele
1289 1410 1494 1466 menigte.
1517 1411 1684 1453 Zonder
1706 1415 1798 1454 toe-

166 1480 307 1536 lating
338 1479 502 1536 dragen
535 1480 587 1537 zij
624 1494 729 1522 eene
763 1479 1008 1537 biJ'zondere
1039 1479 1215 1536 kleedij‚
1257 1479 1428 1522 houden
1468 1480 1798 1535 ongeoorloofde

166 1548 527 1606 bijeenkomsten,
564 1549 799 1605 vaardigen
835 1549 1136 1605 reglementen
1170 1548 1249 1599 uit,
1277 1561 1371 1590 enz.
1405 1548 1571 1590 Enkele
1595 1548 1799 1592 broeders

165 1617 244 1660 der
265 1617 525 1660 bedelorden
557 1617 776 1660 behooren
810 1617 891 1660 ook
923 1621 992 1660 tot
1027 1617 1128 1660 deze
1151 1616 1305 1659 kwade
1337 1620 1468 1668 secte,
1496 1617 1563 1660 die
1586 1618 1637 1660 de
1660 1618 1797 1661 Joden

166 1700 219 1743 op
258 1686 591 1744 onchristelijke
629 1687 755 1744 wiJze
792 1687 1010 1742 vervolgt.
1045 1687 1133 1729 Ten
1173 1686 1296 1728 einde
1329 1689 1479 1742 groote
1514 1687 1716 1730 onheilen
1753 1690 1797 1730 te

162 1755 426 1798 voorkomen
451 1755 622 1799 beveelt
645 1755 696 1798 de
721 1769 842 1810 paus,
871 1755 944 1798 dat
978 1755 1019 1798 al
1054 1755 1106 1797 de
1129 1755 1420 1810 handelingen
1444 1755 1520 1798 der
1542 1756 1796 1799 Geeselaars

161 1823 380 1868 verboden
398 1824 484 1880 zijn
508 1838 561 1867 en
584 1824 689 1867 door
706 1824 759 1867 de
777 1824 1087 1879 kerkprelaten
1107 1824 1150 1866 in
1173 1824 1321 1866 hunne
1344 1823 1608 1867 bisdommen
1626 1829 1798 1868 moeten

162 1893 404 1950 uitgeroeid
436 1893 630 1936 worden.
669 1894 727 1936 De
761 1892 1065 1950 geestelijken,
1104 1893 1171 1935 die
1205 1893 1307 1935 deze
1340 1895 1456 1936 secte
1493 1892 1655 1950 blijven
1692 1908 1797 1937 aan-

161 1964 353 2018 hangen,
381 1966 551 2006 moeten
589 1966 677 2005 met,
717 1962 961 2019 kerkelijke
995 1976 1048 2004 en
1083 1962 1351 2019 wereldlijke
1389 1961 1566 2005 straffen
1600 1962 1704 2005 door
1742 1963 1794 2006 de

161 2031 444 2087 bisschoppen
479 2031 664 2087 gestraft
702 2031 897 2074 worden.
943 2033 1004 2074 De
1049 2031 1275 2087 predikers
1307 2045 1358 2073 en
1391 2031 1682 2074 aanvoerders
1715 2033 1794 2075 der

161 2104 278 2144 secte
309 2101 451 2143 zullen
485 2100 590 2143 door
621 2100 706 2142 hen
741 2100 1057 2156 aangehouden
1089 2100 1267 2144 worden
1301 2102 1390 2143 met
1420 2098 1578 2155 behulp
1601 2114 1686 2142 van
1709 2101 1791 2143 den

161 2169 459 2226 wereldlijken
494 2183 602 2220 arm,
629 2182 707 2212 zoo
743 2170 914 2225 noodig‚
944 2183 996 2211 en
1032 2169 1074 2211 in
1106 2169 1334 2212 hechtenis
1367 2168 1570 2211 bewaard
1595 2169 1789 2220 worden,

158 2238 303 2282 totdat
325 2238 376 2281 de
401 2251 507 2293 paus
531 2251 636 2280 over
660 2238 746 2280 hen
771 2238 995 2294 uitspraak
1018 2238 1084 2280 zal
1108 2238 1274 2294 gedaan
1297 2237 1480 2281 hebben.
1508 2239 1566 2280 De
1589 2238 1792 2293 opi-echte

158 2306 544 2363 boetvaardigheid
585 2307 746 2349 zonder
792 2307 1042 2350 kettersche
1079 2319 1261 2350 vormen
1304 2307 1447 2349 werdt
1490 2307 1664 2349 daarom
1702 2308 1792 2350 niet

158 2375 390 2419 verboden.
433 2376 492 2418 De
535 2374 946 2432 aartsbisschoppen
985 2376 1126 2418 zullen
1164 2389 1246 2419 3311
1286 2375 1458 2418 iederen
1497 2376 1668 2418 hunner
1705 2376 1793 2419 suf-

160 2445 372 2501 fraganen
395 2458 473 2488 een
495 2444 697 2488 asschrist
720 2444 848 2487 dezer
865 2444 937 2488 bul
960 2445 1141 2489 zenden.

206 2568 370 2603 Clemens
385 2568 584 2613 episcopus,
599 2581 721 2604 servus
734 2580 917 2604 servorum
934 2570 1011 2611 Dei,
1030 2570 1295 2605 venerabilibus
1311 2569 1482 2604 fratribus
1498 2569 1788 2614 archiepiscopus

159 2635 356 2668 eorumque
372 2623 621 2668 suffraganeis,
642 2623 791 2658 salutern
815 2627 848 2658 et
866 2624 1097 2667 apostolicam
1114 2624 1411 2659 benedictionem.

201 2679 299 2714 Inter
329 2679 589 2714 sollicitudines
621 2678 830 2713 innumeras
861 2684 895 2714 et
926 2679 1128 2719 immensas,
1158 2679 1288 2723 quibus
1321 2680 1415 2713 ultra
1446 2678 1538 2713 vires
1569 2679 1784 2722 apostolicae

158 2734 341 2768 servitutis
366 2733 486 2768 debito
514 2745 766 2777 perurgemur.
788 2733 876 2768 illud
906 2734 1005 2768 cordi
1035 2742 1156 2769 nostro
1186 2735 1408 2778 potissimum
1432 2734 1561 2769 insidet
1588 2738 1622 2768 et
1650 2735 1694 2768 ad
1718 2734 1786 2768 hoe

159 2788 330 2823 attentius
346 2789 463 2823 studia
482 2792 601 2823 nostra
618 2789 863 2822 convertimus
879 2792 915 2824 et
933 2793 1095 2829 conatus,
1115 2794 1152 2824 ut
1169 2791 1263 2833 apud
1281 2802 1402 2825 omnes
1428 2789 1621 2825 Christiani
1637 2790 1792 2824 nominis

159 2844 375 2887 profefflores
401 2844 486 2878 fides
514 2843 714 2878 orthodoxa
747 2844 895 2888 fulgeat,
919 2849 1125 2879 sanctorum
1150 2849 1290 2888 patrum
1308 2846 1473 2880 doctrina
1488 2846 1671 2889 splendeat.
1686 2849 1719 2880 et
1736 2846 1787 2880 sic

158 2898 357 2934 catholicae
373 2902 409 2933 et
425 2899 642 2942 apostolicae
660 2898 810 2933 ecclesia
830 2899 1015 2934 Romanae
1031 2899 1160 2943 religio
1187 2900 1264 2934 sine
1291 2902 1503 2944 cujusquam
1530 2901 1781 2940 simulationis,

161 2953 316 2993 fictionis
342 2965 403 2989 seu
434 2953 623 2989 velaminis
654 2953 764 2998 pallio
794 2966 882 2999 pure
911 2958 947 2991 et
976 2955 1235 2992 inviolabiliter
1262 2956 1481 2997 observetur,
1511 2956 1606 3002 quod
1631 2967 1653 2993 a
1680 2955 1785 2992 vinca
