2097 3466
339 249 400 279 4¹)ss
1018 246 1148 279 ANNO
1176 248 1273 280 1498

386 339 514 372 Datum
549 338 685 372 Romae
723 336 817 381 apud
849 350 876 371 5.
919 337 1079 378 Petrum,
1117 349 1210 372 anno
1241 337 1500 373 incarnationis
1530 337 1738 374 Dominicae
1766 338 1955 376 millesimo

340 391 694 435 quadringentesimo
711 391 942 435 nonagesimo
969 391 1131 434 septimo,
1150 391 1265 435 pridie
1289 391 1369 427 idus
1394 391 1569 434 Octobris,
1588 392 1814 436 pontificatus
1844 393 1957 429 nostri

338 459 432 483 'uum
449 453 557 482 'imm'
684 489 819 535 Ripou,
840 490 922 525 dcel
939 489 1002 531 IV,
1022 490 1088 525 blz.
1110 492 1183 525 103.
1200 509 1243 516 —
1259 490 1319 526 Zie
1334 490 1473 535 hooger
1485 502 1570 526 onze
1586 497 1637 526 11¹⁹s
1654 493 1728 533 294,
1747 493 1811 527 329
1825 503 1870 528 en
1882 494 1957 530 392.

1089 627 1211 670 396.

403 757 540 805 1498,
580 754 804 804 Doorm'k;
841 753 1023 797 October
1051 754 1097 805 2,
1139 755 1315 810 Parz'y’s.
1351 753 1529 797 Oordeel
1567 754 1645 798 der
1680 755 1964 812 godgeleerde

336 826 548 869 Faculteit
570 838 654 866 van
678 823 833 880 Parijs,
865 836 918 878 op
942 836 1163 878 aanvraag
1187 837 1270 865 van
1293 822 1375 865 den
1403 822 1601 878 bisschop
1625 837 1678 866 en
1701 824 1783 868 den
1807 826 1964 883 magis-

338 898 454 938 traat
479 907 563 936 van
597 892 787 935 Doornik
821 890 1110 947 uitgebracffl,
1137 904 1243 935 over
1275 892 1439 935 zestien
1471 892 1703 936 verdachte
1735 894 1966 951 stellingen

340 963 442 1005 door
475 963 556 1004 den
583 960 932 1003 ininderbroeder
953 961 1034 1003 ι1011
1066 960 1233 1003 Vitrier
1254 960 1511 1018 (Vitrarius›
1537 961 1577 1003 in
1613 961 1716 1004 deze
1752 963 1848 1006 stad
1880 966 1969 1007 met

338 1037 464 1088 groot
501 1030 733 1073 schandaal
768 1027 1011 1085 gepredikt.
1059 1054 1118 1059 ——-
1155 1030 1265 1072 Deze
1309 1030 1545 1085 stellingen
1586 1031 1761 1074 worden
1799 1032 1964 1084 valsch,

340 1099 623 1154 schandelijk,
652 1098 893 1149 kettersch‚
921 1111 1037 1149 enz.‚
1060 1098 1305 1141 verklaard.
1332 1099 1447 1141 Eene
1472 1100 1688 1154 openbare
1710 1099 1970 1159 herroeping

338 1170 374 1213 is
403 1168 576 1223 noodig.

385 1272 618 1316 chalz'ficatio
633 1273 929 1314 propositionum
947 1271 1080 1314 fratris
1096 1271 1283 1307 Jolzannis
1314 1274 1473 1308 Vizrarii
1493 1274 1659 1308 Parisiis
1674 1274 1783 1318 facta.

384 1339 488 1372 Anno
521 1334 664 1370 Domini
689 1334 878 1368 millesimo
903 1335 1262 1379 quadringentesimo
1294 1336 1534 1381 nonagesimo
1565 1339 1702 1379 octavo,
1732 1337 1791 1372 die
1820 1337 1976 1372 secunda

341 1391 471 1427 mensis
502 1390 677 1431 Octobris,
708 1401 810 1424 saera
837 1390 1090 1433 theologorum
1119 1391 1307 1425 doctorum
1337 1393 1454 1426 almae
1482 1392 1696 1427 Parisiensis
1732 1392 1977 1428 universitatis

342 1447 509 1482 Facultas
538 1446 575 1479 in
606 1448 729 1479 sancto
760 1445 972 1479 Mathurino
1000 1445 1043 1479 de
1067 1457 1166 1479 more
1187 1447 1394 1482 solemniter
1412 1450 1447 1482 et
1467 1448 1673 1490 frequenter
1687 1450 1766 1492 post
1776 1448 1922 1483 missam
1933 1448 1977 1483 de

343 1502 474 1536 Sancto
489 1500 626 1544 Spiritu
643 1501 767 1535 devote
782 1500 999 1534 celebratam
1021 1508 1257 1544 congregata,
1269 1513 1333 1544 pro
1351 1515 1415 1537 suo
1432 1505 1560 1547 gradu,
1570 1502 1687 1537 officio
1699 1505 1734 1537 et
1747 1502 1975 1547 professione,

341 1560 467 1601 parata
493 1566 632 1598 semper
653 1556 759 1599 juxta
789 1557 1021 1598 praeceptum
1048 1554 1222 1598 principis
1246 1558 1497 1598 apostolorum
1516 1557 1616 1592 Petri
1640 1558 1737 1592 omni
1760 1557 1919 1601 poscenti
1935 1558 1978 1592 de

343 1612 411 1645 fide
435 1611 582 1645 reddere
606 1610 783 1644 rationem
812 1609 1116 1652 nascentibusque
1137 1610 1355 1653 ubicumque
1372 1612 1556 1646 erroribus
1578 1612 1773 1657 diligenter
1788 1615 1824 1648 et
1838 1612 1979 1648 fortiter

343 1676 544 1705 occurrere,
564 1667 751 1707 sequentes
766 1664 831 1697 has
848 1675 907 1698 sex
933 1666 968 1698 et
987 1664 1110 1698 decem
1128 1664 1391 1708 propositiones
1419 1666 1457 1700 in
1475 1678 1566 1708 00111,
1587 1679 1678 1710 quae
1704 1679 1725 1701 a
1754 1679 1812 1702 me
1837 1667 1978 1702 notario

344 1720 488 1764 publico
505 1720 663 1762 eiusdem
692 1718 888 1753 Facultatis
913 1719 1032 1752 scriba
1060 1719 1261 1763 subscripta
1279 1722 1314 1755 et
1336 1721 1545 1765 subsignata
1571 1726 1634 1763 est,
1659 1723 1812 1757 formam
1839 1721 1978 1766 qualifi-

343 1775 448 1815 cavit,
469 1774 611 1818 saepius
624 1774 860 1817 obnixiusque
880 1774 915 1808 id
936 1774 1220 1818 efflagitantibus
1240 1777 1439 1811 reverendo
1456 1777 1494 1811 in
1512 1777 1654 1812 Christo
1677 1780 1779 1822 patre
1796 1778 1979 1813 Ludovico

344 1830 507 1874 episeopo
545 1832 579 1864 et
609 1829 744 1873 insigni
771 1829 849 1864 viro
881 1829 1088 1873 praeposito
1129 1830 1352 1873 caeterisque
1393 1832 1681 1875 prudentissimis
1710 1833 1980 1878 magistratibus

344 1883 588 1919 nobilissimae
611 1883 767 1918 civitatis
786 1883 1038 1924 Tornacensis‚
1058 1895 1150 1926 quas
1167 1885 1428 1928 propositiones
1445 1887 1608 1922 ferebant
1620 1887 1659 1922 in
1677 1899 1718 1922 ea
1734 1886 1880 1922 civitate
1896 1899 1979 1922 cum

343 1938 483 1983 ingenti
520 1938 792 1982 perniciosoque
817 1938 942 1983 populi
970 1939 1142 1973 seandalo
1170 1951 1285 1983 nuper
1318 1941 1428 1975 fuisse
1454 1942 1681 1985 praedicatas
1703 1953 1767 1986 per
1790 1943 1980 1985 quemdam

344 1996 492 2029 fratrem
509 1994 710 2028 ι1011011110111
729 1994 946 2034 Vitrarium,
967 1993 1107 2028 ordinis
1123 1994 1320 2036 minorum,
1339 2007 1381 2030 ex
1402 2008 1529 2031 eorum
1553 2009 1715 2039 numero,
1733 1997 1795 2041 qui
1810 2009 1847 2032 50
1863 1998 1979 2033 011501·-

346 2054 485 2083 vatores
498 2051 531 2083 et
547 2049 590 2082 de
606 2049 705 2082 bulla
721 2048 997 2092 cognominant.

387 2103 511 2138 Prima
528 2103 736 2147 propositio.
755 2104 785 2138 Il
814 2104 981 2138 vaudroit
1000 2104 1122 2138 mieux
1145 2116 1278 2149 couper
1301 2106 1336 2139 10
1360 2117 1472 2150 gorge
1500 2109 1520 2140 a
1550 2118 1614 2141 son
1641 2107 1760 2148 enfan,
1787 2118 1856 2151 que
1877 2107 1921 2141 de
1948 2107 1982 2142 10

346 2161 476 2193 mettre
492 2170 537 2192 en
552 2158 710 2202 religion
730 2170 802 2193 non
819 2160 1006 2194 reformee.

389 2213 564 2247 Secunda.
593 2213 620 2246 Il
647 2213 813 2247 vaudroit
832 2212 951 2247 mieux
970 2214 1126 2256 prendre
1143 2225 1205 2248 son
1223 2215 1342 2255 enfan‚
1365 2226 1403 2248 sa
1419 2215 1492 2249 fille
1510 2226 1576 2258 par
1591 2216 1627 2250 la
1643 2215 1742 2250 main
1758 2217 1792 2250 et
1808 2215 1844 2249 la
1859 2227 1983 2251 mener

346 2280 391 2303 au
409 2268 604 2308 bourdeau,
625 2279 692 2310 que
710 2268 753 2301 de
770 2268 805 2301 la
822 2271 950 2302 mettre
966 2280 1010 2302 en
1031 2268 1191 2313 religion
1209 2280 1279 2303 non
1292 2270 1479 2304 reformee.

390 2323 482 2357 Istae
498 2323 589 2356 duae
617 2322 881 2365 propositiones
902 2323 947 2356 ad
963 2334 1108 2357 5011511111
1128 2335 1232 2366 quem
1251 2325 1502 2367 praetendunt,
1522 2327 1605 2359 sunt
1627 2325 1867 2365 scandalosae,
1892 2324 1981 2359 sedi-

346 2378 468 2417 tiosae,
487 2377 692 2420 superbiam
713 2377 963 2411 pharisaicam
983 2378 1171 2421 sapientes,
1192 2379 1313 2420 salsae,
1341 2383 1465 2415 eontra
1481 2380 1591 2414 bonos
1613 2392 1741 2422 mores,
1768 2383 1803 2416 et
1825 2380 1855 2415 si
1881 2392 1981 2425 prae-

346 2433 463 2467 dictae
482 2431 616 2465 fuerint
636 2432 791 2475 publice,
813 2433 1047 2476 reparandae.

392 2486 525 2520 Tertia.
547 2486 785 2530 Quiconques
806 2488 910 2522 oiioit
924 2488 958 2522 la
974 2500 1086 2523 messe
1103 2489 1185 2523 d'un
1203 2493 1337 2533 prestre
1352 2493 1475 2525 tenant
1488 2502 1557 2525 une
1573 2492 1702 2525 femme
1717 2501 1761 2525 en
1778 2501 1817 2524 sa
1830 2490 1981 2531 maison,

348 2541 458 2584 peche
474 2542 617 2576 mortell
626 2545 757 2577 ement.
779 2542 878 2577 Haec
897 2543 1106 2586 propositio,
1128 2544 1180 2578 510
1195 2545 1401 2580 indistincte
1416 2549 1451 2581 et
1466 2546 1717 2581 universaliter
1732 2545 1983 2590 pronunciata,

349 2596 558 2630 scandalosa
575 2599 638 2637 est,
668 2598 867 2631 multorum
884 2598 1157 2633 temerariorum
1180 2600 1403 2643 judiciorum
1429 2601 1627 2643 inductiva,
1658 2601 1748 2635 falsa
1776 2603 1812 2635 et
1841 2599 1984 2644 publice

350 2650 551 2684 revocanda
585 2654 694 2694 atque
728 2651 765 2685 in
792 2652 886 2686 bona
911 2655 945 2686 et
977 2653 1144 2695 prudenti
1162 2654 1277 2688 forma
1298 2656 1510 2698 reparanda,
1536 2655 1565 2690 si
1587 2654 1697 2690 fuerit
1718 2654 1861 2699 publice
1882 2665 1982 2699 prae-

351 2704 482 2738 dicata.

398 2758 546 2798 Quarta.
572 2759 807 2802 Quiconques
824 2760 888 2794 fait
916 2761 1079 2795 celebrer
1091 2773 1203 2796 messe
1220 2766 1239 2796 0
1256 2774 1305 2797 1111
1332 2766 1485 2807 prestres
1510 2766 1633 2798 tenant
1647 2774 1718 2798 une
1733 2763 1863 2798 femme
1885 2774 1931 2797 en
1945 2774 1984 2797 50

359 2812 510 2853 maison,
530 2814 641 2856 peche
658 2815 933 2856 mortellement,
952 2819 987 2850 et
1011 2827 1055 2850 en
1071 2816 1123 2850 lui
1147 2817 1307 2852 donnant
1321 2820 1460 2861 argent,
1475 2821 1512 2852 tu
1530 2819 1582 2852 lui
1598 2822 1687 2854 mets
1702 2819 1738 2852 10
1753 2819 1836 2853 hart
1850 2830 1898 2853 au
1913 2819 1980 2854 001.

407 2867 457 2900 De
492 2867 559 2901 hac
573 2867 776 2903 indistincte
804 2873 837 2903 et
855 2870 1107 2905 universaliter
1134 2871 1178 2905 de
1200 2883 1425 2916 quocumque
1451 2874 1632 2908 sacerdote
1647 2872 1884 2917 pronunciata
1897 2872 1984 2909 item

363 2932 546 2955 censemus
562 2922 654 2956 sicut
666 2923 708 2956 de
725 2923 842 2958 tertia.
