2097 3466
786 225 920 261 ANNO
946 229 1046 261 1472
1675 229 1735 263 431

139 319 191 354 18.
207 317 343 353 Paulus
360 317 398 352 in
414 317 565 362 epistola
581 328 690 362 quam
706 317 861 354 dicimus
873 318 916 353 dc
930 318 1128 354 defunctis:
1147 332 1162 346 u
1182 319 1350 354 Nolimus
1365 329 1428 354 vos
1445 318 1610 363 ignorari
1628 335 1643 349 ν
1662 332 1733 355 non

92 373 319 418 loquebatur,
338 376 379 408 ut
394 372 461 408 isto
476 371 656 408 Mass-inus
672 372 798 414 eredit,
825 373 869 408 de
892 373 1083 415 defunctis,
1102 373 1163 409 sed
1177 374 1221 409 de
1238 373 1502 410 dormientibus
1520 374 1558 409 in
1575 375 1731 419 peccatis

92 430 178 466 suis.

135 485 192 521 Ad
209 484 418 520 instantiam
434 483 571 519 domini
589 484 754 518 officialis
772 484 1033 519 Tornaccnsis:

136 537 311 579 Queritur
326 537 550 581 qualificatio
567 538 698 573 horum
715 537 953 573 articulorum
970 542 1005 573 ct
1021 537 1114 573 ratio
1131 536 1240 572 huius
1257 537 1552 580 qualificationis.

134 593 261 628 Prima
276 593 426 628 assertio
439 597 492 629 est
507 593 667 628 heretica
686 621 794 628 .....
814 595 860 636 (1)
876 593 1042 628 Secunda
1059 593 1209 628 assertio
1227 596 1280 628 est
1296 593 1463 628 similiter
1479 593 1650 629 herotiva.
1670 623 1676 628 .
1695 623 1701 629 .
1722 623 1727 629 .

91 648 222 684 Tereia
244 648 393 684 assertio
417 652 470 683 est
493 647 530 682 in
555 650 623 683 fido
641 660 803 684 erronea.
821 677 829 684 .
845 677 852 684 .
870 677 878 684 .
899 649 1038 690 Quarta
1055 648 1206 683 assertio
1223 652 1275 683 est
1303 648 1342 682 in
1360 649 1428 683 fide
1445 660 1609 691 erronea,
1628 662 1729 684 sean-

88 704 212 739 dalosa
228 707 263 739 et
278 703 458 739 seditiosa.
477 731 484 738 .
503 732 510 738 .
529 732 535 738 .
557 704 692 744 Quinta
704 704 854 740 assertio
871 716 914 739 cx
931 716 1030 738 more
1048 703 1290 747 responsionis
1307 703 1420 747 posite
1436 716 1561 748 sapere
1582 704 1726 740 videtur

87 758 346 803 blasphemiam
358 761 394 794 et
410 758 607 802 perniciem
622 758 659 793 in
674 759 931 803 protestatione
946 758 1027 794 fidei
1043 758 1209 794 interiori
1224 761 1257 793 et
1271 757 1460 793 exteriori.
1479 786 1485 793 .
1507 786 1513 792 .
1533 786 1540 793 .
1560 759 1668 793 Sexta
1681 762 1734 794 est

86 825 239 850 erronea
254 814 293 849 in
309 814 379 849 fide
395 817 522 849 contra
537 814 726 849 veritatem
742 814 865 849 divine
879 814 1070 858 scripture.
1089 841 1096 849 .
1113 841 1121 849 .
1140 841 1146 848 .
1167 813 1328 857 Septima
1345 825 1410 858 pro
1426 813 1544 857 prima
1560 817 1661 858 parte
1674 819 1727 849 est

87 866 293 908 temeraria,
312 877 378 910 pro
394 868 551 903 secunda
575 872 688 912 parte.
707 897 714 903 .
733 897 739 903 .
758 897 765 904 .
793 880 944 904 erronea
968 869 1006 903 in
1031 869 1100 904 fide
1126 871 1166 904 ut
1190 868 1302 912 prior.
1330 869 1469 904 Octaua
1493 869 1648 904 assercio
1676 873 1729 904 est

86 920 190 963 leuis,
217 922 323 966 plena
346 922 523 958 iactancie
548 926 584 958 et
615 923 821 959 temeraria.
839 951 846 958 .
865 951 872 958 .
890 951 898 958 .
919 924 1023 957 Nona
1051 923 1208 958 assercio
1238 926 1292 958 est
1322 934 1486 958 erronea.
1505 951 1511 957 .
1531 951 1538 958 .
1557 951 1563 957 .
1586 923 1733 958 Decima

87 975 242 1011 assercio
269 981 322 1012 est
346 978 446 1012 fatua
469 982 504 1013 et
527 978 732 1013 temeraria.
753 1006 758 1012 .
779 1006 785 1012 .
806 1006 813 1012 .
843 977 1044 1012 Undecima
1067 977 1224 1012 assercio
1248 978 1501 1021 pertransitur,
1528 978 1613 1022 quia
1642 979 1730 1013 benc

86 1030 270 1067 intellecta
286 1044 371 1068 vera
388 1037 451 1068 est.
471 1033 694 1068 Duodecima
710 1033 866 1068 ass-ereio
884 1033 985 1068 fatua
1001 1035 1053 1067 est
1076 1036 1112 1068 et
1135 1033 1306 1068 mendosa
1331 1036 1366 1068 et
1391 1033 1650 1077 blasphemosa.
1670 1062 1676 1068 .
1695 1062 1701 1068 .
1722 1063 1728 1069 .

87 1086 212 1122 Tertia
227 1090 262 1123 et
276 1091 408 1132 quarta
423 1089 564 1124 decima
580 1088 801 1124 asserciones
817 1091 901 1123 sunt
916 1089 1030 1123 aniles
1047 1090 1082 1123 et
1098 1089 1271 1124 fabulose.
1291 1116 1298 1123 .
1316 1117 1323 1123 .
1342 1117 1349 1123 .
1369 1089 1506 1130 Quinta
1522 1089 1662 1124 decima
1678 1093 1731 1124 est

84 1141 246 1177 heretica
261 1146 298 1178 et
313 1143 420 1188 plena
436 1144 670 1188 blasphemie.
701 1143 811 1180 Sexta
834 1143 975 1178 decima
999 1147 1051 1179 est
1081 1143 1259 1179 iniuriosa
1286 1144 1325 1179 in
1356 1144 1424 1179 hoe
1455 1145 1550 1188 quod
1577 1144 1732 1188 imponit

86 1196 241 1242 Spiritui
265 1198 398 1234 Sancto
423 1200 519 1244 quod
542 1199 684 1235 monuit
717 1211 800 1235 eum
832 1211 877 1234 ne
905 1200 1100 1244 deponeret
1131 1200 1294 1241 barbam,
1314 1203 1350 1235 et
1377 1202 1430 1235 est
1453 1200 1628 1235 sediciosa
1645 1200 1732 1244 quia

85 1252 340 1288 mandatorum
357 1254 507 1289 ecclesie
524 1253 726 1298 procaciter
742 1265 779 1289 se
795 1253 916 1289 rendit
932 1256 1230 1298 contemptorem.
1247 1253 1408 1298 Septima
1423 1255 1566 1290 decima
1582 1255 1732 1291 assertio

85 1310 138 1343 est
153 1308 348 1344 temeraria
371 1311 407 1344 et
430 1313 717 1354 presumptuosa.
736 1337 742 1344 .
761 1337 769 1344 .
787 1337 795 1344 .
823 1309 963 1344 Octaua
986 1308 1128 1343 decima
1151 1308 1308 1344 assercio
1331 1314 1384 1345 est
1411 1323 1574 1347 erronea.
1595 1341 1602 1347 .
1621 1341 1627 1347 .
1646 1340 1653 1347 .
1672 1314 1729 1355 (2).

128 1363 182 1398 Ex
198 1363 379 1408 premissis
395 1364 580 1400 erroribus
596 1364 711 1408 liquet
727 1376 835 1408 quam
852 1364 1097 1408 periculosum
1114 1367 1167 1399 est
1181 1364 1292 1399 laicos
1309 1364 1443 1401 habere
1459 1378 1598 1401 sacram
1616 1367 1726 1411 scrip-

83 1422 204 1454 turam
218 1418 257 1454 in
273 1419 430 1464 vulgari,
449 1420 511 1464 qui
528 1420 561 1455 ei
578 1419 680 1464 quasi
697 1418 878 1454 romantio
895 1422 959 1454 aut
983 1419 1064 1462 alijs
1087 1419 1191 1453 libris
1216 1419 1397 1461 inherent,
1421 1420 1459 1455 in
1483 1432 1566 1464 quo,
1584 1421 1731 1466 vulgari

81 1475 294 1520 plerumque
309 1476 404 1511 male
419 1475 594 1511 translato
610 1475 654 1510 de
670 1475 795 1516 latino,
813 1475 931 1510 solum
947 1477 1095 1518 apperet
1110 1473 1279 1509 litteralis
1302 1474 1508 1511 intellectus
1530 1475 1569 1510 in
1596 1488 1719 1520 super-

81 1529 163 1566 ficie
178 1534 214 1566 et
228 1531 289 1574 alii
307 1542 430 1567 sensus
446 1529 605 1572 moralis
623 1529 842 1575 allegoricus
855 1532 890 1566 et
906 1529 1141 1574 anagogicu5‚
1160 1531 1223 1574 qui
1240 1530 1286 1566 ad
1302 1530 1497 1567 litteralem
1520 1543 1558 1568 se
1580 1531 1718 1568 habent

80 1589 123 1623 ut
138 1599 213 1623 nux
227 1588 275 1625 ad
290 1587 473 1624 corticem.
492 1615 499 1622 .
517 1615 525 1622 .
543 1614 550 1622 .
569 1587 627 1629 (3).

430 1665 625 1708 Carlerius‚
642 1665 722 1702 deel
737 1665 766 1708 Ι,
783 1664 1050 1710 verhandeling
1067 1667 1121 1700 11.

839 1792 962 1838 353.

147 1923 262 1968 V66r
298 1920 555 1966 November
596 1921 732 1971 1472,
777 1921 979 1965 Atrecht.
1017 1918 1200 1963 Oordeel
1233 1932 1320 1963 van
1361 1919 1446 1962 den
1479 1919 1727 1978 Kamerijk-

79 1992 213 2036 schen
235 1992 376 2035 deken
399 1991 579 2040 Carlier‚
602 2004 656 2047 op
677 2004 904 2047 aanvraag
920 2004 1007 2034 van
1029 1989 1114 2033 den
1137 1988 1280 2032 deken
1305 2002 1359 2031 en
1382 2003 1469 2033 van
1487 1991 1518 2033 ’t
1540 1990 1726 2046 kapittel

76 2074 166 2106 van
182 2062 369 2106 Atrecht
391 2059 682 2117 uitgebracht,
706 2074 812 2103 over
843 2060 922 2103 het
953 2059 1082 2115 geval
1114 2072 1201 2102 van
1233 2071 1372 2100 eenen
1406 2057 1594 2113 priester
1632 2058 1726 2101 dier

78 2131 190 2183 stad,
217 2131 285 2174 die
306 2144 392 2174 van
424 2130 477 2173 de
500 2130 652 2174 aldaar
671 2129 904 2173 bewaarde
938 2128 1120 2184 reliquie
1151 2141 1238 2171 van
1272 2128 1349 2170 het
1382 2127 1526 2182 Heilig
1560 2127 1726 2170 Manna

76 2199 235 2243 kwaad
258 2200 505 2257 gesproken
529 2199 630 2242 had.
657 2224 714 2231 —
737 2199 935 2255 Volgens
967 2197 1000 2241 ’s
1022 2197 1232 2254 priesters
1264 2195 1578 2252 verklaringen
1612 2194 1720 2240 νόὀῐι

77 2269 162 2313 den
182 2269 443 2326 inquisiteur
465 2283 518 2312 en
541 2269 726 2325 volgens
748 2268 801 2311 de
824 2267 1153 2324 getuigenissen
1177 2269 1309 2322 tegen
1333 2265 1432 2308 hem
1465 2264 1724 2322 ingebracht

76 2342 247 2383 moeten
270 2339 384 2396 ziJne
406 2338 611 2395 dolingen
628 2339 693 2382 als
717 2336 945 2382 ketterseh
967 2335 1233 2380 beschouwd
1255 2335 1452 2379 worden.

124 2464 258 2500 Contra
289 2464 549 2499 detractatores
580 2462 710 2497 Sancto
750 2462 892 2497 Manna
930 2462 972 2494 in
1003 2459 1156 2494 ecclesia
1187 2457 1421 2493 Atrebatensi
1453 2458 1637 2500 ewistenti,
1672 2456 1723 2492 ad

78 2521 298 2554 instantiam
314 2519 554 2553 dominorum
571 2518 702 2552 decani
720 2521 752 2551 ct
769 2516 927 2562 capituli
944 2515 1091 2550 ecclesie
1107 2519 1322 2548 memorate.

125 2585 250 2620 Casus.
270 2584 426 2626 Quidam
454 2583 631 2628 presbiter
657 2582 821 2618 Atrebati
849 2582 893 2617 de
918 2581 1051 2616 Sancto
1079 2579 1227 2620 Manna,
1251 2579 1347 2623 quod
1374 2578 1413 2613 in
1438 2578 1590 2614 ecclesia
1613 2579 1716 2614 Atre-

78 2640 217 2676 batensi
232 2644 441 2675 reseruatur
456 2642 491 2674 ct
514 2639 553 2673 in
577 2638 682 2674 theca
702 2638 876 2673 deaurata
892 2638 1102 2672 reuerenter
1118 2637 1355 2669 conseruatur
1378 2634 1417 2668 in
1441 2636 1715 2669 monumentum

121 2802 170 2847 (l)
185 2802 430 2847 Breedvoerig
445 2813 491 2837 en
507 2803 579 2837 met
595 2801 734 2837 allerlei
751 2801 887 2836 citaten
903 2800 1011 2836 staaft
1029 2798 1169 2835 Carlier
1185 2800 1256 2841 zijn
1271 2796 1428 2832 oordeel.

121 2859 168 2900 (2)
183 2857 317 2902 Hierop
333 2858 464 2901 volgen
481 2857 588 2902 lange
601 2855 841 2901 godgeleerde
857 2853 1119 2898 uitweidingcn
1134 2855 1206 2887 met
1218 2852 1352 2887 citaten
1369 2850 1532 2896 gestaasd

121 2913 168 2959 (³)
182 2913 284 2950 Meer
299 2913 432 2950 andere
449 2911 722 2956 beweegredens
738 2922 783 2948 en
799 2911 940 2948 teksten
956 2909 1056 2946 haalt
1071 2909 1122 2951 hij
1140 2908 1318 2944 daarover
1330 2918 1403 2950 nog
1419 2917 1489 2941 aan
