2097 3466
780 219 913 256 ANNO
940 221 1043 255 1163
1712 219 1756 251 39

115 315 280 351 consistit
295 315 486 351 consilium
504 318 606 350 tuum
633 316 671 350 in
685 315 852 351 omnibus
864 327 956 360 quae
981 325 1064 350 cum
1079 314 1154 349 Deo
1167 311 1363 357 acjustitia
1388 322 1576 356 possumus
1590 311 1751 355 exsequi,

116 370 218 404 nulla
234 369 373 404 ratione
401 369 482 404 illos
499 369 681 404 voluimus
698 370 825 404 audire
843 381 907 404 1166
927 369 1157 413 aliquatenus
1182 367 1383 408 amtiemus,
1409 368 1522 401 donec
1550 378 1658 410 super
1685 366 1753 400 hoc

116 429 189 461 tam
219 430 321 460 tuum
350 437 459 468 quam
490 425 666 469 praedicti
695 425 958 470 archiepiscopi
985 429 1092 468 atque
1128 423 1283 458 aliorum
1312 422 1566 466 religiosorum
1591 422 1750 457 virorum

116 481 308 517 consilium
333 483 472 526 plenius
496 483 705 517 habeamus,
725 481 933 516 Voluntatis
959 481 1056 515 enim
1074 484 1109 514 et
1126 478 1299 523 propositi
1320 477 1432 512 nostri
1457 482 1510 511 est
1534 477 1571 511 in
1588 477 1755 511 omnibus

116 541 224 580 prout
251 537 411 572 diximus
427 537 620 572 consilium
638 540 722 571 tuae
745 536 980 570 sublimitatis
1004 534 1208 574 admittere,
1227 532 1357 567 honori
1379 536 1415 566 ct
1432 531 1642 566 exaltationi
1670 538 1755 566 tuac

115 593 274 627 studiosa
287 593 535 628 sollicitudine
546 593 743 636 vigilanter
761 592 950 627 intendere
965 595 1070 634 teque
1084 590 1178 625 sicut
1194 589 1420 624 carissimum
1437 588 1552 622 filium
1569 593 1605 622 61
1618 589 1756 632 praeci-

115 658 227 692 puum
245 648 345 692 prius
367 648 553 683 dominum
580 648 752 682 ecclesiae
777 648 1002 682 defensorem
1031 645 1204 681 exaudire
1234 656 1432 689 propensus
1461 649 1496 679 et
1521 644 1559 678 in
1587 643 1755 678 omnibus

116 703 305 740 honorare.
326 705 459 740 Datum
476 705 614 739 Turon.
636 704 698 738 111.
719 704 766 739 111.
786 703 937 738 Januar.

466 778 632 814 Martene
661 790 704 813 en
736 778 897 819 Durand,
931 777 1177 822 Amplissima
1200 775 1376 818 collectio,
1395 776 1474 812 deel
1501 775 1546 817 11,
1573 775 1641 810 661.
1667 774 1749 810 684.

508 832 626 873 (Jaffe,
644 832 723 868 deel
739 832 785 874 ΙΙ,
805 833 877 867 blz.
902 834 976 874 164,
996 839 1035 866 nr
1054 832 1182 873 10809).

893 947 980 992 39.

177 1060 316 1110 1163,
342 1059 438 1103 Mea·
455 1060 528 1108 19,
561 1060 719 1103 Tours.
744 1059 984 1103 Uittreksel
1010 1060 1072 1103 uit
1095 1059 1147 1102 de
1170 1059 1373 1104 Canones
1401 1072 1486 1103 van
1505 1060 1584 1103 het
1605 1059 1760 1103 Conci-

114 1129 187 1182 lie,
214 1129 364 1172 aldaar
385 1129 489 1172 door
512 1143 618 1185 paus
642 1129 889 1172 Alexander
911 1130 974 1172 III
996 1129 1244 1184 gehouden,
1271 1132 1403 1186 tegeri
1426 1128 1479 1172 de
1502 1129 1671 1172 ketters
1704 1142 1758 1172 en

115 1199 263 1243 bunne
284 1199 580 1255 aanhangers.
608 1224 649 1230 —
688 1199 747 1241 De
770 1198 945 1255 ketterij
973 1198 1094 1242 heeft
1118 1198 1215 1241 zich
1239 1198 1302 1242 uit
1325 1198 1377 1241 de
1401 1198 1652 1242 omstreken
1674 1212 1761 1242 van

114 1269 327 1312 Toulouse
350 1282 454 1311 over
485 1268 714 1324 Gascogne
746 1282 799 1311 en
833 1268 996 1311 andere
1030 1271 1257 1324 gewesten
1291 1266 1550 1324 uitgebreid.
1577 1269 1762 1311 Daarom

114 1340 287 1381 moeten
319 1337 371 1381 de
405 1337 690 1393 bisschoppen
714 1351 768 1380 en
793 1337 832 1380 31
866 1337 918 1380 de
953 1337 1244 1394 geestelijken
1268 1337 1426 1380 waken
1461 1351 1515 1380 en
1551 1337 1656 1380 door
1679 1337 1762 1380 den

114 1407 389 1465 kerkelijken
411 1406 496 1450 ban
514 1405 721 1458 beletten,
748 1407 822 1450 dat
841 1406 1014 1450 iemand
1033 1407 1115 1450 den
1134 1406 1304 1450 ketters
1327 1406 1520 1464 bijstand
1539 1407 1759 1450 verleene.

114 1478 215 1521 Men
248 1476 315 1520 zal
348 1476 438 1519 hun
471 1476 582 1519 noch
606 1475 774 1533 koopen
808 1476 921 1519 noch
956 1476 1222 1532 verkoopen,
1247 1476 1402 1519 zoodat
1431 1477 1485 1534 zij
1512 1475 1660 1520 buiten
1687 1476 1764 1519 het

114 1545 395 1589 menschdom
413 1545 555 1589 zullen
574 1549 701 1589 staan
720 1560 773 1588 en
793 1545 1070 1601 gedwongen
1088 1545 1269 1588 worden
1288 1559 1370 1588 aan
1390 1546 1539 1589 hunne
1558 1545 1762 1601 dolingen

110 1616 156 1658 te
192 1614 425 1658 verzaken.
469 1616 527 1657 De
569 1615 837 1672 wereldliJ'ke
876 1618 1055 1658 vorsten
1094 1618 1265 1658 moeten
1300 1615 1352 1657 de
1392 1614 1565 1658 ketters
1599 1614 1643 1657 in
1684 1615 1761 1657 het

114 1697 288 1741 gevang
320 1697 498 1740 werpen
532 1697 589 1727 na
620 1684 779 1727 verlies
813 1684 988 1727 hunner
1019 1683 1252 1739 goederen.
1281 1684 1341 1727 De
1376 1683 1575 1741 geheime
1598 1683 1763 1740 11116611-

116 1753 316 1797 komsten
341 1753 417 1796 der
438 1753 606 1797 ketters
626 1756 798 1797 moeten
819 1755 974 1809 streng
998 1751 1216 1796 verboden
1242 1753 1441 1797 worden.
1469 1753 1612 1796 Alwie
1635 1756 1764 1810 tegen

118 1822 220 1866 deze
242 1821 501 1880 bepalingen
527 1823 719 1880 opkomt,
750 1822 896 1867 wordt
924 1824 1014 1866 met
1039 1821 1091 1865 de
1109 1822 1281 1867 ketters
1300 1821 1435 1880 gelijk
1458 1822 1642 1880 gesteld.

164 1923 226 1960 1V.
254 1925 295 1959 Ut
312 1925 433 1958 cuncti
457 1923 720 1968 Albiyensizcm
737 1923 1018 1958 haereticorum
1038 1925 1265 1958 consortium
1283 1923 1452 1968 sufflant.

164 1980 206 2014 In
228 1979 392 2024 partibus
411 1979 562 2014 Tolosae
579 1979 787 2014 damnanda
818 1979 979 2013 haeresis
1004 1979 1143 2013 dudum
1160 1978 1319 2019 emersit,
1337 1989 1431 2022 quae
1459 1977 1638 2022 paulatim
1666 1989 1768 2013 more

121 2035 243 2070 cancri
260 2036 304 2069 ad
322 2034 443 2069 vicina
461 2035 541 2068 loca
558 2046 595 2068 se
612 2034 819 2068 diffundens
838 2044 900 2077 per
928 2033 1172 2068 Guasconiam
1189 2037 1225 2068 et
1241 2033 1333 2067 alias
1357 2033 1564 2077 provincias
1579 2032 1768 2077 quamplu-

120 2090 320 2135 rimosjam
334 2090 476 2125 infecit.
500 2089 601 2130 Quae
617 2090 704 2124 dum
723 2090 761 2124 111
781 2089 929 2124 modum
949 2088 1130 2133 serpentis
1147 2088 1244 2123 intra
1261 2100 1344 2123 suas
1367 2089 1593 2124 evolutiones
1620 2089 1769 2123 abscon-

121 2146 232 2186 ditur,
250 2148 387 2189 quanto
403 2146 516 2189 serpit
540 2145 720 2179 occultius
746 2149 848 2179 tanto
865 2145 1021 2189 gravius
1045 2144 1277 2178 Dominicam
1306 2143 1452 2179 vineam
1483 2144 1522 2178 in
1544 2143 1772 2188 simplicibus

121 2201 333 2236 demolitur.
354 2200 458 2236 Unde
476 2204 603 2235 contra
618 2212 676 2235 eos
694 2199 882 2244 episcopos
897 2204 933 2234 et
945 2211 1071 2234 omnes
1084 2199 1232 2234 Domini
1250 2199 1455 2234 sacerdotes
1470 2199 1508 2234 in
1521 2199 1594 2234 illis
1606 2199 1771 2243 partibus

123 2260 389 2292 commorantes
414 2256 571 2300 vigilare
590 2255 836 2299 praecipimus
851 2258 886 2289 et
901 2255 967 2289 sub
985 2254 1285 2289 interminatione
1301 2253 1545 2289 anathematis
1562 2253 1768 2298 prohibere,

123 2318 164 2348 ut
179 2311 243 2348 ubi
264 2312 404 2357 cogniti
421 2312 559 2346 suerint
576 2310 676 2345 illius
694 2310 852 2345 haeresis
868 2314 1075 2352 sectatores,
1094 2321 1139 2344 ne
1164 2310 1436 2353 receptaculum
1453 2310 1645 2354 quisquam
1663 2309 1714 2345 eis
1729 2310 1769 2345 in

123 2372 222 2404 terra
237 2379 302 2403 sua
318 2368 490 2412 praebere
501 2370 564 2401 aut
581 2366 803 2410 praesidium
821 2365 1011 2409 impertire
1027 2369 1248 2409 praesumat,
1263 2365 1322 2400 sed
1342 2376 1407 2400 1166
1425 2365 1464 2400 111
1481 2365 1689 2400 venditione
1705 2370 1768 2400 aut

124 2424 310 2469 emptione
326 2423 450 2466 aliqua
467 2434 551 2457 cum
570 2422 621 2456 eis
637 2422 787 2456 omnino
805 2421 1066 2456 commercium
1082 2421 1272 2463 habeatur,
1292 2425 1332 2456 ut
1349 2421 1479 2456 solatio
1496 2421 1623 2456 saltem
1642 2421 1770 2456 huma-

126 2479 252 2516 nitatis
283 2479 427 2520 amisso,
453 2479 498 2513 ab
530 2489 652 2513 errore
684 2477 764 2511 viae
793 2488 879 2512 suae
905 2477 1116 2521 resipiscere
1148 2477 1425 2521 compellantur.
1447 2476 1619 2521 Quisquis
1648 2481 1771 2512 autem

127 2540 255 2572 contra
270 2535 361 2570 haec
378 2534 504 2569 venire
536 2533 744 2575 tentaverit,
764 2539 935 2577 tanquam
966 2533 1149 2577 particeps
1165 2532 1370 2576 iniquitatis
1396 2544 1522 2568 eorum
1539 2533 1771 2568 anathemate

127 2591 297 2626 feriatur.
335 2589 392 2624 Illi
426 2600 511 2624 vero
543 2588 572 2623 si
601 2588 817 2633 deprehensi
858 2588 1007 2630 suerint,
1045 2598 1108 2631 per
1139 2587 1340 2622 catholicos
1372 2587 1556 2632 principes
1583 2588 1770 2623 custodiae

127 2646 326 2691 mancipati
353 2645 518 2680 omnium
550 2645 728 2679 bonorum
761 2643 954 2678 amissione
986 2644 1227 2679 mulctentur.
1264 2643 1310 2678 Et
1341 2643 1516 2687 quoniam
1544 2642 1588 2678 de
1618 2643 1770 2679 diversis

127 2703 293 2749 partibus
324 2703 362 2737 in
385 2713 499 2736 unum
517 2700 712 2735 latibulum
743 2700 870 2734 crebro
902 2699 1125 2734 conveniunt
1153 2703 1188 2734 et
1219 2703 1363 2743 praeter
1392 2710 1606 2734 consensum
1636 2700 1771 2734 erroris

129 2759 268 2794 nullam
284 2756 518 2792 cohabitandi
549 2767 695 2790 causam
714 2755 887 2790 habentes
904 2754 942 2789 in
959 2766 1031 2789 uno
1048 2754 1235 2788 domicilio
1253 2757 1540 2796 commorantur,
1566 2754 1655 2789 talia
1689 2765 1772 2789 con·

129 2813 315 2849 venticula
342 2817 378 2848 et
395 2811 662 2856 investigentur
693 2810 869 2846 attentius
887 2814 933 2852 ct,
968 2811 997 2844 si
1026 2810 1173 2845 inventa
1202 2809 1352 2851 fuerint,
1371 2810 1548 2846 canonica
1577 2809 1770 2846 severitate

132 2873 319 2906 vetentur·
477 2910 707 2953 Mansi,<1ee1
725 2909 846 2952 xxu,
866 2910 936 2946 blz.
961 2911 1045 2946 1177
1073 2921 1117 2946 en
1150 2911 1247 2947 1173.
1274 2909 1646 2954 (Jaffe,dee111,blz.
1669 2910 1762 2954 168)-
