2097 3466
298 262 338 296 16
990 258 1124 294 ANNO
1152 259 1251 293 1112

295 353 579 398 archiepiscopo,
626 353 776 389 humilis
821 353 1064 397 Trajectensis
1090 351 1243 388 ecclesia
1270 363 1313 387 ex
1341 350 1483 387 sincero
1515 350 1647 387 affectu
1673 349 1924 386 devotissimas

295 410 476 444 orationes
491 421 574 445 cum
591 409 711 445 debito
728 409 961 454 subiectionis
979 409 1170 452 obsequio.

341 464 494 504 Gratias,
514 465 709 500 reverende
725 469 839 509 pater,
857 464 1041 499 sanctitati
1067 466 1207 498 vestrae
1234 462 1388 508 agimus,
1407 463 1495 507 quia
1519 465 1669 507 paterna
1691 462 1924 499 miseratione

295 518 411 554 vicem
435 525 595 555 nostram
622 520 788 555 doluistis
813 524 847 555 et
876 519 1094 556 Antichristi
1119 518 1246 561 nostri,
1272 518 1536 563 perturbatoris
1558 522 1594 555 et
1623 519 1925 564 blasphematoris

296 574 467 609 ecclesiae
493 575 639 617 Christi,
666 586 812 610 cursum
843 579 877 611 et
910 576 1085 619 impetum
1117 573 1339 616 retardastis,
1364 573 1428 619 qui
1460 574 1603 620 aperuit
1643 574 1683 610 in
1719 575 1862 610 coelum
1885 585 1925 609 os

296 640 402 663 suum
425 634 460 665 et
483 634 610 665 contra
637 633 862 666 sacramenta
905 629 1077 666 ecclesiae
1104 628 1282 664 haeresim
1313 627 1487 664 suscitare
1513 640 1620 664 ausus
1645 633 1699 664 est
1732 633 1809 673 jam
1836 629 1924 664 olim

296 691 505 720 sanctorum
521 689 666 730 patrum
683 686 869 721 sententiis
885 685 1104 730 iugulatam.
1127 684 1197 719 Hic
1215 684 1312 719 enim
1328 683 1459 728 spiritu
1476 684 1667 728 superbiae
1689 683 1797 728 (quae
1820 683 1925 719 radix

297 745 349 775 est
376 742 492 776 omnis
520 741 709 777 haereseos
736 745 772 777 et
799 741 1010 785 apostasiae)
1035 741 1278 776 intumescens
1306 739 1400 775 nihil
1429 750 1572 784 papam,
1603 739 1698 774 nihil
1725 739 1922 784 episcopos,

295 795 391 830 nihil
421 796 724 841 archiepiscopos,
758 796 850 831 nihil
884 796 1110 841 presbyteros
1150 799 1213 830 aut
1253 796 1404 830 clericos
1443 795 1620 839 asseruit3
1668 794 1927 838 columnasque

296 852 468 887 ecclesiae
491 852 556 887 Dei
582 852 803 895 concutiens,
829 851 939 887 etiam
963 851 1047 887 fidei
1072 854 1217 886 nostrae
1233 854 1385 895 petram,
1410 850 1447 884 id
1477 854 1541 893 est,
1562 850 1747 886 Christum
1762 849 1926 885 dividere

297 918 405 942 ausus
434 911 501 942 est.
540 907 656 942 Penes
682 920 719 942 se
751 912 786 943 et
814 919 896 943 suos
924 910 1067 942 tantum
1095 906 1284 942 ecclesiam
1314 918 1388 942 esse
1417 905 1673 941 contendebat.
1711 904 1924 947 Ecclesiam,

296 973 404 1004 quani
437 962 601 997 Christus
625 974 646 997 a
671 962 780 997 Patre
805 963 955 1007 accepit,
982 966 1107 1007 gentes
1135 962 1174 996 in
1204 961 1465 997 haereditatem
1488 972 1592 996 suam
1610 964 1645 996 et
1668 960 1927 1005 possessionem

297 1028 399 1051 suam
416 1017 589 1052 terminos
612 1021 743 1058 terrae,
761 1017 822 1052 hic
847 1017 890 1051 ad
914 1017 1008 1051 solos
1028 1016 1315 1051 Tanchelmistas
1338 1016 1552 1051 contrahere
1577 1019 1727 1051 conatus
1754 1018 1822 1050 est.
1844 1014 1927 1049 Jam

297 1083 394 1112 vero,
410 1076 531 1107 sancte
548 1076 661 1116 pater,
681 1072 891 1107 afflictionis
909 1076 1052 1108 nostrae
1076 1073 1242 1116 querelas
1260 1072 1449 1117 suscipite3
1469 1076 1504 1108 et
1528 1083 1801 1117 praecursorem
1825 1071 1928 1106 Anti-

298 1126 438 1169 christi,
458 1128 582 1162 eodem
610 1128 805 1169 schemate,
832 1127 965 1163 eisdem
990 1127 1164 1172 vestigiis,
1191 1126 1323 1171 quibus
1352 1127 1414 1162 ille
1440 1130 1630 1162 secuturus
1660 1130 1725 1169 est,
1757 1137 1925 1171 praecur-

298 1187 436 1219 rentem
453 1183 647 1218 advertite.
676 1183 716 1218 In
744 1184 937 1219 maritimis
963 1183 1123 1228 primum
1146 1183 1236 1219 locis
1263 1182 1346 1218 rudi
1382 1183 1513 1227 populo
1541 1185 1576 1218 et
1603 1181 1816 1217 infirmioris
1839 1181 1924 1216 fidei

297 1251 475 1274 venenum
492 1240 664 1283 perfidiae
681 1251 766 1275 suae
782 1240 952 1283 miscuit3
973 1244 1008 1275 et
1031 1251 1095 1284 per
1111 1243 1295 1275 matronas
1319 1242 1354 1274 et
1378 1239 1613 1274 mulierculas
1629 1239 1798 1282 (quarum
1823 1237 1929 1273 fami·

297 1295 519 1330 liaritatibus
548 1299 582 1329 et
613 1298 750 1329 secreta
779 1295 1022 1331 col'oeutione
1049 1299 1084 1330 et
1111 1295 1255 1339 privato
1282 1294 1453 1329 accubitu
1481 1294 1720 1329 libentissime
1746 1291 1927 1336 utebatur)

299 1362 439 1385 errores
461 1362 543 1385 suos
566 1351 745 1395 paulatim
771 1363 944 1396 spargere
973 1351 1115 1396 coepit3
1144 1351 1276 1386 deinde
1299 1362 1365 1395 per
1389 1350 1480 1395 (has)
1503 1354 1676 1395 conjuges
1699 1349 1810 1385 etiam
1831 1349 1929 1392 ipsos

298 1406 470 1450 perfidiae
495 1418 580 1442 suae
610 1406 748 1450 laqueis
778 1407 949 1442 irretivit.
979 1407 1054 1442 Nec
1081 1406 1154 1441 iam
1184 1406 1224 1441 in
1251 1406 1409 1442 tenebris
1437 1406 1495 1441 vel
1522 1404 1711 1447 cubiculis,
1730 1405 1791 1440 sed
1821 1414 1929 1448 super

299 1465 395 1496 tecta
418 1462 628 1505 praedicare
653 1462 843 1506 incipiens,
871 1463 910 1497 in
940 1463 1148 1507 patentibus
1173 1462 1310 1506 campis
1333 1462 1406 1497 late
1429 1462 1670 1497 circumfusae
1700 1459 1929 1496 multitudini

302 1517 629 1559 sermocinabatur,
656 1521 690 1552 et
717 1518 830 1552 veluti
855 1529 919 1552 rex
947 1517 1229 1552 concionaturus
1252 1517 1297 1551 ad
1326 1517 1514 1561 populum,
1540 1516 1694 1561 stipatus
1713 1514 1929 1551 satellitibus

303 1572 478 1606 vexillum
503 1576 537 1607 et
561 1572 725 1617 gladium
752 1572 1039 1616 praeferentibus
1065 1571 1166 1607 velut
1189 1584 1272 1607 cum
1296 1572 1502 1616 insignibus
1517 1572 1703 1616 regalibus
1728 1581 1930 1606 sermonem

304 1628 467 1662 facturus
497 1628 692 1671 procedere
719 1628 872 1663 solebat.
902 1627 1083 1663 Audiebat
1112 1627 1218 1662 illum
1249 1627 1405 1672 populus
1434 1627 1602 1662 seductus
1633 1626 1728 1661 sicut
1758 1626 1930 1670 angelum

304 1681 387 1716 Dei.
412 1682 488 1715 Imo
506 1693 590 1716 vere
614 1682 691 1726 ipse
716 1681 869 1726 angelus
895 1681 1076 1717 Sathanae
1100 1681 1338 1723 declamabat,
1351 1681 1527 1717 ecclesias
1550 1681 1618 1717 Dei
1640 1680 1832 1725 lupanaria
1856 1692 1930 1715 esse

302 1738 514 1782 reputanda.
535 1738 639 1772 Nihil
657 1750 743 1780 esse,
763 1739 857 1782 quod
882 1739 1110 1774 sacerdotum
1126 1739 1245 1774 officio
1268 1738 1308 1773 in
1330 1750 1454 1774 mensa
1469 1738 1653 1773 dominica
1669 1738 1928 1781 conficeretur3

302 1793 531 1837 pollutiones,
558 1804 630 1828 non
653 1797 879 1828 sacramenta
903 1794 1137 1829 nominanda.
1167 1795 1224 1828 Ex
1246 1793 1385 1828 meritis
1409 1797 1444 1828 et
1467 1792 1657 1828 sanctitate
1680 1793 1930 1828 ministrorum

302 1848 474 1883 virtutem
500 1849 736 1884 sacramentis
760 1849 943 1889 accedere,
969 1859 1052 1883 cum
1072 1860 1115 1883 ex
1133 1848 1251 1883 verbis
1273 1860 1305 1882 s.
1325 1847 1545 1892 Augustini:
1573 1847 1750 1883 Dominus
1766 1845 1931 1882 Christus

301 1905 514 1940 traditorem
529 1917 636 1939 suum
655 1904 775 1948 (quem
799 1905 986 1940 diabolum
1009 1904 1225 1946 nominavit,
1243 1904 1306 1948 qui
1330 1908 1415 1939 ante
1439 1903 1676 1938 traditionem
1700 1902 1848 1938 Domini
1863 1913 1931 1937 nec

301 1959 431 1993 loculis
447 1959 639 1994 dominicis
655 1959 763 1994 fidem
779 1959 899 2002 potuit
926 1959 1110 2002 exhibere)
1127 1970 1211 1994 cum
1225 1959 1378 1993 coeteris
1398 1957 1569 2002 apostolis
1586 1958 1630 1992 ad
1646 1957 1931 2002 praedicandum

303 2025 457 2057 regnum
475 2014 658 2048 coelorum
675 2014 829 2055 miserit,
847 2017 888 2047 ut
913 2014 1177 2048 demonstraret
1196 2014 1291 2048 dona
1312 2013 1380 2048 Dei
1396 2013 1587 2057 pervenire
1611 2013 1656 2047 ad
1679 2024 1750 2056 eos,
1767 2012 1831 2056 qui
1847 2023 1931 2047 cum

305 2069 375 2103 fide
405 2070 601 2112 accipiunt,
618 2069 763 2104 etiamsi
786 2069 870 2103 talis
896 2069 956 2111 sit,
982 2080 1046 2112 per
1069 2081 1176 2112 quem
1204 2068 1402 2112 accipiunt,
1431 2069 1548 2112 qualis
1577 2069 1690 2103 Judas
1715 2068 1803 2103 fuit.
1840 2068 1931 2104 Item

303 2124 554 2168 Augustinus:
584 2124 620 2159 Si
645 2126 684 2159 in
707 2124 953 2168 percipiendis
986 2124 1225 2159 sacramentis
1247 2124 1367 2158 dantis
1391 2127 1426 2159 et
1450 2124 1662 2168 accipientis
1684 2127 1736 2159 est
1759 2124 1931 2159 meritum

303 2179 618 2220 considerandum,
632 2179 678 2213 sit
690 2180 810 2214 dantis
823 2179 889 2214 Dei
904 2183 938 2213 et
951 2179 1163 2222 accipientis
1176 2178 1419 2213 conscientiae
1432 2190 1550 2223 meae3
1561 2178 1651 2213 haec
1663 2180 1760 2214 enim
1773 2180 1845 2213 duo
1858 2190 1929 2214 non

303 2233 394 2268 mihi
410 2235 549 2269 incerta
564 2238 668 2268 sunt:
697 2234 841 2268 bonitas
857 2234 957 2269 illius
975 2237 1009 2269 et
1026 2234 1117 2269 fides
1132 2245 1228 2268 mea.
1249 2232 1344 2273 Quid
1361 2236 1396 2268 te
1413 2233 1627 2277 interponis,
1645 2234 1689 2268 de
1704 2245 1775 2277 quo
1791 2237 1932 2268 certum

305 2289 398 2323 nihil
414 2289 690 2332 scirepossumZ
715 2289 801 2324 Sine
824 2301 881 2325 me
902 2290 1023 2324 dicere
1042 2302 1050 2324 ε
1079 2290 1120 2324 In
1141 2289 1299 2324 Domino
1324 2289 1483 2324 confido.
1506 2289 1600 2324 Nam
1616 2289 1655 2324 in
1678 2293 1714 2325 te
1729 2290 1760 2324 si
1773 2290 1929 2332 confido,

303 2345 400 2379 unde
416 2345 570 2386 confido,
589 2345 618 2379 si
632 2345 725 2380 nihil
739 2345 827 2379 mali
842 2345 910 2380 hac
924 2350 1029 2381 nocte
1045 2344 1162 2380 fecisti
1177 2345 1190 2379 2

349 2400 481 2434 Contra
504 2399 569 2433 has
593 2404 627 2435 et
649 2400 857 2443 hujusmodi
887 2400 1085 2436 sententias
1115 2399 1314 2445 sacrilegus
1342 2399 1406 2434 ille
1432 2399 1640 2435 declamans
1671 2400 1933 2436 dehortabatur

304 2455 477 2498 populum
505 2466 526 2487 a
552 2455 783 2499 perceptione
819 2456 1038 2490 sacramenti
1066 2456 1228 2499 corporis
1256 2460 1291 2491 et
1317 2456 1510 2500 sanguinis
1538 2455 1696 2498 Domini,
1734 2455 1930 2501 prohibens

305 2511 414 2546 etiarn
440 2512 596 2546 decimas
619 2510 796 2546 ministris
819 2512 990 2547 ecclesiae
1017 2511 1208 2555 exhiberi3
1256 2512 1350 2555 quod
1378 2512 1486 2546 facile
1508 2512 1715 2547 volentibus
1737 2511 1929 2556 persuasit,

305 2567 390 2610 quia
419 2578 461 2601 ea
487 2570 629 2601 tantum
657 2566 901 2611 praedicabat,
925 2577 1016 2610 quae
1033 2567 1089 2601 vel
1120 2567 1282 2602 novitate
1305 2567 1361 2601 sui
1378 2567 1436 2601 vel
1451 2578 1586 2611 magna
1601 2567 1789 2602 voluntate
1804 2566 1930 2611 populi

306 2622 483 2666 placitura
499 2623 648 2656 sciebat.

351 2676 501 2711 Talibus
514 2676 695 2720 nequitiae
710 2677 932 2712 successibus
948 2677 1079 2711 misero
1094 2675 1237 2711 homini
1256 2678 1358 2711 tanta
1377 2675 1523 2710 sceleris
1539 2675 1689 2711 accessit
1710 2675 1876 2718 audacia,
1891 2679 1932 2711 ut

307 2730 416 2766 etiam
432 2744 470 2766 se
488 2731 601 2766 Deum
618 2731 765 2773 diceret,
791 2743 965 2774 asserens,
984 2732 1082 2775 quia,
1098 2730 1128 2765 si
1153 2730 1316 2766 Christus
1342 2730 1422 2765 ideo
1448 2730 1544 2766 Deus
1560 2734 1624 2771 est,
1641 2731 1727 2774 quia
1754 2729 1931 2774 Spiritum

309 2786 482 2820 Sanctum
505 2786 700 2827 habuisset,
726 2798 763 2821 se
786 2798 859 2821 non
883 2785 1035 2821 inferius
1059 2797 1125 2821 nec
1151 2784 1364 2820 dissimilius
1390 2784 1520 2827 Deum,
1549 2785 1636 2828 quia
1666 2784 1931 2828 plenitudinem

310 2840 464 2884 Spiritus
482 2840 605 2874 Sancti
630 2840 839 2884 accepisset.
862 2841 903 2875 In
930 2852 1002 2884 qua
1029 2840 1321 2884 praesumptione
1337 2840 1427 2874 adeo
1455 2839 1583 2880 illusit,
1600 2842 1642 2874 ut
1657 2838 1805 2882 quidam
1828 2838 1868 2874 in
1890 2850 1931 2874 eo

308 2894 538 2929 divinitatem
564 2898 838 2935 venerarentur,
856 2894 1055 2930 intantum
1072 2898 1113 2929 ut
1125 2893 1245 2929 balnei
1261 2894 1316 2928 sui
1341 2905 1472 2938 aquam
1496 2894 1691 2938 potandam
1718 2892 1931 2929 stultissimo

308 2949 441 2993 populo
470 2959 536 2992 pro
563 2948 813 2984 benedictione
841 2949 1017 2984 divideret
1041 2948 1143 2997 velut
1178 2950 1354 2984 sacratius
1385 2950 1422 2984 et
1450 2948 1633 2984 efficacius
1661 2951 1928 2985 sacramentum

309 3005 539 3048 profuturum
555 3002 663 3040 saluti
680 3004 843 3048 corporis
858 3008 893 3040 et
908 3003 1066 3040 animae.
