2097 3466
796 255 930 290 ANNO
957 256 1058 290 1307
1681 258 1743 291 153

111 346 302 392 persistens
317 359 391 384 una
405 348 444 384 in
459 349 599 384 duabus
623 349 762 384 naturis
785 350 985 386 substantia
1008 349 1155 394 accepit
1169 360 1245 385 esse
1260 349 1304 384 de
1320 352 1453 391 nostro,
1473 352 1514 384 ut
1538 349 1747 386 Divinitatis

110 404 187 447 ejus
203 403 395 448 participes
412 404 589 439 fieremus
606 404 743 439 Horum
761 404 869 440 otiam
886 405 998 450 aliqui
1016 409 1142 440 contra
1159 416 1283 449 regem
1300 408 1335 439 et.
1353 405 1545 448 prophetas
1561 406 1746 440 erroribus

111 455 324 494 insultantes
350 459 498 494 dicunt:
525 460 622 504 quod
646 460 797 504 quilibet
825 459 962 494 hahens
993 471 1148 493 natm-em
1182 460 1402 503 Ieyicimam,
1432 471 1546 493 causa
1570 460 1746 504 sequendi

112 514 229 548 Deum
254 516 413 558 propria
443 514 630 548 voluntate
657 526 752 554 eam,
783 518 903 549 inrita
929 527 984 555 ea,
1003 517 1119 560 possit
1153 515 1348 554 ‹limium-e,
1383 519 1508 549 contra
1538 519 1744 549 sanctorum

111 571 255 612 patrum
271 570 415 605 decreta
431 573 466 605 et
479 570 678 604 doctrinam
693 570 844 614 apostoli
862 560 1084 614 prohibentis
1100 571 1144 604 ab
1158 570 1271 605 invito
1289 581 1435 604 uxorem
1450 582 1468 603 a
1486 571 1562 604 viro
1575 575 1610 605 ct
1626 571 1744 605 virum

111 623 157 658 ab
173 635 284 659 uxore
299 623 376 658 sine
393 635 501 658 causa
517 624 663 659 dimitti.
685 625 729 659 Et
745 625 921 668 seriptum
941 629 993 660 cst
1010 638 1017 660 :
1039 626 1144 664 Quod
1173 636 1259 668 erqo
1289 626 1385 658 Deus
1416 626 1620 668 conjunxit,
1639 624 1747 658 hemo

111 689 186 712 non
201 684 354 724 separet.
382 680 435 714 Ex
451 691 522 723 quo
540 679 764 714 ostendimur
790 681 864 714 fore
889 680 1137 715 indissolubile
1153 680 1229 714 sine
1256 691 1364 713 cansa
1381 680 1600 714 matrimonii
1630 691 1746 714 saera-

110 735 284 775 mentum,
303 745 366 777 per
381 745 490 777 quam
513 734 765 769 auctoritatem
799 735 968 769 Divinam
1000 734 1173 770 ecclesiae
1203 735 1429 778 primatibus,
1448 746 1600 777 qnorum
1630 740 1681 769 est
1712 736 1748 769 in

110 787 243 824 talibus
253 789 434 832 ‚iudicium
457 790 748 833 exspectandum,
777 790 854 824 sinc
886 801 995 824 causa
1018 789 1206 824 dissolutio
1234 789 1439 833 hujusmodi
1456 793 1508 825 est
1532 789 1746 830 interdicta;

111 846 245 888 quanto
260 844 377 889 magis
392 844 543 880 subditis
567 844 803 888 simplicibus,
823 856 979 888 quorum
999 856 1070 879 non
1095 848 1148 880 est
1167 844 1346 889 judicare,
1365 846 1425 880 sed
1439 845 1746 890 potius-judicari?

284 932 332 966 II.
353 931 406 965 De
421 933 600 965 instantia
617 930 889 965 haeretieorum
909 931 1221 976 supradictorum
1239 942 1332 975 quae
1344 933 1460 976 possit
1476 931 1572 975 fieri.

155 1009 226 1045 Sed
248 1010 340 1044 forte
356 1009 501 1044 dicunt:
523 1008 593 1047 chz'
609 1008 750 1052 Spiritu
762 1009 830 1042 Dei
847 1013 1024 1052 afflantur,
1043 1019 1117 1041 ozon
1133 1013 1218 1041 sunt
1233 1008 1299 1042 sub
1316 1007 1404 1052 lesse.
1424 1010 1470 1043 At
1488 1008 1740 1051 respondeant:

110 1064 288 1109 quomodo
301 1063 439 1108 Spiritu
457 1063 521 1098 Dei
538 1066 707 1107 agantur,
727 1062 788 1106 qui
806 1066 934 1097 contra
952 1062 1131 1106 Spiritum
1156 1062 1220 1096 Dei
1240 1065 1356 1107 agunt
1380 1063 1603 1107 prohibentis=
1628 1063 1747 1097 virum

110 1120 155 1155 ab
172 1130 283 1154 uxore
298 1122 333 1154 et.
349 1130 541 1154 econverso
557 1119 634 1153 sine
650 1130 758 1153 causa
782 1117 929 1159 dimitti,
951 1117 1093 1161 judicio
1111 1117 1282 1152 ecclesiae
1299 1119 1508 1162 approbato,
1524 1123 1563 1154 ut
1579 1120 1744 1163 superius

109 1177 163 1211 est
178 1174 390 1219 probatum?
409 1174 544 1208 Verum
567 1174 694 1208 dicunt
718 1174 813 1217 quod
829 1173 898 1207 hoc
923 1173 974 1208 eis
999 1173 1152 1207 coelitus
1176 1172 1223 1207 sit
1247 1174 1465 1214 revelatum;
1485 1174 1545 1208 scd
1569 1175 1748 1218 quomodo

109 1230 228 1266 sciunt
240 1230 336 1274 quod
351 1230 440 1265 haec
456 1229 628 1264 revelatio
645 1228 691 1263 sit
704 1229 878 1269 eoelestis,
896 1239 978 1262 cum
994 1227 1105 1263 Satan
1119 1227 1157 1262 in
1178 1227 1252 1262 ucis
1266 1229 1435 1273 angelum
1449 1241 1485 1264 se
1499 1229 1748 1264 transformet?

111 1284 181 1320 Sed
196 1285 288 1320 forte
305 1285 500 1326 instabunt,
521 1284 606 1328 quia
622 1283 798 1328 scriptum
822 1287 890 1318 est:
911 1284 990 1317 Lex
1009 1294 1083 1317 non
1100 1288 1152 1316 est
1169 1285 1344 1328 imposita
1349 1285 1467 1327 justo,
1481 1285 1597 1328 justos
1614 1296 1650 1319 se
1674 1296 1749 1319 esse

110 1342 146 1376 et
161 1340 238 1375 sine
261 1344 407 1384 peccato
430 1342 619 1383 jactantes
639 1341 687 1374 At
718 1340 934 1373 erubescant
966 1339 1128 1382 profecto
1162 1337 1266 1381 impii
1297 1340 1519 1374 attendentes
1549 1341 1750 1383 apostolum

111 1395 268 1431 Paulum
284 1395 473 1440 egregium
489 1394 661 1429 ecclesiae
685 1395 880 1435 doctorem,
901 1393 1089 1428 electionis
1118 1405 1181 1427 vas
1195 1393 1333 1437 Spiritu
1349 1393 1481 1429 Sancto
1506 1395 1664 1439 plenum,
1688 1395 1750 1438 qui

110 1451 179 1487 ait:
198 1450 311 1485 Nihil
327 1451 422 1484 milii
440 1452 606 1485 conscius
622 1461 718 1491 sum,
737 1450 803 1484 sed
818 1460 894 1482 non
922 1451 963 1482 in
986 1448 1053 1482 hoc
1063 1449 1292 1492 justificatus
1308 1459 1410 1492 smn3
1435 1457 1470 1484 et
1485 1450 1573 1484 alibi
1590 1451 1749 1486 beatissi-

110 1517 191 1541 mus
206 1507 382 1542 Joannes:
401 1506 440 1540 Sa*
464 1507 565 1539 enim
590 1505 802 1539 dixerimus
819 1504 1122 1549 quodpeceetum
1140 1515 1215 1537 non
1231 1503 1419 1545 habemus,
1438 1516 1504 1539 710»-
1522 1508 1595 1549 ipsi
1613 1506 1748 1551 decipi-

111 1573 205 1597 mus.
225 1562 271 1597 Et
293 1564 437 1597 sanctus
461 1561 541 1602 Job,
560 1561 604 1595 de
620 1572 657 1595 se
680 1560 757 1604 ipso
782 1560 934 1603 loquens
959 1559 1100 1602 inquit:
1129 1559 1168 1592 Si
1191 1559 1352 1603 simplex
1375 1560 1424 1601 (id
1447 1563 1500 1595 est
1520 1562 1664 1604 justus),
1683 1561 1750 1594 lzoc

111 1619 236 1664 ipsum
254 1617 440 1662 ignorabit
458 1619 588 1650 anima
606 1628 700 1651 mea.
720 1616 767 1651 Hi
785 1619 869 1651 sunt
884 1615 1059 1651 haeretici
1084 1615 1146 1659 qui
1171 1616 1295 1650 foedus
1320 1616 1544 1651 Christianae
1560 1615 1748 1660 religionis

111 1675 307 1710 dissolvere
322 1673 536 1709 moliuntur.
556 1673 645 1708 Item
660 1672 788 1707 dicunt
805 1671 987 1707 fallaciter
1002 1672 1228 1713 mentientes,
1243 1672 1449 1716 simplicem
1466 1674 1750 1713 fornicationem

111 1741 187 1765 non
199 1740 275 1764 esse
285 1735 487 1773 peccatum,
507 1740 591 1762 cum
608 1731 730 1763 tamen
750 1727 845 1762 inter
857 1728 980 1762 decem
998 1730 1189 1771 praecepta
1206 1726 1270 1762 Dei
1287 1727 1400 1771 digito
1417 1727 1605 1771 designata
1619 1727 1711 1762 Mosi
1729 1739 1751 1762 a

112 1785 187 1820 Deo
203 1784 337 1820 tradita
351 1784 388 1819 in
401 1785 535 1819 montis
548 1785 689 1819 excelso
706 1795 871 1828 expresse
888 1783 1080 1818 fornicatio
1098 1783 1206 1818 fuerit
1220 1782 1431 1826 interdicta3
1449 1786 1483 1818 et
1497 1783 1558 1827 qui
1576 1782 1749 1817 fornicari

111 1839 309 1884 prohibuit,
343 1839 439 1875 inter
466 1839 668 1884 simplicem
704 1838 981 1874 fornicationem
1018 1841 1053 1873 et
1084 1838 1192 1873 aliam
1218 1850 1289 1873 non
1313 1838 1488 1874 distinxit.
1516 1838 1618 1873 Hanc
1641 1839 1750 1873 ctiam

111 1898 318 1930 sanctorum
342 1895 491 1940 regulae
519 1899 555 1930 et
583 1906 738 1929 canones
767 1894 991 1930 interdicunt
1021 1897 1057 1928 ct
1085 1893 1298 1938 simpliciter
1327 1893 1520 1938 prohibita,
1540 1894 1625 1938 quia
1655 1895 1751 1928 mala

111 1949 332 1995 generaliter
359 1950 471 1985 vetita
495 1950 795 1994 comprobanturg
814 1952 849 1984 et
877 1950 971 1993 quod
998 1960 1069 1983 non
1092 1953 1145 1984 est
1167 1952 1373 1984 sanctorum
1397 1950 1540 1985 decreto
1556 1949 1746 1992 sancitum,

111 2005 173 2040 sed
197 2005 317 2049 potius
341 2004 587 2046 interdictum,
622 2016 693 2039 non
724 2008 777 2040 est
800 2004 1058 2048 superstitiosis
1081 2004 1273 2039 contrariis
1303 2004 1402 2038 falsis
1432 2004 1748 2040 adinventionibus

110 2060 424 2104 praesumendum.

159 2115 257 2156 Quos
289 2126 430 2150 errores
461 2115 707 2159 praesentibus
731 2116 931 2150 refutamus
962 2115 1122 2160 talesque
1149 2115 1476 2151 excommunicatos
1492 2118 1527 2151 et
1549 2115 1748 2151 haereticos

107 2170 317 2216 judicamus
333 2174 369 2206 et
382 2170 451 2204 nisi
468 2170 636 2206 celeriter
648 2173 681 2205 et
699 2170 842 2214 publice
860 2170 1084 2215 resipiscant,
1104 2171 1279 2206 saeculari
1291 2171 1431 2216 judicio
1448 2172 1746 2216 comprimendos.

112 2226 158 2261 Et
170 2225 266 2270 quod
279 2225 478 2261 amaricata
494 2228 613 2260 mente
629 2225 790 2267 ferimus,
809 2237 934 2261 eornm
953 2226 1066 2270 aliqui
1084 2226 1167 2261 laici
1185 2239 1228 2261 ac
1243 2227 1380 2262 litteras
1397 2227 1592 2262 nescientes
1609 2227 1747 2271 praedi-

111 2280 296 2316 catoribus
324 2283 360 2315 et
382 2280 586 2315 minoribus
602 2280 640 2315 in
657 2281 882 2316 sermonibus
900 2293 1025 2316 eornm
1044 2285 1079 2317 et
1097 2282 1424 2325 praedicationibus
1438 2282 1602 2326 publicis,
1618 2283 1748 2326 quibus

111 2334 150 2370 in
174 2346 264 2380 agro
289 2335 495 2381 theologiae
520 2336 691 2371 continue
718 2337 967 2371 laborantibus
999 2337 1329 2381 praedicationibus
1359 2338 1507 2372 verbum
1540 2349 1603 2381 per
1629 2350 1746 2373 sacro-

110 2394 272 2426 sanctam
305 2391 494 2426 ecclesiam
527 2395 581 2427 est
611 2391 852 2433 commissum,
887 2391 953 2426 Dei
984 2395 1019 2427 et
1050 2392 1133 2427 fidei
1164 2396 1300 2427 secreta
1331 2393 1528 2434 lucescunt,
1562 2405 1631 2428 non
1671 2395 1748 2429 sine

111 2445 316 2481 vehementi
332 2446 536 2490 suspicione
552 2446 742 2491 pravitatis
758 2447 962 2482 haereticae
973 2447 1115 2491 publice
1127 2447 1337 2483 restiterunt
1350 2448 1386 2482 in
1400 2448 1559 2483 fidelium
1573 2449 1746 2493 injuriam

111 2503 147 2536 et
161 2503 305 2536 sanctae
321 2501 493 2536 ecclesiae
509 2513 674 2537 errorum
692 2504 727 2536 et
743 2501 926 2537 caecitatis
944 2502 1138 2547 caliginem
1157 2502 1195 2536 in
1212 2503 1374 2537 veritatis
1397 2503 1514 2538 lucem
1538 2507 1748 2548 spargentes

110 2557 245 2591 temere
271 2555 503 2591 insultarunt.
532 2556 696 2598 Quorum
731 2556 932 2591 insolentiis
965 2560 1000 2592 et
1030 2557 1208 2601 pestiferis
1231 2557 1434 2592 actionibus
1461 2569 1531 2601 quo
1559 2569 1748 2602 possumus

110 2609 270 2646 remedio
298 2610 521 2654 disponimus
551 2611 744 2653 contraire,
782 2623 826 2646 ne
857 2623 922 2656 per
946 2612 1231 2647 taciturnitatem
1259 2623 1319 2647 eos
1346 2612 1465 2646 fovere
1490 2612 1746 2648 damnabiliter

111 2676 333 2700 censeamur.
353 2665 422 2700 Eos
444 2665 558 2710 igitur
574 2678 696 2701 omncs
712 2670 747 2702 et
763 2667 925 2711 singulos
940 2667 1159 2711 requirimus
1186 2671 1222 2702 et
1245 2678 1431 2701 monemus
1455 2671 1631 2711 quatenus
1647 2669 1744 2704 intra

110 2719 220 2755 unius
234 2719 366 2755 mensis
388 2720 557 2764 spatium,
582 2721 710 2756 habitu
734 2721 940 2764 hujusmodi
965 2727 1147 2766 assumpto
1173 2721 1319 2756 dimisso
1339 2726 1591 2767 resumptoque
1615 2723 1742 2768 priori,

110 2775 157 2810 ad
187 2786 302 2819 genus
331 2775 475 2810 vivendi
507 2775 700 2820 pristinum
730 2780 961 2812 revertantur
999 2778 1166 2812 manibus
1199 2778 1294 2813 vitae
1326 2778 1525 2813 necessaria
1552 2780 1673 2824 justis,
1707 2782 1748 2814 ut

111 2831 284 2872 solebant,
302 2829 488 2866 laboribus
511 2831 749 2875 acquirentes
769 2833 941 2876 Alioquin
971 2833 1065 2877 ipsos
1093 2844 1215 2868 omnes
1239 2837 1274 2868 et
1301 2833 1462 2878 singulos
1486 2834 1537 2869 cis
1562 2838 1597 2870 et
1619 2846 1745 2870 corum

111 2887 261 2922 cuilibet
275 2886 372 2922 dicto
388 2898 509 2923 mense
537 2899 601 2932 pro
626 2888 801 2923 canonica
817 2889 1014 2925 monitione
1031 2893 1066 2925 et
1082 2890 1236 2925 termino
1254 2889 1494 2934 peremptorio
1522 2895 1689 2926 currente
1707 2891 1745 2926 in

110 2941 168 2979 his
182 2941 326 2990 scriptis
340 2943 696 2981 excommunicamus
711 2948 747 2980 et
763 2956 784 2979 a
800 2945 940 2991 gremio
956 2945 1083 2982 matris
1106 2945 1279 2983 ecclesiae
1297 2956 1518 2990 separamuS‚
1537 2945 1607 2982 nisi
1625 2945 1744 2983 medio
