2097 3466
344 233 406 265 525
528 228 887 265 AANGEHAALDE
915 226 1322 262 HANDSCHRIFTEN
1350 227 1410 260 EN
1438 224 1807 261 DRUKWERKEN.

344 329 510 358 accurato
534 323 741 367 recognovit
764 322 939 365 Josephns
964 321 1128 364 Strange.
1148 323 1167 354 2
1183 319 1319 360 deelen,
1347 319 1498 360 Keulen,
1518 319 1620 354 Bonn
1636 329 1681 354 en
1699 318 1842 353 Brussel
1867 317 1962 352 1851.

344 378 418 420 (Zic
434 377 560 412 verder
574 377 617 411 de
635 376 779 410 werken
798 387 867 410 van
886 375 1104 409 Kauffmann
1121 384 1166 408 en
1183 373 1421 415 Wijbrands.)

389 456 441 488 23.
467 452 647 496 (AEgidius
664 451 845 487 Carlerius
861 452 900 485 of
922 450 1082 492 Curlier),
1102 450 1231 494 Sporta
1249 455 1279 483 et
1294 449 1468 494 Sportula
1482 449 1777 492 fraymentorum
1794 447 1967 492 magistri

345 509 488 553 ,Eqiclii
514 507 685 550 (ἀν-16113,
705 507 837 541 decani
861 507 1006 541 ecclesie
1032 507 1321 540 Cameraccnsz'S.
1341 507 1361 539 2
1381 505 1518 546 (1661611,
1538 504 1683 540 Brussel
1707 505 1790 538 1478
1806 513 1852 538 en
1869 503 1964 538 1479.

343 564 445 603 (Zeor
460 561 635 596 zeldzaam
651 562 762 603 werk,
783 573 882 596 waar
905 561 1035 596 slechts
1058 564 1149 596 twee
1171 561 1399 604 exemplaren
1416 571 1486 595 van
1502 559 1642 595 bekend
1657 560 1739 602 ziJn,
1757 556 1968 593 berustende

344 622 398 651 tor
425 615 662 656 Koninklijke
679 616 933 651 Bibliotheken
961 627 1030 650 van
1061 616 1204 650 Brussel
1235 627 1279 650 en
1308 616 1385 650 Den
1414 615 1528 659 Haag.
1561 614 1658 650 Voor
1683 613 1728 648 de
1753 611 1882 648 kennis
1903 611 1969 647 der

344 671 545 713 kerkelijkc
575 671 795 711 toestanden,
828 670 892 705 der
930 669 1267 714 bijgeloovigheden
1298 680 1344 704 en
1374 669 1439 704 der
1468 669 1659 711 ketterijen
1689 666 1895 712 gedurende
1923 665 1968 701 de

343 725 477 760 tweede
493 726 580 761 helft
603 726 668 761 der
686 727 742 760 15⁸
759 736 859 760 eeuw
883 725 921 759 in
945 725 988 760 de
1012 724 1235 759 bisdommen
1261 724 1459 767 Kamerijk,
1485 723 1636 759 Atrecht
1650 733 1696 758 en
1713 720 1876 757 Doornik
1888 721 1968 765 (6611

343 780 465 815 vierde
480 780 543 816 der
560 779 824 822 Nederlanden)
840 780 870 814 is
894 780 954 815 het
976 791 1063 815 eene
1086 779 1406 815 onwaardeerbare
1428 780 1529 814 bron.
1547 797 1591 805 —
1613 778 1675 813 Zie
1690 780 1801 822 mnne
1815 775 1967 813 verban-

342 835 466 878 deh'ng
489 835 526 870 in
549 835 611 870 het
633 834 791 877 Archief
806 845 894 869 voor
911 834 1216 870 Nederlandsche
1233 834 1592 880 kerkqeschiedenis,
1609 833 1687 870 deel
1708 832 1772 875 ΠΙ,
1790 832 1856 868 blz.
1877 833 1966 874 1-31,

346 891 457 931 1⁸⁸3)

388 970 440 1001 24.
466 967 499 1001 J.
518 967 559 1002 G.
576 967 620 1001 R.
641 969 800 1010 Acquoy,
818 966 982 1001 Gerardz'
993 968 1127 1011 Maynz'
1144 967 1318 1012 epistolae
1335 967 1390 1002 XI
1401 967 1439 1001 V.
1457 966 1683 1002 Amsterdam
1698 968 1793 1002 1857.

389 1045 441 1077 25.
469 1043 626 1078 Thomas
642 1054 663 1077 a
680 1043 838 1086 Kempis‚
860 1043 990 1087 Opera.
1010 1043 1128 1085 Parijs
1147 1045 1242 1078 1523.

394 1122 446 1153 26.
466 1119 515 1153 Μ.
531 1118 686 1154 Wesseli
704 1118 899 1154 Gansfortii
918 1118 1177 1163 Groningensis
1196 1120 1314 1164 Opera
1332 1130 1424 1164 quac
1445 1120 1607 1154 inveniri
1616 1123 1817 1163 potuerunt
1831 1119 1968 1153 omnia.

349 1174 557 1218 Groningen
574 1177 669 1209 1614.

391 1256 444 1287 27.
470 1252 689 1294 (Bernardus
719 1253 1017 1297 Lutzenburgus),
1046 1253 1246 1297 Cataleyzcs
1270 1253 1514 1288 hereticorum
1537 1252 1699 1288 omnium
1723 1263 1824 1297 pene,
1842 1251 1905 1296 qui
1928 1251 1974 1286 ad

347 1308 413 1343 hec
430 1318 542 1352 usque
566 1310 727 1351 tempora
751 1308 881 1351 passim
905 1308 1094 1343 literarum
1113 1307 1355 1344 monumentis
1378 1308 1511 1353 proditi
1539 1311 1634 1351 sunt,
1651 1307 1798 1344 illorum
1814 1307 1972 1348 nomina,

351 1372 491 1397 errores
514 1365 549 1396 et
573 1364 733 1404 tempora
756 1361 886 1404 quibus
909 1361 1078 1396 vixerunt
1095 1362 1295 1404 ostendens,
1316 1373 1385 1406 que
1397 1363 1422 1396 f.
1439 1361 1657 1396 Bernardus
1680 1361 1973 1405 Lutzenburqus,

348 1417 481 1452 artium
498 1421 531 1452 et
547 1427 732 1451 sacrarum
756 1417 945 1452 literarum
962 1417 1152 1460 professor,
1171 1417 1310 1452 ordinis
1325 1417 1576 1461 praedicatorij
1594 1417 1753 1462 quinque
1774 1416 1878 1452 libris
1892 1426 1974 1451 con-

349 1471 501 1514 scripsit,
534 1470 572 1504 in
604 1470 706 1505 cuius
738 1471 835 1505 calce
867 1473 902 1506 et
928 1471 971 1506 de
1000 1471 1133 1506 Lutero
1164 1471 1331 1506 nonnihil
1360 1472 1616 1516 deprehendes
1641 1490 1684 1498 —
1707 1471 1828 1508 Editio
1853 1471 1973 1512 tertia,

350 1525 532 1569 prioribus
549 1525 785 1560 emaculatior
801 1528 836 1560 et
860 1526 974 1560 multo
997 1525 1224 1569 locupletior,
1244 1537 1372 1571 nempe
1395 1526 1538 1571 integro
1561 1526 1655 1561 libro
1670 1527 1716 1562 ab
1738 1526 1816 1570 ipso
1831 1527 1978 1561 auctore

351 1592 446 1615 nunc
478 1583 584 1615 aucta
614 1583 649 1615 et
679 1580 876 1625 recognita.
910 1580 1088 1622 (Keulen)‚
1121 1592 1215 1616 anno
1248 1581 1488 1624 M.D.XXVI,
1527 1592 1648 1617 mense
1675 1581 1822 1617 Martio.
1852 1598 1897 1608 —
1925 1580 1977 1615 De

352 1635 526 1679 opdracht
553 1645 622 1669 aan
651 1634 809 1670 Herman
833 1635 877 1670 de
900 1634 1030 1676 weda,
1057 1635 1321 1680 aartsbisschop
1348 1647 1419 1671 van
1449 1636 1600 1678 Keulen,
1626 1636 1658 1671 is
1683 1634 1974 1680 gedagteekend:

354 1690 502 1724 Colonie
525 1689 757 1724 M.D.XX11.
775 1689 1018 1731 (Bibhotheek
1043 1690 1108 1725 der
1125 1690 1302 1726 Gentsche
1325 1690 1590 1735 hoogeschool).
1610 1690 1705 1726 Over
1726 1690 1782 1726 dit
1802 1690 1979 1727 zeldzaam

352 1756 396 1779 eu
421 1756 499 1780 zeer
523 1744 728 1788 belangrijk
752 1744 863 1786 werk,
882 1744 933 1779 zie
956 1745 1058 1786 Moll,
1084 1744 1451 1789 Kerkyeschiedenis,
1469 1746 1548 1782 deel
1571 1745 1617 1788 11,
1635 1748 1672 1781 3⁰
1697 1745 1792 1788 stuk,
1816 1745 1882 1780 blz.
1902 1746 1977 1786 104,

353 1803 435 1834 noot
452 1800 483 1833 2.

396 1875 449 1907 28.
476 1872 517 1907 G.
537 1872 737 1913 Prateolus,
765 1872 819 1906 De
845 1874 942 1915 vitis,
967 1873 1072 1907 sectis
1096 1878 1128 1907 et
1152 1873 1386 1918 doqmatibus
1413 1876 1580 1908 omnium
1608 1873 1890 1917 haereticorum,
1916 1873 1979 1918 qui

353 1928 398 1961 ab
422 1928 508 1961 orbe
532 1927 676 1961 condito
700 1927 745 1961 ad
772 1931 893 1962 nostra
918 1938 1030 1971 usque
1056 1930 1217 1972 tempora
1244 1932 1280 1963 et
1307 1931 1469 1964 veterum
1497 1932 1534 1964 et
1559 1928 1759 1965 recentium
1785 1929 1980 1964 authorum

354 1981 582 2016 monimentis
599 1981 731 2024 proditi
756 1984 849 2022 sunt,
869 1981 1039 2015 elenchus
1056 1982 1318 2026 alphabeticus.
1338 1983 1479 2019 Keulen
1499 1986 1595 2019 1569.

398 2058 450 2090 29.
478 2056 513 2090 S.
545 2057 767 2101 Tengnagel,
803 2057 975 2092 Collectio
1004 2064 1166 2092 velerum
1197 2065 1521 2094 monumentorum
1551 2065 1680 2095 contra
1706 2059 1977 2094 Schismaticos'.

355 2110 550 2155 Ingolstadt
567 2114 660 2146 11512.

400 2192 452 2223 30.
480 2190 660 2233 Duplessis
683 2190 906 2234 d'Aaegentre,
939 2191 1112 2225 collectio
1132 2192 1369 2235 judiciorum
1403 2193 1448 2226 de
1477 2194 1585 2226 novis
1614 2193 1817 2235 erroribus,
1841 2192 1904 2236 qui
1936 2193 1981 2228 ab

358 2244 460 2279 initio
477 2244 680 2279 duodecimi
696 2245 808 2279 seculi
822 2249 899 2288 post
911 2245 1201 2281 quat-nationem
1217 2246 1325 2281 Verbi
1339 2258 1451 2291 usque
1464 2247 1509 2283 ad
1523 2258 1657 2282 annum
1674 2250 1757 2283 1632
1769 2247 1808 2282 in
1822 2248 1982 2283 Ecclesia

358 2298 547 2342 proscripti
565 2302 645 2333 sunt
664 2302 699 2334 et
711 2299 835 2334 notati.
856 2302 874 2334 3
890 2299 1027 2341 (1661611,
1047 2301 1165 2343 Parijs
1183 2303 1377 2336 1728-1736.

401 2377 455 2408 30.
485 2374 713 2418 Ontdeckiozy
729 2386 803 2409 van
820 2380 942 2419 tovcry
960 2376 1176 2412 beschreven
1193 2377 1231 2411 in
1257 2377 1388 2421 Engels
1404 2378 1492 2413 door
1511 2378 1667 2414 Reinald
1685 2379 1781 2421 Scot,
1799 2379 1983 2423 verduytst

360 2429 405 2472 by
423 2429 491 2463 Th.
510 2440 555 2464 en
580 2430 620 2463 G.
649 2430 796 2471 ssasson,
822 2434 873 2465 tot
898 2431 1033 2466 Leiden
1062 2434 1158 2466 1637.
1177 2451 1220 2457 -
1243 2433 1429 2468 Zeldzaam
1452 2434 1573 2477 werk;
1600 2434 1652 2469 zie
1682 2432 1983 2469 Kerklzistorisch

360 2484 520 2527 Arclu‘ef,
538 2485 616 2520 (1661
633 2485 662 2526 I,
679 2486 743 2520 blz.
763 2487 837 2520 253.

406 2563 457 2595 32.
489 2561 533 2595 Li
551 2561 677 2595 Livres
694 2562 876 2605 dejostz'ce
892 2568 922 2597 et
939 2563 1083 2608 deplet,
1102 2564 1318 2608 uitgegeven
1335 2565 1424 2600 door
1440 2566 1586 2611 Rapetti
1603 2566 1641 2601 in
1657 2567 1701 2602 de
1721 2566 1922 2602 Collection
1939 2566 1984 2601 de

363 2616 573 2650 documenes
590 2616 726 2651 inedies
742 2628 807 2651 sur
820 2617 998 2653 l‘hz'stoire
1014 2619 1058 2653 de
1073 2619 1228 2654 France.
1249 2621 1365 2663 Parijs
1384 2624 1478 2656 1850.

407 2695 460 2727 33.
485 2693 788 2728 Escablissemens
801 2695 845 2728 dc
857 2695 963 2729 δαέντι
975 2695 1088 2729 Louis
1105 2695 1142 2729 in
1153 2695 1197 2730 de
1213 2696 1474 2732 Ονιῖοηηαιιοεε
1488 2697 1552 2732 des
1565 2699 1654 2734 Rois
1667 2698 1711 2733 de
1724 2699 1868 2733 France
1883 2698 1927 2732 de
1944 2697 1982 2733 la

364 2749 548 2782 troisicme
562 2759 657 2783 race.
677 2751 717 2783 22
734 2750 870 2792 deelen,
890 2750 1006 2791 Parijs
1023 2752 1223 2784 1723-1843.

408 2826 460 2857 34.
487 2824 653 2869 Phjlippe
669 2826 712 2860 de
730 2826 980 2867 Beaumanoir,
999 2826 1194 2861 coucumes
1212 2827 1261 2861 du
1279 2827 1512 2871 Beauvoisis,
1530 2829 1745 2874 nitgegeven
1768 2830 1857 2866 door
1879 2830 1988 2874 graaf

366 2879 540 2923 Beugnot.
561 2883 580 2915 2
597 2881 732 2924 (1661611,
753 2883 869 2924 Parios
888 2885 982 2917 1842.
