2097 3466
332 259 372 291 53
1010 253 1140 288 ANNO
1167 256 1183 288 1
1194 256 1210 288 1
1221 256 1266 288 85

332 351 376 384 ab
399 350 537 393 objecto
565 351 665 382 reatu
691 346 936 391 purgaverint,
963 347 1018 381 vel
1042 345 1071 379 si
1099 348 1177 390 post
1201 346 1451 390 purgationem
1474 346 1670 382 exhibitam
1694 348 1732 382 in
1755 348 1943 392 pristinam

333 403 465 437 fuerint
491 401 621 445 relapsi
649 401 845 445 perfidiam,
871 400 1118 444 episcoporum
1139 400 1280 444 judicio
1307 399 1543 444 punia[n]tur.
1571 401 1608 435 Si
1637 401 1698 446 qui
1721 413 1805 437 vero
1827 414 1871 437 ex
1893 402 1944 437 eis

326 457 547 502 jurationem
570 459 741 499 tanquam
763 455 908 489 omnino
931 455 1195 498 dampnabitem
1218 455 1452 498 respuendam
1468 455 1700 498 pertinaciter
1714 458 1943 500 asseruerint,

331 525 374 547 cx
391 513 457 545 hoc
477 511 551 554 ipso
567 510 716 545 heretici
727 510 939 553 judicentur
954 513 987 543 ct
1006 509 1105 552 penis
1121 521 1189 552 que
1205 509 1451 553 prenominate
1467 513 1561 551 sunt,
1580 512 1831 554 percellantur.

379 567 576 602 Statuimus
602 566 748 609 insuper
771 568 811 599 ut.
835 565 992 605 comites,
1011 566 1172 603 barones,
1190 568 1345 600 rectores
1361 569 1395 600 et
1412 567 1572 601 consules
1593 567 1778 602 civitatum
1802 570 1835 602 et
1859 568 1944 603 alio-

333 634 413 657 rum
442 622 602 655 locorum
624 623 730 665 juxta
761 621 1074 655 commonitionem
1098 620 1448 664 archiepiscoporum
1472 623 1508 656 et
1529 622 1776 665 cpiscoporum
1799 622 1946 666 prestito

334 676 567 720 corporaliter
596 677 803 718 juramento
838 675 1063 718 promittant,
1097 675 1191 717 quod
1222 675 1259 708 in
1291 676 1455 710 omnibus
1485 675 1697 718 supradietis
1727 676 1880 711 fideliter
1911 678 1948 711 et

333 731 536 771 efficaciter,
569 741 650 763 eum
681 730 725 763 ab
753 729 803 764 eis
833 729 960 763 exinde
984 728 1118 763 fuerint
1145 728 1319 771 requisiti,
1346 729 1531 764 ecclesiam
1563 732 1687 764 contra
1716 730 1890 765 hereticos
1912 733 1947 766 et

334 795 456 819 eorum
484 783 673 826 complices
703 784 925 828 adjuvabunt
958 787 992 817 et
1024 783 1216 817 studebunt
1250 784 1343 817 bona
1375 783 1444 818 fide
1467 785 1574 827 juxta
1600 784 1757 818 officium
1783 787 1818 819 et
1849 795 1947 828 posse

333 851 436 873 suum
464 838 703 873 ecelesiastica
730 842 863 873 statuta
886 838 982 873 circa
1009 850 1051 872 ea
1078 849 1145 882 que
1173 837 1346 879 diximus,
1377 838 1579 873 executioni
1605 839 1786 873 mandare.
1817 839 1855 873 Si
1886 839 1948 883 qui

334 906 418 929 vero
445 894 481 929 id
508 895 695 928 observare
719 894 911 934 noluerint,
930 894 1066 927 honore
1090 904 1194 936 quem
1219 893 1391 935 obtinent,
1410 893 1607 936 spolientur
1629 896 1664 929 et
1686 894 1732 928 ad
1754 894 1843 929 alios
1869 895 1946 930 nul-

334 949 472 983 latenus
499 951 737 988 assumantur,
767 947 1023 982 nichilominus
1050 947 1419 982 excommunicatione
1445 947 1582 992 ligandi
1609 951 1644 983 ct
1669 951 1763 983 terre
1789 948 1947 993 ipsorum

335 1004 516 1039 interdicti
539 1004 713 1039 sententie
736 1006 993 1048 supponantur.
1025 1002 1159 1038 Civitas
1185 1005 1318 1044 autem,
1348 1015 1416 1047 que
1439 1004 1495 1038 his
1517 1002 1754 1038 decretalibus
1776 1002 1948 1039 institutis

334 1059 477 1094 duxerit
514 1058 776 1102 resi[s]tendum
808 1059 865 1092 vel
900 1060 1024 1092 contra
1055 1057 1369 1092 commonitionem
1398 1057 1555 1101 episcopi
1593 1057 1721 1101 punire
1751 1058 1948 1101 neglexerit

335 1114 547 1154 resistentes,
566 1112 720 1147 aliarum
737 1114 857 1147 careat
873 1112 1080 1147 commertio
1097 1112 1285 1147 civitatum
1300 1114 1336 1147 et
1359 1111 1551 1156 episcopali
1567 1123 1603 1147 se
1619 1111 1758 1146 noverit
1773 1111 1948 1157 dignitate

336 1168 558 1213 privandam.

380 1224 510 1258 Omnes
532 1224 640 1258 etiam
667 1223 824 1257 fautores
847 1222 1088 1257 hereticorum
1111 1224 1283 1265 tanquam
1310 1224 1481 1265 perpetua
1505 1222 1653 1257 infamia
1675 1222 1951 1266 condempnatos

337 1279 380 1312 ab
411 1277 643 1312 advocatione
669 1280 703 1312 et
731 1276 933 1311 testimonio
963 1279 999 1311 et
1025 1276 1107 1310 aliis
1133 1276 1286 1319 publicis
1313 1276 1440 1311 officiis
1466 1277 1690 1312 decernimus
1717 1279 1948 1322 repellendos.

338 1332 376 1366 Si
398 1332 458 1376 qui
483 1343 567 1366 vero
591 1332 736 1373 fuerint,
762 1331 823 1375 qui
847 1344 868 1366 a
891 1333 970 1376 lege
990 1331 1177 1366 diocesane
1193 1331 1457 1376 jurisdictionis
1480 1332 1633 1376 exempti
1656 1333 1722 1367 soli
1745 1334 1950 1377 subjaceant

337 1386 529 1430 apostolice
556 1386 647 1421 sedis
680 1386 855 1430 potestati,
889 1385 1144 1420 nichilominus
1171 1385 1210 1419 in
1236 1385 1304 1427 his,
1334 1397 1402 1429 que
1431 1386 1595 1429 superius
1622 1389 1746 1421 contra
1775 1387 1951 1422 hereticos

338 1445 420 1476 sunt
445 1441 620 1482 instituta,
650 1440 1001 1484 aichiepiscopmum
1029 1441 1086 1474 101
1109 1439 1357 1483 episcopomm
1379 1440 1559 1484 judicium
1591 1442 1741 1476 subeant
1769 1443 1805 1477 et
1833 1441 1884 1476 eis
1912 1441 1952 1476 in

337 1497 405 1530 hac
432 1498 532 1539 parte
557 1498 742 1538 tamquam
765 1506 786 1528 a
813 1495 893 1529 sede
917 1494 1112 1538 apostolica
1137 1494 1322 1538 delegatis,
1346 1506 1418 1529 non
1441 1494 1662 1530 obstantibus
1689 1495 1864 1531 libertatis
1891 1507 1953 1531 sue

339 1563 381 1595 pi
382 1563 417 1584 11
419 1550 549 1595 ilegiis,
568 1551 809 1594 obsequantur
826 1553 882 1593 (1)

382 1606 565 1646 Preter,ea
601 1605 770 1648 quoniam
800 1605 964 1640 advocati
995 1605 1228 1640 ecclesiarum
1258 1606 1298 1640 in
1328 1608 1465 1641 tantam
1496 1608 1693 1640 noscuntur
1726 1605 1952 1652 insolentiam

340 1660 553 1705 prorupisse,
572 1663 612 1694 ut
636 1660 836 1695 sacerdotes
857 1663 892 1695 et
915 1660 1004 1695 alios
1020 1660 1169 1695 clericos
1186 1672 1249 1704 pro
1273 1672 1334 1695 sue
1351 1660 1545 1695 voluntatis
1561 1660 1711 1695 arbitrio
1732 1661 1771 1695 in
1795 1660 1954 1696 ecclesiis

339 1717 424 1760 ipsis
447 1716 637 1750 instituant
660 1718 766 1758 atque
790 1715 985 1750 destituant
1007 1718 1041 1750 et
1058 1717 1120 1759 jus
1141 1715 1327 1750 advocatie
1342 1715 1545 1749 donationis
1566 1716 1622 1750 vel
1645 1716 1834 1760 emptionis
1848 1716 1953 1752 titulo

339 1771 490 1814 aliisque
512 1782 576 1814 pro
599 1782 664 1804 sua
686 1771 870 1804 voluntate
897 1770 1138 1804 contractibus
1162 1770 1200 1804 in
1227 1769 1317 1804 alios
1339 1770 1533 1804 transferre
1556 1773 1772 1813 presumant,
1798 1771 1951 1813 fodrum,

339 1826 571 1871 albergarias,
600 1825 744 1869 rogium
775 1828 810 1860 et
840 1824 973 1859 similia
1003 1827 1186 1868 tamquam
1217 1836 1238 1859 a
1266 1824 1420 1869 propriis
1452 1824 1595 1859 rusticis
1627 1825 1671 1859 ab
1700 1823 1785 1868 ipsis
1811 1824 1955 1859 rusticis

340 1884 599 1924 extorquentes,
617 1883 652 1915 et
669 1880 763 1923 quod
777 1880 933 1914 ministri
950 1880 1182 1915 ecclesiarum
1198 1880 1249 1915 eis
1271 1880 1482 1914 inconsultis
1498 1880 1636 1915 faciunt
1645 1881 1752 1923 juxta
1767 1879 1952 1924 proprium

341 1935 531 1970 arbitrium
546 1934 584 1968 in
601 1934 745 1968 irritum
761 1934 985 1975 deducentes,
1004 1934 1158 1977 presenti
1175 1935 1316 1968 decreto
1333 1933 1612 1968 subnectimmus
1624 1935 1699 1977 (sic)
1715 1936 1750 1969 et
1761 1935 1955 1978 apostolica

341 1990 553 2025 auctoritate
570 1990 753 2023 firmamus
769 2001 838 2031 eos,
864 1989 937 2024 sive
961 1990 1124 2024 advocati
1140 1990 1214 2024 sive
1230 1990 1372 2033 patroni
1388 1990 1445 2024 vel
1467 1989 1682 2025 vicedomini
1706 1990 1780 2025 sive
1795 1991 1956 2026 custodes

340 2043 397 2077 vel
428 2041 598 2085 guardias
624 2041 794 2076 habentes
832 2053 893 2076 seu
928 2041 1000 2075 alio
1038 2042 1195 2084 quolibet
1227 2041 1371 2075 nomine
1401 2045 1630 2085 censeantur,
1663 2057 1684 2079 a
1714 2046 1955 2089 predictorum

340 2096 592 2141 gravaminum
616 2095 887 2139 importunitate
912 2107 1050 2130 cessare
1067 2095 1250 2139 nichilque
1266 2095 1305 2129 in
1328 2096 1486 2130 ecclesiis
1508 2096 1547 2130 in
1563 2098 1692 2140 quibus
1708 2099 1775 2133 sibi
1798 2100 1955 2144 aliquam

341 2155 384 2187 de
408 2151 575 2196 predictis
598 2152 784 2186 vindicant
800 2154 1020 2196 potestatem,
1039 2155 1158 2195 preter
1181 2152 1347 2195 antiquos
1365 2155 1399 2187 et
1421 2153 1622 2188 moderatos
1637 2153 1834 2188 redditusa
1848 2154 1955 2189 laico-

341 2219 422 2242 rum
437 2206 611 2250 episcopis
627 2205 810 2240 institutos
826 2206 981 2250 exigere,
1000 2209 1062 2241 aut
1083 2206 1112 2240 si
1134 2206 1240 2240 aliter
1260 2207 1411 2250 egerint,
1429 2208 1808 2242 excommunicationis
1823 2210 1957 2243 senten-

341 2261 390 2296 tie
414 2262 620 2304 subjacere3
647 2262 851 2294 contractus
874 2260 982 2295 etiam
1007 2271 1094 2303 quos
1118 2260 1163 2295 de
1189 2260 1406 2295 alienatione
1428 2261 1495 2295 adx
1498 2261 1613 2296 ocatie
1636 2274 1697 2297 seu
1720 2262 1957 2306 patron[at]us

342 2316 398 2350 101
421 2316 582 2350 fecerunt
607 2314 780 2349 hactenus
796 2315 853 2349 101
874 2315 1023 2350 facere
1015 2327 1054 2349 in
1077 2316 1200 2350 futulo
1218 2314 1509 2358 presumpserint,
1528 2315 1683 2358 presenti
1706 2315 1958 2352 constitutione

342 2382 521 2406 cassamus
537 2373 573 2405 et
589 2382 648 2405 eos
663 2370 737 2404 11111
753 2370 912 2413 aliquam
927 2371 1152 2406 decernimus
1169 2381 1240 2404 non
1251 2370 1394 2405 habere.

387 2426 440 2459 Ne
456 2428 575 2459 autem
598 2435 662 2467 per
685 2425 934 2468 appellationis
959 2425 1193 2465 obstaculum,
1212 2427 1275 2459 aut
1295 2424 1333 2458 in
1354 2423 1410 2458 his
1427 2435 1495 2467 que
1518 2424 1570 2458 dev
1584 2424 1751 2458 hereticis
1766 2423 1862 2458 dicta
1876 2425 1960 2459 sunt

344 2484 406 2514 aut
428 2479 467 2513 in
490 2480 744 2513 advocatorum
767 2480 974 2515 cohertione
997 2491 1103 2523 quam
1126 2479 1293 2520 diximus,
1312 2478 1530 2522 presentium
1553 2479 1743 2513 deludatur
1765 2477 1959 2513 auctoritas

343 2535 580 2575 decretorum,
605 2534 714 2568 totius
740 2534 989 2577 appellationis
1016 2533 1214 2568 remedium
1241 2534 1280 2567 in
1303 2532 1508 2577 prescriptis
1536 2532 1702 2576 capitulis
1728 2533 1956 2577 denegamus,

344 2590 480 2624 nullam
498 2589 639 2632 penitus
656 2589 876 2624 audientiam
894 2589 1112 2633 quibuslibet
1128 2592 1253 2623 contra
1268 2588 1333 2623 hec
1350 2588 1609 2631 appellantibus
1625 2586 1812 2631 prebituri.

389 2645 444 2679 Tu
472 2656 559 2689 ergo
589 2645 686 2679 circa
713 2644 943 2685 observanda,
973 2654 1041 2687 que
1067 2642 1162 2677 dicta
1188 2645 1270 2677 sunt
1296 2645 1332 2677 et
1358 2644 1501 2683 statuta,
1527 2641 1578 2676 sic
1605 2643 1640 2677 te
1666 2639 1859 2675 sollicitum
1885 2640 1958 2676 zelo

389 2871 432 2911 (l)
458 2869 545 2904 Hier
565 2869 705 2914 cindigt
727 2869 771 2906 de
792 2869 988 2914 aanhaling
1011 2881 1080 2905 van
1101 2870 1145 2905 de
1167 2868 1440 2913 veroordeeling
1455 2868 1518 2904 der
1541 2869 1674 2904 ketters
1695 2879 1740 2912 op
1761 2868 1785 2904 't
1801 2867 1959 2904 Concilie

348 2936 417 2959 van
434 2924 574 2960 Verona
594 2926 713 2967 (1184).
