2097 3466
332 248 394 282 295
1035 238 1166 274 ANNO
1193 240 1292 274 1418

334 338 468 375 fuerint
490 337 534 373 de
556 334 759 382 praemissis
784 333 992 370 haeresibus
1013 333 1071 369 vel
1094 333 1257 369 articulis
1279 334 1336 369 vel
1359 332 1480 378 aliquo
1503 332 1792 378 praemissorum,
1809 329 1951 368 eosdem

336 395 507 430 articulos
537 395 573 428 et
610 402 750 427 errores
779 391 986 425 solemniter
1022 392 1057 424 et
1091 389 1234 434 publice
1270 401 1450 431 revocare,
1483 389 1662 434 abjurare,
1695 386 1952 431 poenitentiam

335 450 563 493 condignam,
592 446 702 483 etiam
733 446 779 480 ad
810 444 1095 479 immutationem
1127 444 1167 486 (si
1200 444 1370 479 delictum
1401 443 1572 488 exegerit)
1611 442 1731 476 subire
1762 443 1950 486 cogant-ur.

333 507 481 541 Necnon
505 504 600 548 quod
627 513 767 537 errores
794 504 828 536 et
860 501 1022 534 haereses
1049 499 1266 543 hujusmodi,
1287 499 1544 542 cujuscumque
1573 497 1715 541 generis
1739 498 1796 532 vel
1822 495 1953 541 speciei

334 563 559 599 censeantur,
577 559 621 593 de
644 560 786 592 caetero
819 557 939 595 verbo,
966 559 1055 590 nutu
1080 555 1135 589 vel
1160 555 1253 589 facto
1271 565 1339 588 non
1365 554 1534 588 fovebunt.
1550 564 1610 587 seu
1635 551 1726 586 alios
1740 552 1786 586 ad
1809 551 1954 586 creden-

335 616 420 650 dum
449 614 520 649 illis
547 613 656 647 verbo
684 611 739 646 vel
769 612 874 649 sacto,
902 609 1044 653 publice
1075 609 1131 642 vel
1155 609 1306 648 occulte,
1338 608 1472 642 directe
1505 608 1561 642 vel
1589 607 1763 642 indirecte
1791 608 1854 641 aut
1882 604 1955 640 alio

338 669 464 714 quovis
486 668 592 702 modo
619 667 801 706 inducent,
820 665 1056 699 sufficientem
1081 667 1115 698 et.
1138 663 1302 698 idoneam
1320 663 1522 698 cautionem
1547 665 1727 706 praestare
1753 663 1955 697 teneantur.

341 724 444 765 Quod
467 723 496 756 si
521 723 641 757 forsan
673 721 813 756 eosdem
841 719 1012 754 articulos
1035 718 1241 753 solemniter
1263 721 1299 752 et
1324 717 1468 762 publice
1490 728 1660 752 revocare
1681 718 1717 751 et
1739 717 1908 760 abjurare
1921 715 1959 750 et

340 777 597 822 poenitentiam
625 775 854 818 condignam,
884 773 993 807 etiam
1019 772 1064 806 ad
1092 772 1378 806 immutationem
1406 775 1611 816 perpetuam
1643 770 1700 804 vel
1725 769 1958 814 temporalem

335 835 442 878 juxta
458 838 596 867 vestrae
612 828 838 865 discretionis
854 827 1045 862 arbitrium
1069 826 1145 861 sine
1168 826 1339 861 dilatione
1355 826 1486 867 subire,
1505 837 1547 860 ac
1569 826 1804 861 sufficientem
1827 824 1960 861 cautio-

341 899 423 922 nem
439 887 534 930 quod
550 896 690 920 errores
711 888 746 920 et
769 884 933 918 haereses
957 881 1050 925 ipsas
1073 882 1116 916 de
1141 884 1281 916 caetero
1312 893 1383 915 non
1406 882 1579 916 tenebunt
1606 892 1671 916 nec
1693 881 1865 916 fovebunt
1894 890 1960 915 nec

340 942 429 976 alios
445 941 490 975 ad
507 941 726 975 credendum
743 940 799 974 vel
815 939 924 973 verbo
941 938 998 972 vel
1015 938 1119 978 facto,
1138 937 1281 981 publice
1305 937 1361 971 vel
1377 936 1526 977 occulte,
1541 935 1676 971 directe
1701 935 1759 970 vel
1785 934 1960 970 indirecte

340 997 398 1031 vel
414 994 539 1040 quovis
556 995 717 1038 quaesito
742 994 861 1029 colore
885 993 1066 1033 inducent,
1086 994 1278 1035 praestare,
1296 1002 1358 1026 seu
1381 990 1527 1034 aliquod
1549 989 1827 1034 praemissorum
1841 990 1961 1024 facere

343 1050 536 1090 noluerint,
555 1054 686 1085 extunc
703 1051 828 1083 contra
852 1048 946 1090 ipsos
964 1048 1070 1090 juxta
1087 1045 1295 1088 qualitatem
1323 1055 1485 1079 errorum
1504 1056 1546 1079 ac
1562 1044 1776 1079 delictorum
1798 1054 1958 1085 suorum,

342 1105 450 1140 etiam
493 1104 534 1145 (si
562 1103 738 1147 expediat)
767 1106 950 1145 tamquam
978 1102 1102 1134 contra
1132 1099 1331 1133 haereticos
1362 1107 1425 1133 aut
1454 1099 1636 1133 haeretica
1662 1099 1743 1133 labe
1768 1108 1958 1142 respersos,

343 1158 558 1195 auctoritate
587 1164 707 1192 nostra
722 1158 827 1201 juxta
843 1154 1033 1190 canonicas
1050 1157 1084 1188 et
1104 1154 1237 1197 legales
1260 1153 1460 1188 sanctiones
1476 1154 1670 1188 summarie
1693 1155 1728 1188 et
1750 1151 1963 1196 simpliciter

342 1226 385 1249 ac
407 1215 451 1248 de
475 1214 580 1257 pleno
606 1212 683 1246 sine
710 1210 859 1254 strepitu
884 1213 919 1245 et
942 1210 1059 1253 figura
1085 1208 1217 1253 judicii
1241 1211 1276 1242 et
1298 1207 1405 1242 etiam
1423 1219 1466 1242 ex
1490 1207 1620 1249 officio,
1645 1206 1883 1252 appellatione
1898 1217 1961 1242 seu

342 1267 642 1312 appellationibus
670 1265 954 1309 quibuscumque
983 1263 1220 1304 cessantibus,
1253 1263 1466 1306 procedatis,
1497 1273 1540 1297 ac
1566 1263 1660 1306 ipsos
1682 1264 1788 1305 juxta
1820 1260 1962 1296 easdem

343 1323 535 1358 canonicas
551 1321 760 1356 traditiones
776 1319 944 1364 puniatis,
963 1320 1082 1360 etiam,
1103 1319 1131 1352 si
1148 1329 1236 1362 opus
1252 1317 1372 1358 fuerit,
1391 1317 1514 1352 curiae
1530 1317 1684 1352 seculari
1700 1315 1959 1359 relinquend03

342 1377 622 1413 contradictores
637 1387 702 1419 per
717 1386 903 1410 censuram
920 1374 1208 1414 ecclesiasticam,
1223 1372 1463 1416 appellatione
1474 1372 1680 1416 postposita,
1692 1369 1959 1414 compescendo,

344 1430 510 1464 invocato
526 1428 571 1462 ad
587 1427 655 1461 hoc
672 1427 713 1468 (si
729 1438 818 1470 opus
833 1425 954 1467 fuerit)
971 1425 1106 1460 auxilio
1122 1425 1280 1469 ejusdem
1297 1423 1436 1458 brachii
1453 1423 1659 1458 saecularis.

386 1485 467 1519 Non
509 1481 731 1517 obstantibus
772 1484 846 1516 tam
876 1480 1012 1514 faelicis
1043 1478 1301 1514 recordationis
1332 1478 1511 1512 Bonifacii
1541 1489 1654 1522 papae
1677 1478 1796 1514 octavi
1817 1479 1964 1523 praede-

343 1538 492 1574 cessoris
507 1536 631 1577 nostri,
654 1548 746 1580 quae
761 1539 919 1576 cavetur,
939 1547 982 1570 ne
998 1535 1078 1579 quis
1094 1538 1195 1569 extra
1226 1533 1407 1568 civitatem
1423 1535 1458 1567 et
1480 1533 1672 1567 dioecesim
1694 1545 1808 1575 suam,
1834 1533 1903 1568 nisi
1925 1532 1965 1568 in

345 1594 453 1630 certis
467 1593 623 1636 exceptis
637 1591 788 1631 casibus,
804 1594 838 1624 et
854 1590 891 1624 in
907 1589 980 1624 illis
996 1590 1092 1624 ultra
1109 1600 1218 1622 unam
1234 1588 1378 1628 dietam,
1394 1599 1415 1622 a
1429 1588 1499 1622 fine
1517 1599 1602 1622 suae
1625 1587 1796 1623 dioecesis
1811 1588 1858 1622 ad
1866 1587 1964 1632 judi-

345 1651 441 1686 cium
468 1651 648 1688 evocetur,
674 1659 735 1681 seu
761 1658 804 1681 ne
827 1645 968 1690 judices
995 1657 1017 1679 a
1049 1645 1129 1679 sede
1156 1643 1352 1688 apostolica
1393 1643 1554 1687 deputati
1583 1645 1686 1678 extra
1725 1642 1908 1677 civitatem
1931 1643 1968 1678 et

345 1705 549 1746 dioecesim,
567 1704 605 1738 in
622 1702 752 1747 quibus
775 1700 935 1745 deputati
952 1699 1098 1740 fuerint,
1116 1702 1241 1733 cont-ra
1256 1709 1499 1742 quoscumque
1525 1697 1718 1741 procedere
1733 1696 1808 1732 sive
1823 1695 1887 1731 alii
1909 1695 1966 1731 vel

345 1761 427 1796 aliis
453 1761 548 1795 vices
571 1770 653 1793 suas
677 1755 901 1791 committere
928 1757 991 1788 aut
1015 1754 1155 1796 aliquos
1178 1753 1274 1787 ultra
1301 1763 1410 1786 unam
1441 1751 1574 1786 dietam
1607 1762 1628 1785 a
1654 1751 1726 1785 fine
1763 1749 1966 1785 dioecesum

345 1816 553 1851 eorumdem
576 1813 720 1848 trahere
746 1812 987 1854 praesumant,
1005 1811 1041 1843 et
1063 1809 1106 1843 de
1129 1808 1268 1842 duabus
1291 1807 1395 1842 dietis
1418 1806 1457 1841 in
1482 1805 1644 1841 Concilio
1667 1805 1840 1850 generali,
1857 1815 1967 1849 quam

347 1871 428 1906 aliis
463 1869 747 1913 quibuscumque
782 1863 1097 1899 constitutionibus
1126 1863 1373 1897 Romanorum
1398 1861 1610 1905 pontificum
1638 1863 1713 1896 tam
1739 1872 1762 1896 a
1782 1859 1968 1906 judicibus

346 1924 520 1970 delegatis
546 1934 654 1967 quam
680 1920 841 1965 personis
855 1920 953 1954 ultra
975 1922 1111 1953 certum
1137 1928 1326 1952 numerum
1350 1917 1394 1951 ad
1412 1916 1594 1960 judicium
1619 1927 1691 1951 non
1712 1914 1883 1950 vocandis
1905 1916 1969 1950 aut,

347 1980 428 2014 aliis
443 1978 560 2019 editis,
575 1988 666 2021 quae
682 1974 816 2020 possint
840 1974 875 2007 in
902 1974 970 2007 hac
994 1976 1095 2016 parte
1118 1975 1255 2007 vestrae
1265 1970 1514 2015 jurisdictioni
1539 1972 1603 2005 aut
1625 1968 1792 2014 potestati
1821 1969 1970 2013 ejusque

347 2034 460 2069 libero
484 2031 656 2067 exercitio
681 2028 948 2073 quomodolibet
978 2027 1136 2067 obviare,
1154 2037 1214 2061 seu
1233 2026 1261 2060 si
1278 2025 1461 2068 aliquibus
1484 2023 1724 2059 communiter
1745 2023 1804 2058 vel
1825 2022 1969 2058 divisim

347 2090 393 2124 ab
421 2089 544 2123 eadem
572 2087 618 2121 sit
644 2087 726 2121 sede
753 2086 945 2122 indultum.
975 2084 1070 2127 quod
1096 2082 1276 2123 interdici,
1303 2081 1471 2125 suspendi
1499 2081 1557 2116 vel
1579 2079 1884 2116 excommunicari
1906 2089 1969 2114 seu

349 2145 446 2179 ultra
462 2143 519 2178 vel
535 2146 636 2177 extra
653 2142 732 2175 loca
748 2141 794 2175 ad
813 2139 992 2183 judicium
1010 2137 1152 2173 evocari
1177 2149 1248 2172 non
1274 2136 1409 2180 possint
1431 2147 1496 2180 per
1518 2136 1640 2171 literas
1663 2133 1875 2178 apostolicas
1896 2143 1970 2168 non

352 2199 522 2233 facientes
552 2197 695 2241 plenam
719 2200 754 2230 et
777 2204 978 2238 expressam
995 2205 1037 2227 ac
1053 2193 1097 2227 de
1120 2193 1230 2227 verbo
1245 2193 1293 2226 ad
1308 2192 1456 2226 verbum
1480 2191 1524 2226 de
1546 2191 1686 2225 indulto
1714 2188 1920 2234 hujusmodi
1935 2189 1971 2224 et

350 2265 475 2288 eorum
503 2251 675 2297 personis,
694 2249 782 2285 locis
797 2252 833 2284 et
850 2248 1037 2283 ordinibus
1052 2251 1088 2282 et
1103 2247 1307 2282 nominibus
1334 2246 1487 2290 propriis
1514 2245 1743 2285 mentionem,
1761 2246 1796 2278 et
1812 2242 1972 2286 qualibet

351 2309 424 2342 alia
437 2307 553 2342 dictae
569 2305 662 2340 sedis
679 2304 904 2349 indulgentia
919 2302 1080 2347 generali
1093 2303 1149 2336 vel
1162 2301 1308 2346 speciali
1324 2303 1582 2345 cujuscumque
1604 2298 1738 2334 tenoris
1753 2296 1893 2338 existat,
1906 2306 1972 2340 per

353 2374 460 2406 quam
492 2360 738 2406 praesentibus
752 2370 823 2393 non
836 2368 1037 2402 expressam
1052 2357 1110 2391 vel
1125 2356 1284 2391 totaliter
1300 2367 1372 2390 non
1394 2355 1564 2389 insertam
1587 2355 1726 2388 vestrae
1748 2349 1970 2396 jurisdictio-

351 2417 406 2453 nis
421 2415 613 2461 explicatio
638 2415 675 2449 in
691 2414 760 2449 hac
777 2416 879 2457 parte
895 2413 1013 2447 valeat
1029 2411 1295 2456 quomodolibet
1324 2409 1491 2454 impediri
1507 2411 1543 2443 et
1557 2409 1601 2443 de
1624 2418 1696 2452 qua
1711 2409 1884 2451 cujusque
1895 2407 1970 2441 toto

350 2476 474 2507 tenore
489 2472 534 2506 de
550 2471 659 2505 verbo
675 2469 721 2504 ad
737 2469 886 2503 verbum
901 2467 937 2502 in
956 2467 1086 2502 nostris
1101 2465 1215 2501 literis
1231 2465 1394 2500 habenda
1410 2464 1456 2499 sit
1470 2463 1605 2498 mentio
1621 2462 1796 2506 specialis.

393 2527 527 2562 Datum
545 2523 785 2565 Constantiae,
805 2525 824 2557 8
840 2522 913 2557 kal.
933 2521 1070 2563 Martii,
1089 2521 1318 2566 pontificatus
1333 2519 1445 2554 nostri
1461 2529 1555 2553 anno
1571 2517 1698 2562 primo.

700 2606 745 2639 M
744 2616 884 2650 aqnum
902 2604 1118 2637 Baliarium
1134 2604 1356 2643 Romanum,
1374 2601 1452 2636 deel
1467 2601 1495 2642 ,
1510 2601 1576 2635 blz.
1591 2601 1747 2634 288-294.
1816 2597 1915 2632 Voor
1928 2596 1972 2632 de

744 2661 914 2701 stukken
941 2670 1130 2694 waarnaar
1156 2658 1194 2693 in
1217 2659 1298 2693 deze
1322 2658 1383 2692 bul
1406 2667 1588 2691 verwezen
1613 2655 1740 2696 wordt,
1764 2653 1816 2688 zie
1836 2653 1974 2697 hooger

743 2722 781 2750 nr
799 2717 839 2749 47
863 2713 1036 2756 (Concilie
1062 2724 1131 2747 van
1155 2713 1344 2753 Lateraan,
1371 2713 1466 2752 1179,
1491 2710 1655 2751 Sz'cutait)
1677 2721 1723 2744 en
1749 2715 1787 2743 n
1811 2710 1875 2742 244
1889 2705 1973 2749 (Bul

742 2781 811 2804 van
827 2768 1034 2803 Bonifacius
1050 2768 1115 2809 IX,
1134 2769 1230 2809 1399,
1248 2767 1400 2802 Sanctae
1414 2767 1672 2810 Inquisitionis
1687 2762 1871 2808 officcum).
