2097 3466
306 241 368 274 4003
994 238 1126 273 ANNO
1154 239 1254 273 1463

303 333 403 369 ristie
427 331 639 368 sacramenti
663 332 855 377 perceptio.
883 331 919 367 Si
938 336 1056 368 tamen
1085 332 1289 376 aliquorum
1324 333 1531 369 mortalium
1561 337 1640 379 post
1664 335 1925 373 confessionem

304 389 433 423 factam
451 386 682 430 priuilegiato
698 386 743 422 sit
758 386 922 421 conscius
937 389 1000 421 aut
1015 387 1165 429 dubius-3
1183 387 1213 421 si
1230 399 1313 429 non,
1331 388 1491 424 securius
1507 388 1660 430 videtur,
1675 393 1716 425 ut
1731 390 1783 426 ait
1796 391 1925 427 Petrus

304 444 347 477 de
373 440 594 482 Tanaitas-ia,
621 441 844 485 postmodum
872 453 974 485 papa,
994 442 1112 482 credo,
1131 442 1361 478 Innocentius
1387 446 1547 486 quartus,
1578 445 1742 480 confiteri
1770 446 1923 488 venalia,

303 498 383 531 licet
403 498 491 531 sorte
509 508 579 531 nou
595 496 641 531 sit
658 509 810 538 necesse,
829 501 869 532 ut
884 497 1018 532 dictum
1036 501 1088 533 est
1104 498 1201 533 circa
1217 499 1373 543 primum
1392 499 1499 534 huius
1521 500 1643 535 fratris
1665 500 1814 536 dictum.
1834 502 1924 539 Con-

299 553 430 586 sultum
449 556 567 586 tamen
592 551 734 586 videtur
758 553 985 596 frequentare
1009 553 1208 596 penitencie
1236 557 1502 589 sacramentum
1531 566 1652 589 coram
1683 556 1927 591 sacerdotibus

302 605 578 650 parochialibus.
598 605 659 649 qui
684 606 727 640 de
755 606 925 641 recidiuis
949 611 984 641 et
1011 607 1190 650 pronitate
1214 608 1258 642 ad
1275 611 1373 643 certa
1391 612 1537 652 peccata
1565 608 1753 644 certiorem
1781 613 1927 654 possunt

301 662 433 695 habere
462 660 648 695 scientiam
680 666 824 704 propter
852 661 1131 704 frequentiorem
1159 673 1201 696 ac
1229 662 1525 707 propinquiorem
1551 663 1861 700 conuersationem
1884 676 1928 701 ao

304 714 559 759 obligationem
577 726 684 757 quam
702 715 829 752 ceteri:
849 719 993 759 peccata
1019 720 1138 751 tamen
1167 718 1363 752 confessata
1393 717 1460 753 rite
1491 721 1526 753 et
1555 718 1673 753 debite
1696 718 1928 764 priuilegiato

306 774 517 814 presentato,
534 770 563 804 si
582 782 652 805 non
669 772 841 807 excedant
859 773 1067 807 facultatem
1084 784 1191 816 quam
1219 773 1353 808 habent
1375 785 1417 808 ex
1442 773 1636 818 priuilegio
1653 773 1848 818 apostolico
1864 778 1929 812 aut

305 827 350 860 ab
366 825 532 869 episcopo
548 825 759 869 dyocesano,
778 838 849 861 non
866 830 949 862 sunt
965 827 1008 861 de
1025 826 1232 862 necessitate
1250 827 1380 862 iterum
1397 828 1610 869 confitenda,
1630 831 1670 863 ut
1685 828 1794 864 habet
1807 830 1926 866 decre-

305 880 387 915 talis
401 892 408 914 :
430 880 500 914 vas
517 880 713 915 electionis.

349 935 454 969 Circa
471 934 660 978 septimum
677 935 814 970 dictum
831 936 907 970 cius
924 935 1021 970 dicat
1037 939 1077 971 ut
1103 935 1275 979 scriptum
1301 939 1353 971 est
1376 935 1473 971 circa
1488 937 1655 980 quintum
1675 937 1753 973 eius
1778 938 1927 975 dictum.

348 988 445 1023 Dixit
462 992 588 1023 octavo
604 990 698 1032 quod
716 990 911 1033 penitentia
926 990 1089 1026 iniuncta
1106 991 1236 1035 populo
1253 1002 1323 1025 non
1339 996 1390 1025 est
1407 991 1504 1026 dicta
1521 1003 1605 1026 vera
1622 1004 1724 1036 pena,
1740 995 1801 1029 sed
1813 995 1929 1030 solum

307 1057 482 1089 apparens
498 1049 564 1080 etc.
586 1046 689 1081 Dicat
705 1047 800 1089 quod
816 1050 867 1082 est
884 1058 968 1081 vera
986 1058 1076 1090 pena
1100 1047 1144 1081 ad
1160 1058 1399 1090 quancunque
1415 1047 1491 1082 siue
1514 1047 1688 1091 passionis
1713 1047 1847 1084 Christi
1870 1051 1934 1085 aut

307 1102 506 1145 purgatorij
538 1105 778 1144 comparetur,
802 1106 837 1137 et
869 1102 1039 1136 diminuit
1066 1102 1108 1136 de
1136 1113 1227 1145 pena
1251 1101 1371 1136 debita
1403 1101 1439 1136 in
1471 1101 1682 1146 purgatorio
1712 1102 1750 1136 vi
1773 1102 1933 1138 clauium

305 1156 472 1191 ecclesie:
494 1171 509 1183 u
530 1157 610 1191 Non
637 1157 734 1192 enim
763 1161 887 1193 sancta
916 1161 1031 1193 mater
1055 1157 1206 1191 ecclesia
1234 1157 1326 1191 filios
1343 1169 1423 1192 suos
1440 1156 1592 1192 illudere
1615 1160 1751 1201 potest3
1776 1159 1837 1193 sed
1853 1158 1934 1194 ideo

306 1211 466 1246 dixeram
491 1223 561 1245 non
593 1223 667 1246 csse
693 1224 814 1247 veram
833 1224 973 1256 penam,
992 1212 1051 1246 sed
1076 1215 1195 1246 tamen
1220 1214 1463 1255 apparentem,
1490 1211 1575 1255 quia
1604 1215 1811 1256 comparata
1833 1212 1935 1257 penis

307 1265 479 1309 passionis
497 1265 642 1300 Domini
658 1271 721 1302 aut
746 1269 946 1312 purgatorij
966 1266 1097 1301 modici
1122 1266 1289 1310 ponderis
1310 1269 1362 1300 est
1378 1265 1416 1300 in
1432 1267 1554 1301 dolore
1571 1269 1606 1301 et
1627 1266 1808 1301 modicum
1824 1266 1934 1302 afflic—

309 1320 404 1363 tiua3
422 1323 455 1354 et
471 1320 539 1354 hoc
552 1324 605 1355 est
621 1333 758 1356 verum.
777 1338 792 1350 n

349 1375 549 1418 Reparatio
566 1376 664 1419 sacca
678 1387 746 1420 per
763 1376 920 1411 eundem
937 1378 1056 1419 fratre
1070 1387 1094 1408 n
1113 1375 1165 1409 ad
1173 1375 1360 1420 populum
1377 1374 1683 1417 scandalisalum,
1703 1381 1741 1409 ul
1753 1380 1854 1421 patet
1863 1386 1937 1421 per

311 1429 480 1463 cedulam
500 1433 537 1462 in
548 1430 688 1473 yallz'co
704 1433 893 1475 scriptam.

357 1485 457 1518 Pour
473 1484 538 1519 che
554 1497 623 1528 que
640 1486 675 1520 la
689 1487 738 1520 fin
755 1486 798 1521 de
810 1485 946 1521 saincte
963 1484 1185 1529 predication
1199 1487 1252 1519 est
1268 1485 1303 1519 la
1316 1485 1452 1520 saincte
1462 1485 1521 1528 foy
1528 1484 1937 1521 chrestiennemonstrer

310 1550 357 1573 au
374 1539 525 1582 poeuple
541 1539 731 1582 chrestien,
750 1541 828 1575 loer
844 1541 894 1575 les
911 1543 1044 1581 vertus,
1062 1551 1262 1583 reprouuer
1288 1539 1340 1574 les
1363 1538 1470 1580 vices,
1488 1539 1675 1574 eschieuer
1686 1540 1885 1581 escandale,
1901 1540 1937 1575 le

310 1593 505 1636 prescheur
519 1593 617 1628 doibt
634 1595 759 1629 tendre
775 1607 797 1629 a
812 1595 847 1629 la
863 1596 912 1629 fin
926 1595 969 1629 de
982 1594 1113 1639 garder
1131 1593 1229 1628 unite
1245 1596 1281 1628 et
1305 1593 1388 1637 paix
1402 1607 1410 1636 3
1437 1605 1500 1627 car
1517 1605 1607 1629 nous
1619 1604 1728 1628 avons
1740 1605 1817 1638 ung
1830 1594 1934 1634 Dieu,

309 1659 379 1682 une
396 1648 454 1691 foy
470 1651 503 1682 et
521 1659 596 1693 ung
613 1649 793 1692 baptesme
803 1661 811 1691 ς
821 1648 1008 1683 ensieuant
1023 1648 1073 1683 les
1090 1647 1336 1682 exhortations
1349 1648 1393 1682 de
1409 1650 1529 1683 nostre
1541 1647 1710 1692 seigneur
1725 1647 1865 1689 Jhesus,
1874 1647 1937 1692 qui

311 1703 366 1736 fut
382 1714 443 1736 ncs
458 1713 502 1736 en
526 1706 641 1747 tamps
669 1703 711 1737 de
737 1702 819 1746 paix
837 1706 871 1738 et
887 1703 1067 1738 tousiours
1084 1705 1304 1737 ammones-ta
1327 1713 1381 1737 ses
1405 1702 1578 1746 deseiples
1593 1713 1615 1736 a
1630 1702 1762 1746 garder
1777 1701 1861 1746 paix
1876 1713 1936 1738 en-

313 1757 457 1796 semble,
476 1756 594 1792 disant
610 1769 679 1801 que
694 1769 738 1792 en
755 1769 795 1792 ce
812 1760 1053 1792 monstreront
1076 1756 1153 1800 quil
1170 1758 1293 1805 serent
1306 1768 1359 1791 ses
1376 1756 1553 1800 disciples,
1564 1756 1627 1792 silz
1636 1757 1790 1802 gardent
1804 1757 1888 1802 paix
1902 1760 1940 1794 et

311 1811 487 1846 concorde
514 1813 694 1847 cnsamble
708 1825 716 1855 ς
747 1816 782 1847 θῖ
805 1824 845 1847 ce
872 1816 923 1848 est
951 1812 1057 1846 chose
1089 1811 1304 1852 raisonable,
1332 1823 1395 1846 car
1417 1811 1533 1847 sainct
1555 1812 1667 1857 eglise
1690 1813 1848 1848 militant
1862 1813 1939 1849 doit,

311 1865 470 1900 ensieuir
485 1867 612 1902 l'ordre
629 1868 671 1901 de
685 1867 821 1902 saincte
844 1867 955 1911 eglise
971 1867 1209 1910 triumphant,
1236 1877 1280 1900 θη
1305 1867 1458 1910 laquelle
1474 1869 1526 1902 est
1544 1867 1709 1911 parfaitte
1724 1867 1820 1912 paix,
1838 1867 1938 1904 unite

313 1926 347 1956 et
365 1923 541 1956 concorde
558 1922 786 1965 perpetuelle.
800 1922 977 1956 Pourtant
992 1922 1092 1956 doibt
1108 1922 1142 1956 le
1157 1921 1352 1964 prescheur
1367 1921 1549 1957 tellement
1561 1923 1742 1958 ordonner
1752 1933 1792 1958 sa
1803 1923 1940 1967 parolle

312 1988 380 2019 que
397 1977 460 2010 nul
477 1977 661 2011 escandele
678 1988 722 2011 ne
737 1976 899 2011 sensieue
915 1980 951 2011 et
977 1988 1045 2020 que
1063 1977 1126 2010 nul
1143 1988 1187 2011 ne
1203 1977 1273 2011 soit
1296 1977 1368 2010 mal
1392 1977 1529 2020 edefije.
1549 1977 1593 2011 Et
1606 1987 1697 2020 pour
1712 1977 1779 2012 che
1794 1988 1864 2021 que
1877 1977 1938 2022 iay

311 2031 465 2064 entendu
482 2043 550 2074 que
563 2032 607 2065 ad
622 2043 728 2066 cause
744 2032 787 2067 de
805 2032 977 2065 aulcunes
994 2031 1117 2065 choses
1130 2043 1199 2075 que
1215 2031 1274 2075 iay
1290 2031 1343 2066 dit
1355 2043 1399 2065 en
1417 2031 1510 2065 deux
1524 2031 1765 2075 predications
1781 2031 1901 2067 faittes
1917 2036 1940 2067 a

313 2084 571 2119 Vallencennes
601 2086 651 2120 les
681 2085 843 2120 dimence
863 2088 902 2118 in
916 2087 1091 2129 passione
1116 2086 1271 2119 Domini
1300 2088 1335 2120 et
1364 2086 1398 2119 le
1422 2085 1545 2120 benoit
1568 2085 1739 2121 vendredi
1755 2085 1943 2122 ensieuant

313 2139 460 2173 darrain
477 2150 588 2182 passe,
608 2141 759 2175 aulcuns
775 2143 837 2175 ont
852 2143 924 2175 este
941 2141 1013 2174 mal
1029 2141 1171 2184 edefijet
1186 2144 1221 2175 et
1245 2140 1486 2182 scandaliziet,
1505 2144 1606 2176 mont
1621 2141 1781 2177 ordonne
1796 2144 1833 2178 et
1847 2153 1942 2178 eom-

313 2195 441 2229 mande
458 2195 665 2229 venerables
680 2194 846 2238 signeurs
870 2195 920 2229 les
944 2194 1096 2229 vicaires
1111 2195 1155 2229 de
1179 2195 1356 2230 reuerend
1374 2206 1457 2238 pere
1470 2206 1515 2229 θη
1534 2195 1624 2230 Dieu
1642 2195 1876 2240 monsigneur
1898 2197 1943 2232 de

313 2249 489 2293 Cambray
520 2249 563 2283 de
592 2261 648 2283 me
675 2249 837 2284 declarer
861 2254 895 2284 et
919 2260 1069 2292 exposer
1084 2260 1147 2283 sur
1164 2249 1321 2284 certains
1338 2249 1482 2285 articles
1499 2261 1569 2293 que
1584 2250 1704 2286 iauoie
1719 2251 1942 2296 prononchie

313 2315 357 2337 en
374 2304 487 2338 cesdis
503 2315 662 2338 sermons
677 2316 722 2339 en
737 2304 773 2338 la
791 2305 905 2339 forme
921 2308 955 2339 θῖ
972 2304 1132 2338 maniere
1149 2304 1211 2347 qui
1228 2304 1385 2339 sensieut
1403 2316 1410 2338 :

361 2357 404 2391 Et
422 2357 593 2400 premiers
609 2358 713 2392 auoie
738 2358 915 2401 preschiet
938 2369 1008 2400 que
1031 2358 1112 2392 nuls
1137 2357 1369 2401 parrochiens
1397 2362 1474 2393 nest
1499 2361 1603 2393 tenus
1618 2359 1662 2393 de
1677 2370 1714 2394 se
1729 2360 1908 2395 confesser
1921 2371 1944 2396 a

314 2424 377 2446 son
394 2416 495 2447 curet
511 2413 554 2447 de
571 2412 741 2447 necessite
757 2413 800 2447 de
816 2413 920 2454 salut,
941 2413 1002 2456 qui
1018 2424 1040 2446 a
1056 2416 1127 2447 este
1145 2413 1302 2447 confesse
1319 2425 1341 2447 a
1356 2414 1490 2448 aulcun
1514 2414 1609 2449 frere
1625 2414 1809 2450 mendiant
1823 2415 1942 2460 preui-

314 2466 419 2510 legie,
434 2470 595 2510 presente
607 2467 641 2501 al
658 2478 812 2510 euesque
828 2466 1019 2511 dyocesain
1038 2478 1084 2501 ou
1097 2478 1119 2500 a
1131 2479 1185 2501 ses
1201 2467 1365 2509 vicaires,
1381 2467 1472 2502 mais
1488 2471 1598 2512 poeut
1612 2467 1715 2503 venir
1726 2471 1762 2503 et
1773 2469 1851 2504 dire
1866 2469 1944 2513 quil

316 2525 368 2556 est
383 2523 542 2556 confesse
557 2534 579 2556 a
595 2522 736 2565 ycelluy
754 2521 965 2565 preuilegije
982 2524 1017 2556 et
1033 2521 1229 2556 demander
1244 2521 1492 2557 humblement
1516 2523 1550 2557 le
1574 2522 1669 2557 saint
1682 2526 1884 2558 sacrement
1899 2523 1944 2559 de

316 2575 427 2609 laute]
444 2586 465 2608 a
481 2575 600 2609 sondis
616 2586 712 2616 cure,
732 2578 767 2609 et
779 2575 920 2618 ycelluy
937 2585 981 2609 ne
994 2574 1056 2618 luy
1073 2574 1173 2609 doibt
1185 2575 1334 2616 refuser,
1354 2575 1444 2610 mais
1456 2575 1609 2611 baillier.
1627 2576 1670 2612 Je
1685 2577 1851 2620 debuoije
1865 2576 1944 2612 dire

318 2633 351 2663 et
369 2630 422 2663 dis
440 2632 701 2673 presentement
715 2641 783 2673 que
796 2629 898 2663 chela
914 2632 967 2664 est
979 2640 1079 2672 vray,
1098 2640 1134 2663 se
1151 2629 1184 2663 le
1202 2629 1418 2673 parrochien
1431 2630 1531 2665 auoit
1545 2630 1616 2665 heu
1633 2630 1832 2666 contricion
1849 2633 1884 2666 et
1898 2630 1944 2665 sil

318 2682 417 2717 auoit
433 2683 485 2717 dit
510 2683 724 2718 entirement
740 2686 819 2717 tous
833 2694 886 2717 ses
900 2682 1042 2726 pechies
1055 2683 1202 2717 mortelz
1216 2683 1302 2718 dont
1321 2683 1347 2718 il
1363 2684 1463 2719 auoit
1476 2696 1632 2720 memore
1644 2696 1725 2719 sans
1743 2685 1896 2727 faintise,
1909 2687 1945 2720 et

317 2749 385 2780 quc
395 2749 431 2772 se
443 2750 546 2781 apres
559 2738 646 2773 celle
660 2737 858 2773 confession
873 2737 995 2772 nauoit
1009 2737 1218 2772 conscience
1231 2737 1360 2772 dauoir
1373 2738 1521 2773 commis
1535 2739 1652 2774 aultre
1663 2739 1805 2783 pechiet
1813 2733 1944 2775 mortel

319 2796 354 2826 et
381 2804 448 2835 que
472 2793 515 2827 de
538 2805 574 2827 se
602 2792 727 2827 nauoit
752 2792 852 2836 point
868 2793 912 2827 de
928 2792 1071 2827 doubte.
1091 2793 1136 2826 Et
1159 2793 1322 2836 pluseurs
1338 2794 1503 2829 docteurs
1519 2794 1631 2837 dijent
1653 2805 1722 2838 que
1745 2805 1790 2829 en
1811 2795 1861 2830 tel
1883 2806 1944 2830 cas

323 2858 415 2889 pour
437 2847 614 2882 satisfaire
637 2849 671 2882 al
695 2848 923 2883 ordonnance
949 2848 992 2882 de
1020 2847 1134 2882 sainte
1164 2848 1276 2892 eglise
1309 2849 1437 2883 Omnis
1467 2853 1659 2895 utriusque
1686 2860 1795 2884 sexus
1822 2856 1884 2884 etc.
1902 2861 1944 2885 oe

322 2901 428 2937 seroit
453 2902 485 2937 le
505 2903 581 2946 plus
604 2914 686 2937 seur
714 2903 757 2938 de
780 2904 958 2938 confesser
981 2904 1030 2938 les
1055 2902 1196 2947 pechies
1209 2903 1375 2939 venieulx
1391 2904 1554 2940 aumains
1569 2916 1613 2940 en
1629 2905 1787 2950 general,
1806 2917 1943 2954 comme
