2097 3466
826 219 960 254 ANNO
988 221 1090 256 1163
1707 224 1747 258 41

108 320 161 353 est
190 315 361 357 mundos,
393 315 667 359 nuncupabant,
698 326 870 361 magnam
905 315 1120 352 eruditionis
1153 327 1241 352 suae
1277 316 1434 361 gloriam
1472 318 1673 362 reportavit
1710 323 1747 355 et

102 369 305 407 haereticos
332 370 549 405 confutavit.
588 371 753 406 Fuerunt
784 374 905 406 autem
936 371 1177 406 Catharorum
1210 370 1386 406 haeretici
1427 372 1742 415 perniciosissimis

102 425 288 461 erroribus
316 425 415 469 pleni
448 425 545 469 apud
576 425 765 460 Coloniam
798 425 937 460 inventi
967 437 1084 460 mares
1114 431 1195 460 octo
1225 430 1260 460 et
1292 427 1461 461 soeminae
1493 431 1577 469 tres,
1612 428 1676 472 qui
1704 429 1748 463 de

104 480 297 517 Flandriae
326 480 491 524 partibus
521 481 560 514 in
590 481 746 524 quodam
778 481 910 516 horreo
941 492 1054 525 prope
1083 481 1270 516 civitatem
1305 481 1534 517 habitabant.
1565 483 1635 524 Qui
1665 496 1747 519 cum

101 535 288 571 latitarent
304 535 343 570 in
359 535 493 570 abditis
518 540 552 570 et
577 547 692 579 neque
710 536 914 570 Dominicis
939 548 1055 579 neque
1082 536 1180 571 festis
1197 541 1405 571 sanctorum
1424 537 1551 572 diebus
1569 539 1750 574 intrarent

100 591 302 633 ecclesiam,
322 602 405 626 mox
423 591 675 634 comprehensi
701 596 736 626 et
762 592 798 626 in
816 592 1001 626 civitatem
1024 591 1190 635 perducti
1221 596 1317 627 sunt.
1342 593 1439 626 Inter
1455 604 1545 636 quos
1561 594 1604 627 ad
1623 594 1746 638 dispu-

100 647 250 681 tandum
268 646 447 681 acutiores
469 646 617 680 suerunt
641 646 837 688 Arnoldus,
867 646 1052 680 Mai-silius
1081 650 1116 681 et
1142 646 1416 690 Tlieodorieus;
1443 648 1505 690 qui
1535 649 1600 682 etsi
1625 653 1743 684 essent

101 700 198 742 laici,
217 701 321 736 latini
337 705 459 736 tamen
473 701 648 735 sermonis
663 702 750 735 satis
769 702 915 735 fuerunt
930 701 1037 744 periti
1055 704 1091 735 et
1107 700 1254 735 divinae
1271 701 1475 744 scripturae
1493 703 1741 737 voluminibus

101 756 300 801 plurimum
323 755 477 800 legendo
501 755 643 795 intenti,
671 755 739 789 nisi
763 755 858 799 quod
882 767 1011 790 sanum
1035 755 1302 799 scripturarum
1330 762 1575 799 pervertentes
1599 769 1743 793 sensum

101 811 146 846 ad
162 812 217 847 sui
235 812 368 847 erroris
384 811 608 855 propositum
626 812 897 854 retorquebant,
917 822 1073 855 quorum
1090 810 1150 845 isti
1167 811 1315 846 suerunt
1334 811 1497 846 articuli.

146 864 292 899 Primus
307 876 431 900 eorum
451 866 521 900 suit
537 876 650 906 error,
669 865 763 908 quod
783 877 820 900 se
837 865 1015 900 Catharos
1040 865 1206 909 solosque
1232 866 1387 901 mundos
1405 871 1440 901 et
1458 878 1566 910 puros
1584 868 1630 901 ab
1646 868 1746 902 omni

102 923 249 965 peccato
281 924 316 954 et
347 920 540 964 iniquitate
565 920 832 964 profitebantur
855 932 964 964 seque
993 920 1088 956 solos
1120 920 1339 956 christianos
1362 925 1396 956 et
1419 933 1523 957 veros
1547 923 1747 957 catholicos

101 974 331 1015 arbitrantes,
350 979 514 1010 caeteros
529 986 653 1010 omnes
677 975 738 1018 qui
765 986 837 1010 non
862 979 979 1010 essent
1005 976 1042 1011 in
1061 980 1158 1010 secta
1176 986 1315 1017 eorum,
1337 975 1554 1018 haereticos,
1571 976 1744 1011 schisma-

101 1029 192 1066 ticos
207 1034 242 1064 et
258 1029 421 1065 infideles
439 1031 585 1074 Deoque
603 1031 757 1065 odibiles
771 1031 1048 1075 praedicabant.

144 1083 352 1120 Romanum
370 1086 592 1130 pontificem,
613 1086 800 1131 episcopos
825 1087 1136 1130 ecclesiarumque
1162 1085 1344 1130 praelatos
1373 1089 1408 1122 et
1432 1098 1576 1123 omnem
1600 1088 1746 1133 penitus

100 1139 239 1176 clerum
255 1140 463 1185 deceptores
479 1142 687 1176 animarum
713 1145 748 1177 et
772 1142 920 1186 laqueos
943 1141 1080 1176 diaboli
1105 1141 1347 1177 nominabant
1364 1153 1561 1186 eorumque
1573 1144 1742 1188 jurisdic—

100 1196 248 1239 tionem,
267 1207 449 1239 censuras,
468 1197 686 1239 doctrinam,
705 1197 994 1239 constitutiones,
1015 1197 1108 1232 ritus
1131 1200 1165 1233 et
1189 1208 1308 1232 mores
1332 1201 1373 1233 ut
1396 1198 1601 1234 fatuitatem
1619 1200 1744 1236 stulto-

102 1263 184 1288 rum
199 1251 393 1287 irridentes
409 1257 444 1288 et
461 1253 754 1297 blasphemantes
772 1254 1069 1289 contemnebant.

147 1306 279 1342 Omnia
302 1311 530 1342 sacramenta
558 1308 731 1343 ecclesiae
754 1312 966 1353 spernentes
993 1309 1267 1354 subsannabant
1291 1321 1328 1343 se
1356 1309 1449 1344 solos
1478 1310 1584 1345 fidem
1609 1311 1744 1348 habere

103 1373 226 1398 veram
243 1367 277 1398 et
292 1367 442 1404 rectam,
460 1376 496 1398 se
513 1376 588 1399 esse
606 1363 672 1398 Dei
689 1364 879 1399 ecclesiam
905 1368 940 1399 et
965 1363 1103 1408 Spiritu
1124 1364 1256 1399 Sancto
1275 1364 1400 1408 plenos
1423 1365 1718 1410 dogmatizabant
1733 1381 1742 1412 3

104 1420 264 1453 caeteros
280 1420 401 1453 autem
418 1430 542 1455 omnes
559 1420 685 1454 mundi
703 1419 871 1454 homines
887 1424 922 1454 et
939 1420 977 1454 in
994 1423 1184 1454 aeternum
1201 1420 1436 1455 damnandos.

148 1473 423 1510 Sacramentum
451 1475 634 1510 Dominici
662 1475 827 1519 corporis
855 1478 890 1510 et
918 1475 1110 1519 sanguinis
1139 1475 1233 1509 nihil
1261 1487 1335 1510 esse
1359 1476 1520 1512 dicentes
1551 1477 1743 1514 missarum

103 1530 385 1566 celebrationem
402 1531 606 1566 irridebant
622 1534 657 1566 et
682 1531 895 1566 execrandis
919 1531 1129 1566 nominibus
1145 1530 1378 1575 appellabant
1401 1535 1436 1567 et
1460 1532 1540 1567 ideo
1557 1544 1744 1578 nunquam

101 1586 288 1622 intrabant
303 1587 494 1622 ecclesiam
512 1599 578 1622 nec
595 1598 778 1622 sermones
795 1587 1003 1621 audiebant.

147 1641 416 1677 confessionem
441 1646 675 1686 peccatorum
700 1642 782 1686 pari
809 1642 1014 1676 temeritate
1038 1640 1217 1682 ridebant,
1240 1640 1400 1676 dicentes
1424 1641 1490 1676 soli
1516 1641 1590 1676 Deo
1606 1645 1745 1678 secreta

101 1697 221 1732 cordis
233 1698 290 1733 vel
306 1697 462 1732 actionis
478 1709 553 1732 esse
570 1697 764 1732 revelanda
782 1699 817 1731 et
834 1707 1065 1740 nequaquam
1081 1695 1305 1731 hominibus.
1325 1695 1430 1731 Unde
1447 1700 1482 1731 et
1495 1696 1745 1740 indulgentias

101 1752 210 1787 simul
226 1756 262 1788 et
277 1753 538 1796 poenitentiam
565 1752 862 1793 contemnebant,
880 1751 1081 1796 allegantes
1097 1751 1189 1785 illud
1206 1751 1405 1795 prophetae
1420 1762 1427 1784 :
1446 1752 1491 1785 In
1516 1762 1745 1798 quacumque

102 1807 196 1843 hora
208 1813 381 1853 peccator
398 1809 640 1853 inyemuerit,
654 1807 782 1842 salvus
800 1808 881 1849 erit,
898 1817 964 1842 nec
979 1805 1203 1842 recordabor
1219 1805 1383 1851 amplius
1399 1811 1636 1852 pcccatorum
1652 1808 1742 1851 ejus,

101 1863 192 1899 dicit
208 1865 404 1899 Dominus.

145 1919 349 1955 Luxuriam
364 1920 462 1955 inter
478 1932 515 1955 se
542 1929 760 1964 quocunque
783 1918 891 1953 modo
908 1918 967 1953 vel
990 1929 1073 1953 cum
1091 1929 1308 1962 quacunque
1324 1929 1478 1962 persona
1500 1920 1740 1962 commissam,

99 1974 168 2010 hoc
185 1979 238 2011 est
261 1987 344 2010 cum
362 1978 491 2017 matre,
512 1986 595 2010 cum
613 1985 737 2009 sorore
753 1977 817 2009 aut
837 1985 921 2008 cum
939 1974 1026 2015 filia,
1049 1974 1218 2009 dicebant
1236 1985 1309 2009 non
1325 1986 1400 2009 esse
1426 1978 1628 2018 peccatum,
1657 1975 1743 2010 alle-

99 2033 228 2075 gantes
244 2030 336 2065 illud
353 2030 507 2074 apostoli
524 2041 532 2064 :
556 2030 691 2064 Omnia
705 2029 849 2063 munda
863 2028 1028 2062 mundis.
1050 2028 1104 2063 Ob
1121 2029 1158 2063 id
1175 2039 1319 2072 quoque
1334 2041 1371 2064 se
1386 2029 1540 2064 mundes
1556 2033 1590 2064 et
1604 2029 1744 2074 Spiritu

100 2085 234 2121 Sancto
250 2086 377 2130 plenos
395 2085 576 2129 quidquid
593 2085 755 2120 facerent
767 2095 840 2119 non
856 2095 1008 2128 peccare
1029 2083 1209 2119 dicebant.

142 2141 244 2176 Alios
270 2152 414 2185 quoque
442 2141 577 2175 multos
607 2140 652 2175 ad
683 2139 965 2175 destructionem
985 2138 1205 2174 christianae
1230 2139 1313 2174 fidei
1338 2140 1461 2183 plenos
1478 2140 1744 2183 profitebantur

99 2208 262 2240 errores3
281 2207 437 2240 quorum
455 2196 666 2231 detestanda
684 2195 843 2230 haeresis
860 2195 1044 2239 originem
1062 2194 1190 2228 habuit
1214 2205 1257 2228 ex
1281 2194 1441 2229 faecibus
1460 2195 1605 2230 nefandi
1628 2195 1742 2231 homi-

100 2253 156 2288 nis
171 2252 271 2286 illius
289 2251 521 2292 Tanchelini,
541 2252 603 2294 qui
621 2250 709 2285 olim
725 2250 963 2294 Antverpiam
989 2253 1024 2284 et
1046 2261 1190 2284 omnem
1218 2249 1256 2283 in
1283 2249 1440 2284 circuitu
1466 2251 1652 2294 regionem
1677 2262 1742 2285 suo

98 2308 366 2344 intoxicavcrat
390 2319 531 2343 veneno
555 2307 701 2349 erroris,
720 2318 827 2350 quem
847 2318 942 2341 anno
960 2305 1124 2341 Volmari
1151 2318 1181 2340 v.
1204 2317 1312 2350 supra
1329 2307 1467 2341 dictum
1488 2313 1550 2341 est.
1569 2306 1743 2347 Quamvis

98 2365 196 2400 enim
213 2374 277 2408 per
292 2376 319 2398 s.
342 2363 565 2398 Norbertum
583 2367 617 2397 et
641 2363 772 2398 fratres
796 2366 873 2406 eJus
897 2362 1262 2406 praemonstratensis
1287 2361 1425 2396 ordinis
1442 2362 1565 2396 eadem
1583 2362 1742 2399 haeresis

95 2419 135 2454 in
162 2419 228 2454 illa
252 2418 364 2453 fuerit
386 2418 580 2462 provincia
610 2429 676 2462 pro
704 2417 835 2461 maj0ri
869 2420 972 2461 parte
998 2421 1037 2451 ut
1061 2416 1261 2460 plurimum
1287 2417 1458 2457 extincta,
1486 2418 1591 2451 toties
1616 2422 1737 2454 tamen

96 2479 222 2520 postea
250 2474 395 2509 diabolo
412 2474 615 2509 seminante
639 2475 678 2509 in
701 2473 854 2508 diversis
879 2473 1092 2517 regionibus
1117 2472 1368 2516 repullulavit,
1387 2473 1544 2508 maxime
1569 2473 1606 2508 in
1625 2473 1741 2509 Bohe·

97 2532 185 2574 mia,
205 2530 414 2576 Thuringia
431 2534 466 2566 et
482 2530 633 2572 Alsatia,
650 2534 692 2566 ut
716 2541 828 2574 usque
847 2529 891 2564 ad
907 2532 1132 2573 praesentem
1150 2528 1245 2563 diem
1263 2532 1339 2573 ejus
1356 2529 1575 2573 professores
1591 2529 1741 2565 minime

94 2586 223 2622 desint.

141 2643 269 2687 Itaque
293 2643 444 2678 veniens
467 2642 513 2677 ad
538 2641 726 2677 Coloniam
752 2642 933 2686 Egbertus
956 2639 1157 2676 monachus
1188 2640 1383 2684 praefatus,
1412 2644 1532 2684 postea
1559 2640 1740 2676 Schonau-

95 2698 232 2744 giensis
261 2699 389 2741 abbas,
424 2702 464 2733 ut
495 2710 559 2733 suo
591 2698 672 2732 loco
703 2698 883 2739 dicemus,
918 2695 1176 2740 disputationis
1215 2696 1401 2740 publicum
1432 2700 1614 2731 certamen
1655 2709 1736 2731 cum

94 2754 290 2799 praedictis
320 2753 515 2789 haereticis
549 2753 677 2788 habuit
716 2765 811 2788 anno
855 2755 1079 2797 praenotate,
1121 2752 1279 2786 secundo
1310 2752 1478 2786 videlieet
1509 2751 1568 2787 die
1599 2752 1739 2787 mensis

92 2808 250 2854 Augusti
267 2809 439 2844 Coloniae
466 2809 503 2844 in
528 2811 721 2852 conspectu
746 2809 856 2843 totius
878 2808 967 2843 cleri
991 2812 1025 2842 et
1042 2806 1242 2841 multorum
1267 2807 1310 2842 de
1334 2808 1468 2851 populo
1492 2807 1667 2843 civitatis.
1692 2808 1738 2842 Et

90 2863 177 2900 licet
192 2865 382 2900 memorati
410 2868 482 2900 tres
505 2863 781 2899 haeresiarchae
800 2863 944 2898 diabolo
963 2863 1059 2907 pleni
1081 2867 1198 2898 essent
1223 2862 1261 2897 iu
1278 2863 1497 2907 disputando
1515 2863 1733 2904 acutissimi,

92 2922 212 2956 tamen
237 2921 433 2966 adjuvante
454 2921 576 2967 gratia
601 2919 748 2962 Christi,
769 2919 1004 2962 authoritate,
1026 2919 1169 2955 ratione
1194 2923 1230 2954 et
1255 2918 1419 2963 exemplo
1445 2930 1510 2964 per
1535 2919 1738 2964 Egbertum
