2097 3466
353 254 413 286 104
1039 245 1172 280 ANNo
1199 246 1300 279 1235

1100 366 1216 409 106.

414 498 550 548 1936,
578 498 748 546 Maure,
779 496 989 544 l)0zcaaz',·
1014 495 1138 542 later,
1166 492 1351 536 Atreelzt
1373 505 1427 535 en
1450 491 1700 546 Kamerg'jk.
1729 490 1968 533 Uittreksel

352 568 409 609 uit
430 580 507 607 een
532 564 640 606 boek
675 578 755 606 van
780 564 860 605 deu
886 562 1144 617 predikheer
1165 562 1358 615 Choquet
1389 559 1576 616 (Dowaai
1615 559 1762 608 1618),
1800 558 1967 601 waarin

350 635 408 691 hij
435 648 541 676 naar
563 634 670 674 oude
694 632 886 674 bionnen
911 632 986 673 der
1013 632 1081 674 13ε
1104 644 1222 673 eeuw
1259 642 1362 671 over
1396 628 1447 670 de
1480 628 1772 683 handelingen
1807 640 1890 668 van
1916 627 1967 669 de

350 701 661 757 predikheeren
695 715 748 743 en
784 700 929 741 vooral
967 712 1049 741 van
1084 698 1164 740 den
1198 697 1456 752 inquisiteur
1498 694 1660 738 Robert
1701 702 1743 737 te
1775 695 1966 747 Dowaai‚

348 769 532 812 Atrecht
555 783 607 811 en
642 768 864 824 Kamerijk
890 766 1099 810 uitweidt.
1128 793 1183 798 -
1208 767 1273 808 Ν6
1296 779 1342 807 er
1365 777 1469 806 over
1491 764 1691 820 geroemd
1715 766 1758 805 te
1782 763 1964 815 hebben,

348 838 420 880 dat
437 838 546 893 zijne
571 837 673 879 orde
696 851 746 892 op
766 836 884 878 beve]
911 836 986 877 der
1005 849 1163 890 pausen
1184 834 1234 877 de
1259 833 1432 889 ketterij
1453 833 1599 875 overal
1619 836 1706 874 met
1723 831 1967 874 blakenden

348 906 466 948 iever
488 905 604 948 heeft
628 906 782 960 helpen
810 904 1033 953 uitroeien,
1057 904 1158 946 stelt
1178 903 1236 958 hij
1263 905 1374 951 vast,
1398 901 1470 943 dat
1489 901 1540 943 de
1561 901 1780 943 Fransche
1799 901 1968 956 gedeel-

348 979 421 1017 ten
445 974 522 1016 der
545 973 845 1015 Nederlanden
881 973 983 1014 door
1021 972 1071 1014 de
1110 970 1356 1013 kettersche
1395 969 1656 1024 besmetting
1698 969 1824 1011 reeds
1865 967 1971 1012 voor

352 1043 464 1086 1236
487 1047 717 1097 aangetast
738 1055 902 1083 waren.
929 1041 990 1096 Op
1015 1041 1098 1083 last
1121 1040 1197 1081 der
1216 1052 1374 1093 pausen
1394 1052 1446 1080 en
1466 1041 1553 1080 met
1570 1038 1622 1079 de
1646 1036 1971 1093 medewerking

347 1111 424 1154 der
445 1111 728 1166 bissehoppen
753 1111 850 1152 trok
874 1110 966 1152 zieh
990 1109 1041 1151 de
1073 1108 1327 1162 inquisiteur
1364 1106 1527 1149 Robert
1565 1106 1615 1148 de
1652 1105 1759 1148 zaak
1792 1105 1971 1149 11166111-

347 1180 476 1235 dadig
498 1193 596 1221 aan.
624 1180 714 1221 Den
736 1178 764 1220 2
786 1178 930 1221 Maart
955 1177 1067 1220 1236
1090 1177 1165 1219 liet
1187 1177 1246 1232 hij
1272 1176 1361 1218 tien
1380 1174 1548 1218 ketters
1567 1177 1609 1217 te
1627 1174 1801 1216 Dowaai
1819 1173 1969 1217 buiten

347 1248 398 1290 de
421 1248 515 1291 stad
538 1247 825 1298 verbranden‚
849 1247 892 1288 in
911 1247 962 1289 de
985 1244 1411 1301 tegenwoordigheid
1434 1257 1517 1286 van
1543 1243 1624 1285 den
1648 1242 1970 1299 aartsbisschop

349 1330 431 1358 van
456 1315 615 1365 Reims,
643 1329 725 1358 van
749 1316 800 1357 de
838 1315 1121 1370 hisschoppen
1160 1327 1244 1356 van
1277 1312 1460 1355 Atrecht
1484 1325 1535 1354 en
1572 1325 1654 1353 van
1685 1311 1890 1362 Doornik‚
1916 1325 1970 1354 en

347 1399 430 1427 van
469 1384 685 1434 ι1011611116,
713 1385 867 1442 gravin
906 1397 992 1426 van
1026 1382 1301 1426 Vlaanderen
1342 1395 1397 1423 en
1436 1381 1761 1435 Henegouwen.
1805 1379 1896 1422 Ook
1928 1380 1973 1422 in

346 1449 375 1496 't
411 1453 739 1510 Kamerijksehe
778 1454 848 1510 (en
888 1452 930 1494 in
967 1453 996 1494 ’1
1033 1451 1135 1493 land
1171 1464 1256 1493 van
1291 1450 1493 1506 Atreeht)
1516 1448 1692 1491 werden
1731 1447 1973 1491 omstreeks

347 1521 597 1564 denzelt'den
621 1522 700 1578 tijd
724 1522 816 1563 veel
852 1521 1020 1563 ketters
1044 1520 1148 1562 (1001·
1184 1519 1366 1562 toedoen
1404 1518 1480 1560 der
1517 1517 1835 1573 predikheeren
1875 1530 1974 1560 ver-

346 1590 498 1641 brand,
527 1590 713 1645 hetgeen
737 1590 984 1644 aanleiding
1005 1588 1082 1644 gaf
1099 1593 1163 1630 101
1185 1588 1237 1630 (16
1260 1586 1651 1643 verschrikkelijke
1674 1585 1973 1641 geschiedenis

347 1672 431 1701 van
464 1658 545 1700 den
583 1658 627 1700 in
666 1672 770 1701 eene
808 1657 918 1700 kerk
957 1657 1243 1713 verraderlijk
1281 1655 1553 1698 verbranden
1592 1655 1735 1697 ketter
1767 1653 1972 1709 Aegidius

346 1727 540 1782 Boogris,
586 1726 690 1768 door
732 1726 783 1768 de
825 1727 900 1769 list
938 1740 1019 1768 van
1059 1739 1194 1768 eenen
1240 1726 1439 1779 priester.
1487 1723 1747 1780 (Uittreksel
1787 1723 1848 1765 uit
1895 1723 1972 1765 het

347 1794 540 1837 bekende
562 1795 684 1837 werk
707 1796 887 1839 Bonum
918 1795 1174 1838 universale
1206 1794 1259 1836 de
1281 1792 1442 1850 apibus
1467 1806 1550 1835 van
1575 1791 1757 1835 broeder
1789 1791 1971 1834 Thomas

344 1863 726 1920 Cantipratensis.)

392 1987 590 2031 Inquisitio
614 1986 867 2020 memorabilis
891 1986 989 2030 facta
1014 1987 1054 2019 in
1078 1985 1277 2020 haereticos
1296 1986 1426 2027 Βῑιασὶ,
1446 1984 1623 2019 Attrcbati
1646 1988 1678 2018 et
1697 1983 1886 2018 Cameraci
1905 1993 1974 2028 per

348 2043 545 2077 Robercmn
563 2041 747 2086 quendam
765 2041 1047 2075 domim'canum
1065 2046 1150 2074 ante
1170 2051 1287 2075 annos
1304 2040 1379 2074 380.

391 2097 489 2131 Inter
516 2096 671 2130 illustria
695 2096 831 2130 ordinis
855 2096 1143 2139 praedicatorum
1166 2106 1317 2129 munera
1340 2098 1375 2129 61
1398 2094 1516 2129 officia
1541 2094 1632 2129 illud
1654 2106 1726 2129 non
1750 2097 1969 2138 postremum

348 2151 495 2191 obtinet,
523 2152 616 2194 quod
644 2162 725 2184 cum
754 2151 798 2184 ad
826 2151 1060 2185 orthodoxam
1088 2150 1193 2184 fidem
1221 2150 1501 2194 propagandam,
1536 2149 1779 2194 profligandas
1805 2149 1968 2184 haereses

348 2217 645 2248 communemque
661 2205 821 2239 omnium
845 2206 996 2239 salutem
1019 2205 1065 2239 sit
1092 2205 1287 2245 institutus,
1307 2204 1484 2248 insignem
1510 2204 1548 2238 in
1573 2203 1800 2239 confutandis
1824 2203 1967 2238 conuel-

349 2260 532 2303 lendisque
559 2259 765 2294 haeresibus
792 2271 931 2302 semper
958 2259 1105 2293 nauavit
1133 2270 1288 2302 operam.
1321 2260 1398 2299 Quo
1428 2258 1465 2292 in
1494 2270 1642 2293 munere
1665 2269 1748 2293 vere
1771 2257 1968 2301 apostolico

350 2314 569 2348 dominicani
594 2314 733 2357 saepius
752 2314 997 2348 Romanorum
1023 2313 1230 2357 pontificum
1255 2313 1469 2348 auctoritate
1493 2313 1635 2347 subnixi
1660 2313 1789 2357 impios
1804 2323 1969 2347 errorum

349 2373 541 2403 assertores
572 2380 643 2402 non
675 2368 789 2402 solum
821 2368 1054 2403 concionibus
1084 2368 1385 2412 perstrinxerunt,
1423 2368 1725 2412 disputationibus
1755 2370 1791 2402 61
1825 2368 1968 2412 scriptis

350 2424 573 2464 deun-erunt,
592 2434 717 2457 verum
741 2423 847 2457 etiam
867 2423 1053 2457 brachium
1077 2424 1238 2457 seculare
1262 2424 1481 2458 induxerunt
1509 2427 1548 2457 ut
1571 2423 1625 2457 illi
1649 2424 1705 2457 vel
1727 2423 1836 2458 exilio
1859 2423 1969 2458 mule-

350 2482 468 2513 tarent
494 2478 551 2512 1-61
578 2480 691 2512 morte
718 2478 941 2519 damnarent,
973 2479 1158 2512 florentem
1191 2477 1415 2512 Christianae
1442 2478 1571 2522 segetis
1594 2489 1723 2522 agrum
1753 2489 1818 2521 per
1843 2478 1967 2512 orbem

349 2531 522 2567 indefesse
545 2533 737 2566 lustrantes
763 2544 806 2565 ac
829 2533 981 2567 sollicite
1005 2536 1171 2567 curantes
1194 2544 1239 2567 ne
1260 2533 1454 2566 submissae
1478 2544 1499 2566 a
1522 2532 1664 2567 diabolo
1680 2534 1804 2576 vulpes
1826 2532 1966 2567 funesto

348 2585 515 2621 incendio
532 2590 661 2621 cuncta
684 2588 922 2627 absumerent,
942 2598 986 2621 ne
1003 2586 1203 2621 carissimas
1227 2586 1376 2630 mystico
1398 2598 1493 2630 agno
1514 2587 1717 2621 animarum
1733 2598 1776 2621 ac
1791 2587 1966 2622 virtutum

349 2641 470 2674 caulas
501 2641 577 2684 lupi
608 2641 831 2676 inuaderent.
867 2642 1000 2676 Eorum
1032 2642 1190 2684 profecto
1221 2641 1399 2676 industria
1426 2641 1668 2685 peruigilique
1693 2642 1816 2676 labore
1846 2642 1966 2685 plures

349 2696 521 2730 extinctas
548 2697 722 2738 haereses,
752 2697 899 2731 discissa
928 2697 1132 2738 schismata,
1163 2696 1285 2740 regnis
1316 2696 1579 2740 provineijsque
1602 2697 1804 2732 eliminatos
1827 2709 1966 2732 errores

350 2752 547 2794 loquuntur
570 2752 734 2795 publicae
750 2752 846 2787 orbis
869 2753 1012 2787 tabulae
1036 2755 1069 2787 et
1094 2753 1249 2796 produnt
1264 2752 1358 2787 sacri
1381 2764 1502 2787 rerum
1519 2752 1842 2788 ecclesiasticarum
1856 2753 1966 2797 scrip-

349 2809 455 2841 tores,

392 2863 506 2896 Porro
530 2865 564 2896 et
592 2862 627 2896 in
647 2862 772 2906 Belgio
796 2863 929 2897 malum
954 2863 1023 2897 fuit
1045 2866 1079 2897 et
1102 2874 1145 2896 ex
1169 2861 1418 2906 Albigensium
1442 2862 1608 2897 incendio
1634 2864 1769 2898 multae
1794 2863 1854 2898 hic
1877 2863 1964 2898 olim

345 2916 548 2952 stricturae.
568 2918 648 2952 Non
664 2918 855 2953 defuerunt
871 2918 1014 2962 quidem
1030 2918 1220 2962 diligentes
1235 2918 1274 2952 in
1289 2917 1528 2954 ecclesiastico
1549 2921 1644 2955 statu
1660 2922 1826 2963 operarij,
1845 2919 1907 2964 qui
1923 2919 1962 2955 in
