2097 3466
333 273 394 309 ‘2⁴23
950 274 1081 310 ANNO
1109 276 1220 313 1373,
1250 276 1349 310 1374

334 367 578 401 confectarum
605 377 828 406 conservare.
860 366 966 405 tueri,
993 365 1194 407 defendere,
1221 377 1330 400 manu
1359 369 1480 401 tenere
1509 366 1648 410 sibique
1671 366 1710 401 in
1735 365 1901 402 omnibus
1926 369 1963 402 et

335 421 498 465 singulis,
529 432 620 464 quae
651 422 809 456 officium
839 421 1084 464 Inquisitiouis
1116 424 1151 454 ct
1181 421 1427 455 executionem
1458 423 1536 465 ejus
1566 420 1775 464 respiciunt,
1808 421 1962 456 fideliter

334 476 498 510 assistere
528 480 563 511 et
596 477 780 520 cooperari
813 488 877 520 pro
906 476 1042 509 viribus
1074 476 1311 511 effectualiter
1341 476 1510 517 debeatis,
1547 477 1683 510 nullam
1715 475 1962 519 permittentes

333 530 429 565 dicto
446 530 651 573 inquisitori
668 535 703 566 et
727 531 967 565 familiaribus
983 530 1056 564 suis
1081 530 1119 564 in
1136 531 1295 574 personis
1311 534 1374 565 aut
1389 531 1460 565 alio
1479 543 1659 575 quoquam
1684 531 1811 566 inferri
1835 531 1961 567 moles-

332 584 431 625 tiam,
461 584 635 628 injuriam
662 589 723 620 aut
745 587 940 629 jacturam.
972 585 1121 619 rebelles
1149 588 1184 619 et
1211 585 1492 620 contradictores
1519 586 1707 629 quoslibet,
1741 585 1803 630 qui
1834 589 1960 622 contra

331 639 526 682 praemissa
541 652 603 674 seu
620 652 744 675 eorum
762 640 900 684 aliquid
925 640 1096 683 quicquid
1120 643 1253 674 temere
1276 643 1490 684 attemptare
1506 640 1819 685 praesumpserint,
1837 644 1960 677 aucto-

332 693 439 727 ritate
465 694 639 730 Caesarea
663 698 770 738 prout
797 699 1016 738 oportunum
1045 694 1154 729 fuerit
1182 698 1216 729 et
1243 694 1364 729 delicti
1393 695 1546 738 qualitas
1570 695 1694 739 exigit,
1720 695 1960 739 appellatione

334 747 528 790 postposita
552 748 819 792 compescendo,
839 749 923 782 dum
948 751 983 782 et
1007 747 1171 791 quotiens
1187 748 1339 792 desuper
1363 748 1502 783 fueritis
1525 749 1702 793 requisiti,
1717 751 1960 795 praesentium

332 802 397 836 sub
415 801 612 846 imperialis
628 807 770 838 nostrae
787 802 937 847 [curiae]
954 802 1075 846 sigillo
1091 801 1294 838 testimonio
1312 802 1527 839 litterarum.

374 858 507 893 Datum
535 858 702 893 Treveris
729 870 823 893 anno
853 857 997 893 Domini
1027 860 1123 899 1373,
1149 857 1345 894 indictione
1372 858 1501 902 prima,
1527 859 1616 895 XIII
1643 860 1786 896 kalend.
1816 860 1954 904 Martii,

333 925 529 958 regnorum
545 917 749 950 nostrorum
765 926 860 949 anno
878 916 930 955 27,
950 913 1103 957 imperio
1119 924 1203 948 vero
1221 915 1273 948 19.

674 989 862 1031 Moshcin„
882 990 948 1024 blz.
967 991 1124 1024 388-39‘2.
1142 1008 1186 1014 -
1202 989 1263 1025 Zie
1286 989 1357 1025 ook
1380 1001 1425 1034 op
1448 990 1530 1027 deze
1553 990 1680 1027 laatste
1702 991 1877 1036 bladzijde
1891 995 1957 1029 392

716 1045 919 1080 Mosheim‘s
936 1044 1235 1089 aanmerkingen.

1086 1185 1201 1230 219.

388 1312 527 1365 1373,
553 1313 709 1356 Rome.
737 1312 972 1357 Uittreksel
997 1312 1059 1356 uit
1081 1312 1289 1356 Odoricus
1313 1312 1577 1370 Raynaldus’
1597 1313 1802 1357 Annales
1822 1315 1954 1358 eecle-

322 1382 508 1434 siastzbz',
549 1380 812 1425 bevattende
852 1382 903 1424 de
940 1381 1167 1438 ontleding
1205 1396 1336 1425 eener
1371 1381 1441 1424 bul
1481 1395 1566 1424 van
1597 1381 1835 1439 Gregorius
1867 1383 1948 1436 XI,

323 1451 494 1506 gericht
515 1452 582 1494 tot
603 1450 654 1493 de
678 1450 957 1506 inquisiteurs
986 1451 1030 1493 in
1062 1451 1139 1494 het
1159 1450 1414 1508 koninkrijk
1435 1450 1686 1507 Frankrijk‚
1713 1451 1802 1494 hun
1825 1450 1954 1495 beve-

324 1519 450 1562 lende
483 1519 535 1562 de
567 1518 972 1562 berouwhebbende
1010 1520 1180 1563 ketters
1219 1523 1306 1562 met
1345 1519 1395 1562 de
1433 1519 1554 1562 Kerk
1592 1522 1637 1563 te
1674 1533 1948 1573 verzoenen;

325 1592 455 1643 tegen
489 1588 540 1631 de
562 1588 818 1631 verstokten
842 1589 934 1645 riep
959 1589 1010 1631 de
1033 1602 1140 1644 paus
1174 1588 1450 1644 integendeel
1484 1589 1565 1631 den
1598 1588 1718 1631 iever
1748 1602 1832 1632 van
1864 1589 1951 1632 alle

320 1661 520 1708 vorsten‚
564 1657 975 1712 stedemagistraten
1019 1671 1071 1700 en
1116 1656 1353 1700 edellieden
1378 1647 1481 1699 >van
1523 1656 1760 1716 FrankriJk
1803 1671 1856 1700 en
1899 1657 1951 1701 de

322 1726 625 1769 Nederlanden
647 1729 717 1769 ter
739 1726 844 1782 hulp
869 1740 937 1769 om
961 1726 1012 1769 de
1035 1726 1214 1783 ketterij
1240 1726 1303 1769 uit
1324 1729 1368 1769 te
1391 1725 1552 1769 roeien.

364 1850 614 1895 Repullulanti
641 1862 783 1894 quoque
811 1854 887 1886 tum
917 1850 955 1884 in
983 1849 1110 1885 Galliis
1138 1849 1363 1885 foedissimae
1393 1849 1533 1885 haeresi
1564 1849 1840 1894 Beguardorum
1870 1849 1948 1886 sive

322 1907 582 1951 Beguinorum,
603 1906 889 1950 Turlupinorum
906 1917 948 1939 ac
965 1906 1216 1941 Lollardorum
1233 1905 1290 1947 (iis
1307 1905 1512 1940 nominibus
1527 1905 1637 1949 vulgo
1661 1904 1795 1940 infame
1817 1904 1949 1940 horum

321 1961 510 1996 hominum
534 1972 646 2005 genus
671 1961 971 2003 nuncupabatur),
991 1961 1120 1995 falcem
1145 1959 1360 2004 apostolicae
1376 1959 1575 1994 severitatis
1599 1959 1799 2004 injecturus
1815 1959 1949 2004 Grego-

320 2016 409 2057 rius,
427 2020 468 2051 ut
491 2014 681 2050 clementia
704 2015 863 2058 rigorem
886 2018 1116 2058 temperaret,
1136 2014 1344 2049 censoribus
1367 2014 1449 2049 fidei
1473 2013 1631 2057 primum
1647 2016 1766 2057 partes
1781 2013 1890 2056 dedit,
1908 2016 1950 2049 ut

319 2082 440 2105 omnes
468 2082 555 2113 quos
586 2077 711 2113 sponte
742 2069 903 2103 criminis
934 2069 1144 2112 poeniteret,
1172 2069 1211 2103 in
1237 2068 1394 2113 gratiam
1421 2068 1592 2103 ecclesiae
1622 2067 1875 2112 admitterent3
1908 2068 1948 2103 in

318 2126 518 2169 pertinaces
534 2136 619 2159 vero
636 2124 821 2159 universos
837 2124 1030 2168 principes,
1050 2125 1197 2159 urbium
1213 2123 1446 2168 magistratus
1462 2134 1505 2158 ae
1521 2123 1616 2158 viros
1633 2123 1771 2158 nobiles
1789 2122 1947 2157 Francos

317 2179 518 2222 Belgasque
545 2179 604 2222 pio
634 2179 762 2213 ardore
793 2178 968 2220 accendit,
999 2181 1040 2213 ut
1070 2178 1116 2213 ad
1147 2179 1298 2213 delenda
1324 2177 1500 2222 ejusmodi
1531 2177 1720 2222 religionis
1751 2177 1947 2222 opprobria

316 2234 474 2268 studium
492 2233 656 2278 viresque
673 2234 888 2268 conferrent.

667 2309 842 2344 Odoricus
866 2309 1087 2354 Raynaldus,
1105 2310 1269 2345 Annales
1294 2309 1542 2352 ecclesiastici,
1560 2309 1638 2345 deel
1662 2309 1761 2352 XVI,
1779 2309 1847 2346 blz.
1865 2311 1941 2346 520.

1065 2455 1189 2500 220.

377 2582 514 2632 1374,
541 2581 676 2638 April
698 2584 741 2632 7,
761 2582 990 2639 sz'gmon.
1017 2582 1096 2626 Bul
1128 2597 1214 2626 van
1246 2582 1482 2640 Gregorius
1507 2582 1573 2627 XI
1595 2580 1765 2640 gericht
1789 2585 1857 2628 tot
1889 2580 1941 2626 de

317 2649 725 2706 aartsbisschoppen
741 2664 829 2694 van
845 2652 1033 2705 Keulen,
1054 2652 1176 2695 Trier
1193 2666 1246 2696 en
1263 2652 1406 2695 Mainz
1424 2667 1478 2696 en
1495 2653 1645 2696 hunne
1662 2650 1942 2708 suffraganen

316 2719 465 2762 alsook
499 2722 563 2762 tot
595 2719 678 2762 alle
710 2719 1116 2777 aartsbisschoppen
1139 2735 1192 2764 en
1214 2720 1497 2777 bisschoppen
1521 2734 1605 2764 van
1637 2720 1936 2773 Duitschland,

315 2787 508 2830 Brabant
526 2802 579 2830 en
598 2788 893 2841 Vlaanderen,
909 2803 1014 2833 over
1032 2803 1110 2832 een
1128 2790 1172 2832 in
1189 2793 1234 2834 te
1252 2791 1407 2833 stellen
1425 2789 1670 2833 onderzoek
1686 2789 1940 2846 aangaande

312 2855 364 2898 de
391 2856 525 2898 zeden
555 2870 608 2899 en
641 2857 693 2899 de
727 2858 948 2913 leeringen
982 2872 1067 2902 van
1099 2859 1195 2902 veel
1228 2872 1442 2915 personen
1473 2873 1560 2902 van
1592 2857 1741 2901 beider
1769 2858 1932 2908 kunne,

312 2923 454 2968 welke
487 2924 531 2968 in
564 2925 631 2968 die
663 2929 889 2982 gewesten
921 2927 964 2970 in
996 2928 1196 2972 armoede
1219 2941 1274 2971 en
1295 2927 1685 2985 godvruchtigheid
1707 2926 1865 2971 heeten
1892 2927 1937 2971 te
