2097 3466
304 245 367 277 ⁸232
989 243 1120 278 ANNO
1147 245 1244 278 1374

303 336 462 371 ascendit
485 347 597 379 usque
616 335 818 371 Hanoniam
833 347 895 371 seu
912 335 1115 377 Franciam,
1133 337 1237 379 cujus
1260 334 1342 370 talis
1365 335 1435 370 fuit
1458 335 1628 371 conditio.
1647 336 1741 370 Nam
1762 335 1927 374 homines

303 390 491 434 utriusque
513 402 617 426 sexus
640 391 886 427 illudebantur
903 403 926 426 a
940 390 1129 426 daemonio
1152 390 1274 426 taliter
1297 391 1392 434 quod
1414 393 1488 426 tam
1511 391 1549 425 in
1572 391 1736 426 domibus
1752 403 1861 436 quam
1885 392 1926 430 in

303 445 428 488 plateis
444 448 480 480 et
497 445 534 480 in
551 447 711 481 ecclesiis
727 459 763 483 se
787 447 941 482 invicem
957 447 1123 482 manibus
1148 449 1309 482 tenentes
1334 446 1565 482 chorizabant
1580 449 1617 482 et
1638 447 1677 482 in
1693 447 1807 483 altum
1823 448 1926 483 salta-

302 501 387 534 bant
403 511 445 534 ae
461 501 636 543 quaedam
654 503 800 537 nomina
815 502 1087 538 daemoniorum
1104 501 1351 542 nominabant,
1370 501 1538 537 videlicet
1553 502 1705 536 Frz‘skes
1721 505 1757 537 et
1777 501 1922 544 similia,

302 555 439 588 nullam
470 555 713 600 cognitionem
743 557 782 592 in
813 557 1020 602 hujusmodi
1051 556 1294 591 chorizatione
1322 568 1387 591 neo
1418 556 1672 591 verecundiam
1698 556 1755 590 sui
1780 559 1926 600 propter

302 609 481 644 adstantes
496 611 645 654 populos
660 612 842 647 habentes.
862 613 907 647 Et
929 612 967 646 in
994 612 1064 645 fine
1080 611 1189 656 hujus
1205 610 1458 646 chorizationis
1477 611 1516 645 in
1540 614 1681 646 tantum
1697 610 1796 646 circa
1810 613 1926 655 pecto-

300 666 393 700 ralia
416 668 677 711 torquebantur
693 667 787 710 quod
812 667 879 701 nisi
903 666 1082 709 mappulis
1108 665 1213 700 lineis
1236 677 1258 699 a
1281 665 1354 699 suis
1377 665 1504 699 amicis
1528 676 1593 709 per
1615 664 1774 700 medium
1789 664 1925 700 ventris

300 720 442 755 fortiter
456 721 732 766 stringerentur,
752 721 853 764 quasi
870 720 1004 755 furiose
1019 720 1223 754 clamabant
1238 731 1275 754 se
1290 719 1395 754 mori.

345 774 392 808 Hi
415 786 500 810 vero
526 775 565 810 in
589 775 722 810 Leodio
749 786 814 819 per
837 774 1102 818 conjurationes
1129 777 1263 809 sumtas
1288 775 1333 808 de
1359 773 1432 808 illis
1455 773 1518 817 qui
1540 773 1579 808 in
1602 773 1819 810 catechismo
1842 775 1926 809 ante

302 829 517 873 baptismum
534 830 636 871 fiunt,
656 842 677 864 a
693 830 882 865 daemonio
898 830 1147 864 liberabantur
1163 832 1198 864 et
1213 828 1330 863 sanati
1352 829 1531 870 dicebant,
1550 829 1645 873 quod
1669 828 1859 864 videbatur
1873 829 1926 864 eis

301 884 397 927 quod
420 883 458 918 in
481 884 570 918 hora
593 885 702 928 hujus
725 884 978 919 ehorizationis
1004 886 1107 918 erant
1135 883 1173 918 in
1201 884 1312 917 fluvio
1336 883 1524 927 sanguinis
1546 886 1582 918 et
1605 885 1794 927 propterea
1811 883 1864 918 sie
1885 883 1926 918 in

301 939 415 973 altum
439 939 628 974 saltabant.
656 939 797 984 Vulgus
824 942 944 974 autem
972 939 1067 982 apud
1095 938 1269 973 Leodium
1297 937 1439 973 dicebat
1462 938 1558 982 quod
1585 937 1792 982 hujusmodi
1817 938 1926 982 plaga

301 994 433 1037 populo
450 994 657 1039 contigisset
683 1006 724 1030 eo
752 995 847 1039 quod
874 995 1027 1038 populus
1054 994 1147 1029 male
1164 993 1363 1037 baptizatus
1386 996 1464 1028 erat
1486 993 1642 1028 maxime
1665 1004 1687 1028 a
1708 993 1926 1038 presbyteris

301 1059 382 1082 suas
408 1048 612 1083 tenentibus
639 1049 858 1084 concubinas
873 1063 881 1092 ;
911 1052 946 1083 et
977 1051 1123 1093 propter
1153 1048 1222 1083 hoe
1253 1051 1488 1092 proposuerat
1513 1048 1645 1092 vulgus
1671 1048 1860 1093 insurgere
1885 1047 1926 1083 in

301 1103 437 1137 elerum
453 1115 512 1138 eos
528 1104 722 1139 occidendo
739 1107 774 1139 et
789 1105 884 1139 bona
900 1115 1026 1139 eorum
1042 1103 1256 1146 diripiendo,
1275 1103 1344 1137 nisi
1367 1104 1463 1138 Deus
1479 1103 1522 1138 de
1537 1103 1696 1138 remedio
1712 1102 1926 1147 providisset

302 1168 365 1200 per
377 1159 642 1203 conjurationes
658 1159 870 1202 praedictas.
887 1159 966 1200 Quo
979 1159 1056 1193 viso
1075 1158 1225 1194 cessavit
1241 1161 1432 1202 tempestas
1444 1157 1545 1202 vulgi
1562 1157 1683 1194 taliter
1698 1158 1793 1202 quod
1808 1158 1926 1194 clerus

302 1213 416 1247 multo
432 1214 512 1257 plus
527 1225 549 1248 a
564 1215 696 1258 populo
712 1214 783 1249 fuit
797 1214 1006 1249 honoratus,

346 1267 397 1302 Do
419 1267 487 1303 ista
509 1272 629 1304 autem
646 1267 888 1303 chorizatione
903 1279 965 1302 seu
989 1271 1084 1302 secta
1106 1269 1230 1302 extant
1252 1267 1430 1311 rigmata:

649 1324 775 1358 Oritur
790 1324 828 1358 in
845 1325 965 1359 seculo
981 1335 1074 1359 nova
1090 1324 1264 1367 quaedam
1277 1325 1383 1363 secta,

648 1379 689 1413 In
706 1379 815 1423 gestis
831 1382 894 1414 aut
910 1379 948 1413 in
964 1380 1109 1422 speculo
1125 1378 1201 1412 visa
1216 1379 1296 1422 plus
1312 1389 1379 1412 neo
1394 1378 1497 1412 lecta.

649 1433 809 1478 Populus
825 1434 1001 1478 tripudiat
1016 1433 1169 1468 nimium
1185 1433 1361 1472 saltando,

647 1488 693 1523 Se
708 1500 802 1523 unus
818 1489 922 1524 alteri
938 1488 1050 1524 sociat
1064 1488 1192 1524 leviter
1207 1487 1408 1529 clamando,

647 1543 793 1583 Frisclz,
811 1544 948 1588 friskes
960 1548 974 1577 Ι
989 1555 1071 1578 eum
1088 1543 1222 1588 gaudio
1238 1543 1371 1577 elamat
1385 1544 1536 1586 uterque
1552 1554 1655 1577 sexus

650 1599 809 1633 Cunctus
824 1598 1054 1643 manutergio
1070 1601 1105 1633 et
1120 1598 1250 1632 baculo
1267 1608 1460 1639 connexus,

649 1653 773 1697 Capite
790 1654 859 1688 fert
875 1654 1029 1698 pelleum
1047 1654 1200 1697 desuper
1215 1655 1366 1694 certum,

648 1708 771 1743 Cernit
785 1708 925 1743 Mariae
940 1708 1058 1743 filium
1072 1711 1108 1742 et
1124 1708 1263 1742 eaelum
1279 1709 1457 1750 apertum,

643 1763 818 1797 Deorsum
835 1762 1086 1806 prosternitur.
1105 1762 1250 1796 Dudum
1266 1761 1307 1796 fit
1322 1761 1494 1802 ululatus,

647 1817 792 1851 Caleato
808 1819 943 1857 ventre,
961 1817 1122 1851 cernitur
1137 1815 1258 1851 statim
1275 1815 1460 1855 liberatus,

646 1871 811 1915 Vagatur
826 1872 905 1906 loca
919 1871 1022 1906 varia
1037 1882 1206 1915 pompose
1221 1870 1386 1912 vivendo,

646 1927 830 1963 Mendicat
845 1927 1046 1962 necessaria
1061 1926 1216 1971 propriis
1232 1926 1424 1970 parcendo,

647 1981 792 2025 Spernit
806 1981 929 2016 videre
944 1982 1056 2016 rubea
1072 1984 1107 2016 et
1123 1992 1312 2025 personam
1328 1981 1484 2020 flentem,

646 2037 702 2072 Ad
718 2036 802 2071 fidei
818 2036 1001 2071 contraria
1016 2036 1126 2081 erigit
1140 2037 1207 2071 hec
1223 2048 1311 2080 gens
1326 2038 1494 2076 mentem,

645 2091 770 2127 Noctis
785 2092 850 2125 sub
868 2092 1079 2126 umbraculo
1095 2092 1164 2126 ista
1179 2090 1410 2135 perpetravit,

649 2147 740 2182 Cum
756 2146 915 2181 naturali
931 2147 1060 2181 baculo
1076 2147 1200 2181 subtus
1216 2157 1253 2180 se
1269 2146 1434 2186 caleavit,

646 2201 792 2235 Clerum
808 2200 917 2235 habet
932 2200 1026 2242 odio,
1045 2211 1117 2235 non
1133 2202 1238 2235 curat
1252 2202 1487 2235 sacramenta.

645 2255 732 2289 Post
747 2257 831 2290 sunt
845 2255 884 2288 in
901 2254 1035 2289 Leodio
1051 2254 1211 2290 remedia
1225 2254 1394 2297 inventa3

647 2310 750 2345 Hane
766 2322 854 2357 nam*
866 2311 1031 2345 fraudem
1048 2322 1119 2354 qua
1133 2310 1311 2355 suggessit
1327 2310 1464 2345 Sathan
1479 2313 1532 2346 est
1547 2309 1753 2346 convictus:

650 2366 868 2409 Conjuratus
883 2365 1074 2401 evanescit.
1094 2365 1189 2400 Hine
1204 2365 1250 2401 sit
1266 2366 1429 2401 Christus
1444 2365 1663 2401 benedictus.

649 2442 781 2476 Petrus
795 2442 838 2477 de
853 2442 1076 2477 Herenthals'
1094 2443 1177 2477 Vita
1192 2441 1366 2486 Greyoriz·
1378 2443 1444 2484 XI,
1457 2443 1651 2487 afgedrukt
1664 2443 1712 2486 bij
1729 2441 1921 2485 Muratofi,

691 2497 833 2532 Rerum
856 2497 1076 2532 Italicarum
1098 2499 1304 2542 scriptores,
1328 2497 1408 2532 deel
1429 2497 1493 2540 III,
1519 2509 1602 2542 pars
1624 2498 1749 2540 altera,
1766 2498 1840 2533 kol.
1857 2499 1922 2532 674

684 2563 729 2587 en
744 2554 820 2586 675.

1049 2631 1168 2676 222.

359 2754 498 2805 1374,
525 2756 895 2800 Juzi-November
926 2769 981 2800 en
1003 2757 1134 2809 later,
1163 2757 1309 2807 Akem
1337 2756 1626 2808 Maastrz'elzt‚
1646 2757 1780 2807 Luik,
1802 2757 1921 2800 Her·-

294 2824 384 2867 stal
402 2837 456 2867 en
474 2825 744 2868 omstreken.
773 2825 1013 2868 Uittreksel
1037 2825 1100 2868 uit
1123 2825 1174 2868 de
1196 2825 1373 2882 kronijk
1390 2839 1476 2868 van
1497 2825 1579 2868 den
1603 2825 1919 2883 geliJktijdigen

294 2892 600 2950 Tongerschen
624 2893 764 2937 deken
788 2893 1042 2950 Radulphus
1067 2893 1118 2936 de
1141 2894 1250 2939 Rivo
1268 2893 1316 2952 (†
1343 2894 1474 2950 1403)
1496 2907 1599 2937 over
1616 2893 1693 2938 het
1716 2896 1919 2938 ontstaan
