2097 3466
315 248 355 282 14
1004 245 1136 281 ANNO
1164 247 1262 282 1102

314 344 592 389 kettersehen
626 343 824 400 bisschop
847 356 932 387 van
966 345 1178 386 Terwaan
1211 357 1264 386 en
1287 343 1494 400 opvolger
1513 355 1599 386 van
1621 342 1856 396 Hubertus,
1883 356 1934 400 op

313 416 359 456 te
381 413 539 456 hitsen.
567 438 626 446 —
648 414 707 456 De
729 426 835 469 paus
852 411 1072 455 bezweert
1093 412 1175 454 den
1202 412 1340 467 graaf,
1362 412 1436 455 dat
1458 412 1515 468 hij
1541 411 1592 455 de
1613 412 1746 469 goede
1769 414 1937 469 geeste-

314 483 450 540 lijken
472 496 557 526 van
578 483 607 526 ’t
624 481 787 526 bisdom
806 483 1018 525 Terwaan
1037 482 1128 524 niet
1145 481 1298 538 langer
1318 495 1398 525 zou
1415 483 1651 538 vervolgen
1669 497 1723 526 en
1740 483 1939 538 integen-

315 552 407 595 deel
431 552 483 595 de
518 551 645 608 partij
670 565 755 595 van
788 550 870 593 den
902 550 1184 594 ketterschen
1216 549 1433 607 hisschop‚
1459 550 1527 594 die
1558 551 1602 594 in
1631 551 1712 595 den
1745 550 1830 594 ban
1862 549 1939 592 der

314 621 435 663 Kerk
458 622 664 677 geslagen
682 621 717 663 is
741 634 794 663 en
817 620 913 663 dien
938 620 997 677 hij
1027 639 1044 661 «
1071 634 1150 663 een
1174 619 1231 662 lid
1255 634 1340 663 van
1364 620 1446 664 den
1463 620 1708 664 Antichrist
1731 637 1748 660 »
1773 623 1933 672 noemt,

313 690 511 733 verlaten
535 702 627 732 zou.
651 689 885 732 Daarmede
903 690 968 732 zal
991 689 1049 746 hij
1077 689 1158 732 den
1182 703 1317 746 zegen
1336 703 1420 734 van
1441 689 1532 733 God
1555 703 1609 733 en
1625 702 1712 733 van
1728 687 1940 734 St·Pieter

314 759 504 803 alsmede
527 759 603 803 het
625 760 794 817 eeuwig
815 760 943 804 leven
967 773 1242 804 verwerven.

359 886 556 931 Gregorius
581 886 779 930 episcopus,
812 897 935 921 servus
958 897 1144 921 servorum
1168 885 1248 926 Dei,
1274 884 1458 930 R(oberto)
1480 884 1639 930 glorioso
1661 883 1939 920 Flandrensium

315 940 450 982 comiti,
469 941 601 976 dilecto
617 941 656 975 in
674 941 816 976 Christo
833 941 920 983 filio,
939 941 1091 976 salutem
1108 944 1142 975 et
1157 940 1391 984 apostolicam
1408 940 1706 976 benedictionem.

356 996 438 1030 Jam
460 1007 565 1040 saepe
589 996 824 1031 excellentiae
853 1000 936 1031 tuae
961 996 1170 1040 scripsimus
1194 1007 1301 1040 super
1324 1007 1432 1031 causa
1455 995 1671 1031 clericorum
1700 991 1941 1028 Tarvanensis

313 1050 487 1085 ecclesiae
517 1050 772 1094 E(ngerrandi)
800 1050 1006 1095 praepositi,
1049 1050 1083 1086 S.
1110 1051 1249 1093 decani,
1274 1051 1307 1085 J.
1335 1050 1479 1086 diaconi
1508 1053 1542 1085 et
1576 1049 1812 1093 reliquorum,
1851 1057 1940 1091 quos

314 1105 559 1150 malignorum
589 1105 784 1140 mortiferis
811 1105 1103 1150 suggestionibus
1129 1106 1233 1141 bonis
1260 1105 1418 1149 propriis
1444 1105 1602 1149 privatos
1628 1104 1666 1139 in
1697 1102 1847 1139 exilium
1873 1112 1939 1146 pro

315 1160 513 1204 apostolica
529 1160 733 1195 obedientia
749 1161 946 1202 detrusisti,
966 1169 1006 1195 ut
1023 1172 1082 1196 eos
1098 1160 1142 1195 ad
1162 1161 1360 1205 integrum,
1378 1160 1472 1195 sicut
1482 1163 1622 1204 Justum
1639 1161 1703 1200 est,
1720 1161 1942 1194 restaurares

315 1218 349 1248 et
373 1214 478 1248 illum
501 1213 726 1250 haereticum
751 1215 1012 1258 L(ambertum)
1036 1215 1238 1259 depositum
1261 1218 1296 1250 et
1327 1214 1679 1249 excommunicatum
1700 1213 1856 1258 amplius
1870 1224 1944 1248 non

315 1273 545 1311 sustentares,
570 1270 631 1305 sed
654 1270 770 1315 magis
801 1271 990 1306 ecclesiam
1017 1270 1236 1313 captivatam
1265 1269 1308 1305 de
1335 1273 1413 1313 ejus
1438 1269 1631 1313 tyrannide
1657 1273 1692 1304 et
1715 1268 1945 1313 oppressione

314 1324 500 1360 liberares.
527 1324 630 1365 Quod
655 1326 754 1369 quia,
780 1326 874 1361 sicut
900 1325 955 1360 illi
983 1324 1100 1360 adhuc
1127 1324 1439 1369 lachrymabiliter
1465 1327 1750 1368 conqueruntur,
1781 1323 1942 1358 nondum

315 1380 472 1424 pleniter
488 1379 671 1424 peregisti,
691 1381 828 1416 crebris
851 1380 1088 1425 querimoniis
1112 1391 1236 1415 eorum
1253 1378 1397 1424 fatigati
1412 1379 1530 1414 adhuc
1548 1378 1730 1414 nobilitati
1742 1382 1826 1413 tuae
1842 1389 1942 1413 man-

317 1435 443 1470 damus
471 1438 506 1470 et
528 1447 572 1470 ex
600 1439 700 1479 parte
728 1436 794 1470 Dei
822 1439 857 1470 et
880 1435 1124 1480 apostolorum
1148 1434 1324 1479 principis
1346 1433 1602 1478 praecipimus,
1626 1436 1667 1469 ut
1690 1433 1877 1469 ecclesiam
1901 1433 1945 1468 de

317 1491 502 1535 praedicto
525 1490 741 1526 Antichristi
764 1491 926 1526 membro
951 1490 1084 1535 eripias
1108 1490 1321 1535 clericisque
1344 1489 1516 1533 praefatis
1532 1500 1597 1524 sua
1612 1488 1734 1524 omnia
1750 1489 1946 1523 clementer

317 1545 488 1580 restituas
511 1550 546 1581 et
568 1546 726 1590 gratiam
750 1548 850 1581 tuam
875 1545 1066 1590 pristinam
1090 1546 1140 1581 eis
1161 1545 1295 1580 habere
1319 1544 1519 1588 permittas,
1537 1547 1578 1579 ut
1601 1543 1695 1578 Deus
1719 1544 1946 1587 omnipotens

317 1602 385 1637 tibi
411 1614 513 1638 suam
539 1603 695 1648 gratiam
725 1602 786 1637 hic
814 1607 849 1639 et
876 1604 915 1638 in
941 1604 1064 1638 futuro
1091 1604 1212 1639 seculo
1236 1603 1374 1638 tribuat
1401 1606 1436 1638 et
1457 1603 1583 1638 beatus
1606 1602 1748 1644 Petrus,
1773 1601 1817 1636 ad
1842 1605 1945 1645 cujus

319 1657 562 1700 praesentiam
579 1657 792 1702 confugium
812 1658 988 1700 fecerunt,
1004 1661 1136 1701 januas
1152 1657 1245 1693 coeli
1260 1660 1341 1702 post
1355 1657 1464 1701 hujus
1480 1657 1575 1693 vitae
1591 1656 1733 1692 felicem
1747 1655 1945 1692 terminum

318 1712 387 1747 tibi
402 1713 553 1757 aperiat.

666 1798 799 1841 Mami,
817 1799 895 1835 deel
911 1798 995 1842 XX,
1014 1799 1080 1834 blz.
1100 1801 1174 1837 372.
1193 1799 1310 1843 (Jaffe,
1329 1800 1408 1835 deel
1425 1799 1452 1842 I,
1467 1799 1534 1834 blz.
1552 1801 1627 1841 644,
1643 1804 1682 1834 11¹·
1698 1798 1808 1843 5247).
1825 1816 1870 1824 -
1886 1795 1942 1842 Bij

708 1855 831 1891 Mansi
853 1856 956 1891 vindt
976 1867 1059 1891 men
1082 1868 1156 1901 nog
1172 1856 1304 1891 andere
1319 1855 1477 1891 stukken
1492 1866 1578 1890 over
1592 1856 1675 1891 deze
1690 1854 1790 1898 zaak,
1807 1854 1946 1890 waarin

710 1912 754 1947 de
780 1923 869 1956 paus
892 1911 1026 1955 schiJnt
1049 1913 1270 1947 overdreven
1295 1915 1331 1947 te
1352 1911 1506 1953 hebben,
1524 1911 1577 1946 als
1591 1910 1641 1954 hij
1658 1910 1823 1954 bisschop
1839 1903 1946 1945 Lam'-

711 1967 836 2002 bertus
874 1978 962 2002 voor
998 1978 1110 2002 eenen
1147 1967 1266 2002 ketter
1301 1966 1408 2002 wilde
1437 1966 1530 2001 doen
1557 1966 1753 2011 doorgaan.
1781 1965 1843 2000 Zie
1876 1963 1946 2000 ook

710 2023 754 2057 A.
774 2022 874 2067 Giry‚
896 2022 1075 2066 Greyoire
1100 2022 1173 2057 VII
1181 2027 1213 2056 et
1226 2022 1276 2056 les
1291 2024 1438 2066 ‹ft-eques
1453 2022 1497 2057 de
1515 2022 1702 2057 Terouaue
1715 2021 1756 2056 in
1770 2021 1814 2056 de
1825 2021 1946 2057 Revue

712 2077 917 2123 historique
932 2078 1025 2122 (deel
1042 2079 1069 2121 I,
1088 2078 1153 2114 blz.
1175 2081 1238 2114 399
1256 2090 1300 2114 en
1315 2077 1439 2122 volg.).

1095 2242 1172 2286 10.

383 2381 523 2433 1102,
548 2381 751 2424 ιῙσιηαανῖ
764 2381 840 2431 21,
858 2379 1038 2424 Albani.
1062 2381 1142 2423 Bul
1166 2395 1250 2424 van
1269 2382 1493 2426 Paschalis
1516 2383 1571 2436 II,
1593 2382 1762 2439 gericht
1776 2383 1842 2426 tot
1859 2382 1944 2424 Ro-

323 2448 420 2492 bert
443 2449 497 2500 II,
535 2449 664 2505 graaf
689 2462 773 2492 van
797 2449 1090 2501 Vlaanderen,
1119 2463 1221 2493 over
1244 2451 1320 2493 het
1351 2452 1586 2507 vervolgen
1610 2451 1686 2493 der
1711 2450 1881 2494 ketters
1903 2448 1947 2490 in

322 2519 435 2576 zijne
461 2522 702 2574 gewesten.
724 2542 776 2549 --
806 2518 872 2561 Na
895 2519 995 2560 hem
1021 2532 1124 2561 over
1147 2519 1258 2575 zijne
1281 2520 1545 2563 aanstaande
1569 2519 1817 2562 kruisvaart
1837 2531 1945 2561 naar

320 2581 350 2630 't
372 2586 516 2642 Heilig
541 2586 660 2640 Land
691 2586 756 2628 los
782 2589 826 2629 te
859 2585 1027 2628 hebben
1059 2588 1370 2642 toegezwaaid‚
1403 2587 1601 2631 wenseht
1633 2587 1684 2630 de
1706 2601 1812 2643 paus
1843 2587 1943 2629 hem

321 2656 403 2699 ook
427 2656 557 2712 geluk
581 2659 668 2699 met
701 2656 812 2712 zijne
845 2658 1022 2712 strenge
1045 2656 1239 2712 houding
1261 2660 1497 2713 tegenover
1519 2658 1570 2700 de
1592 2658 1759 2701 ketters
1783 2656 1845 2699 uit
1867 2655 1943 2699 het

319 2716 665 2779 Kamerijksche.
693 2723 917 2766 Hetzelfde
940 2726 1056 2767 meet
1087 2728 1174 2768 met
1207 2724 1257 2767 de
1289 2729 1514 2770 verwaten
1547 2727 1754 2782 priesters
1776 2725 1840 2768 uit
1867 2724 1943 2768 het

320 2792 581 2835 Luikerland
619 2792 893 2848 geschieden‚
931 2794 1037 2836 daar
1073 2793 1283 2850 degenen,
1320 2795 1387 2838 die
1419 2795 1666 2838 zichzelven
1703 2794 1850 2838 buiten
1891 2795 1942 2837 de

320 2860 441 2902 Kerk
464 2860 676 2915 plaatsen,
699 2874 783 2902 van
804 2861 888 2904 alle
906 2862 1149 2919 kerkelijke
1167 2862 1340 2906 ambten
1360 2867 1530 2907 moeten
1550 2862 1723 2906 beroofd
1743 2862 1936 2905 worden.

323 2929 381 2971 De
413 2943 518 2985 paus
552 2933 700 2986 spoort
733 2931 814 2974 den
845 2932 975 2988 graaf
1007 2932 1088 2976 ook
1123 2947 1205 2977 aan
1240 2933 1322 2977 den
1360 2933 1591 2978 hoofdman
1631 2933 1707 2977 der
1743 2933 1936 2990 ketterij,
