2097 3466
853 220 987 256 ANNO
1015 221 1113 254 1460
1745 220 1808 252 349

165 328 286 370 sens,
307 315 376 358 die
391 316 446 374 zij
472 316 653 372 plichtig
674 329 760 360 van
784 317 960 374 ketterij
987 330 1042 359 en
1064 316 1226 359 andere
1249 328 1384 372 grove
1407 315 1653 372 misgrepen
1676 317 1807 371 tegen

165 387 244 430 het
270 384 420 443 geloof
439 384 690 436 verklaren,
712 385 820 428 daar
852 385 904 428 de
936 384 1159 428 betichten
1183 384 1304 427 zelve
1328 383 1499 427 bekend
1523 383 1694 427 hebben
1718 387 1808 427 met

164 453 249 497 den
281 454 425 498 duivel
456 452 672 496 verkeerd
695 456 739 496 te
762 452 948 496 hebben.
976 479 1037 485 —
1067 452 1328 495 Denisette's
1352 452 1640 508 plichtigheid
1663 450 1810 495 werdt

165 521 450 578 breedvoerig
479 522 693 579 gestaafd.
728 522 947 579 Eindelijk
981 521 1126 564 wordt
1153 534 1362 577 gewezen
1394 534 1447 576 op
1477 521 1552 564 het
1578 519 1810 563 voorbeeld

164 590 242 635 der
265 590 462 643 straffen,
484 591 553 634 die
585 591 728 633 elders
761 599 893 647 tegen
927 590 1122 633 mindere
1154 589 1600 633 duivelkunstenaars
1629 589 1810 632 werden

163 661 494 719 uitgesproken,
522 660 729 716 namelijk
746 660 790 703 in
814 662 843 704 't
865 660 992 716 geval
1015 673 1101 702 van
1125 673 1263 702 eenen
1287 657 1411 710 smid,
1441 658 1508 701 die
1527 658 1664 715 zestig
1679 660 1810 716 jaren

166 743 353 788 vroeger
373 730 418 773 in
441 729 524 773 den
547 729 710 772 kerker
727 728 803 772 der
824 728 1050 786 Inquisitie
1072 727 1196 771 werd
1220 741 1457 784 geworpen
1483 741 1537 770 en
1560 741 1639 770 een
1663 731 1810 784 getee-

162 799 280 844 kend
302 800 430 844 kleed
453 803 591 843 moest
616 799 782 856 dragen
803 812 814 851 ;
842 813 897 842 en
918 812 1005 842 van
1029 798 1196 854 Redige
1218 798 1270 840 de
1293 797 1443 849 Sense,
1465 796 1534 840 die
1556 797 1600 839 in
1628 797 1740 840 1426
1766 800 1810 840 te

163 869 306 927 Parijs
324 869 437 927 zijne
450 869 656 925 dolingen
675 872 813 912 moest
830 869 1092 924 herroepen,
1108 868 1172 911 uit
1183 867 1268 910 alle
1286 866 1593 910 ambtenwerd
1610 867 1810 923 gesloten

164 952 219 982 en
242 952 349 982 eene
372 938 500 981 reeks
523 952 652 981 verre
674 937 970 982 bedevaarten
994 940 1134 980 moest
1151 935 1437 993 volbrengen.

209 1043 350 1078 Littera
367 1045 485 1077 missa
500 1054 524 1077 a
541 1042 680 1076 decano
699 1041 960 1076 Cameracensi
977 1046 1008 1075 et
1025 1039 1179 1085 officiali
1195 1040 1246 1074 ad
1270 1040 1442 1074 dominos
1466 1041 1628 1075 vicarios
1645 1040 1809 1074 Attreba-

162 1104 280 1134 tenses
297 1104 460 1143 tempore
469 1099 741 1143 persecutionis
767 1097 1009 1131 Valdentium
1023 1098 1064 1129 in
1080 1096 1281 1130 Atcrebato.

208 1154 441 1199 Superfluum
464 1153 583 1188 visum
611 1155 664 1187 est
688 1152 803 1193 nobis,
830 1152 969 1187 domini
993 1150 1218 1186 venerabiles
1241 1154 1349 1194 atque
1375 1150 1586 1192 doctissimi,
1613 1150 1752 1194 ahquid
1767 1150 1811 1185 de

162 1213 287 1246 nostra
302 1210 479 1246 tenuitate
495 1208 666 1244 seriosius
683 1211 851 1252 expetere
868 1207 906 1242 in
922 1208 1030 1242 rebus
1047 1207 1091 1241 de
1108 1206 1239 1250 quibus
1254 1205 1460 1250 scripsistis.
1481 1205 1619 1250 Cogitis
1633 1206 1730 1241 enim
1747 1217 1812 1240 nos

162 1266 302 1301 facibus
318 1265 448 1301 iuuare
463 1265 588 1306 solem,
608 1263 647 1298 in
672 1263 803 1298 siluam
820 1264 916 1297 ferre
939 1262 1042 1307 ligna
1058 1273 1242 1305 aquasque
1265 1262 1312 1296 ad
1335 1273 1436 1296 mare
1460 1264 1708 1305 comportare3
1727 1273 1810 1295 cum

161 1321 258 1358 inter
278 1333 342 1356 vos
366 1321 438 1356 sint
464 1320 535 1356 viri
561 1320 689 1355 famosi
714 1324 750 1355 et
773 1319 953 1364 sapientes
969 1318 1159 1362 utriusque
1182 1318 1285 1359 iuris,
1306 1317 1424 1352 diuini
1440 1317 1579 1352 scilicet
1602 1320 1637 1352 et
1658 1317 1810 1351 humani

162 1375 372 1421 peritissimi
386 1388 395 1419 3
414 1380 536 1411 tamen
552 1379 737 1419 utcunque
753 1374 881 1410 vestris
897 1374 1158 1410 satisfacientes
1174 1373 1361 1416 desiderijs
1377 1384 1450 1407 non
1467 1376 1506 1407 ut
1522 1373 1661 1416 aliquid
1676 1373 1809 1417 impor-

163 1431 279 1467 tantie
292 1431 468 1473 dieamus,
495 1432 556 1466 sed
578 1442 624 1466 ne
647 1430 830 1472 sileamus
848 1430 892 1465 de
908 1428 1180 1473 qualificatione
1204 1428 1490 1463 confessatorum
1516 1439 1579 1471 per
1603 1427 1809 1463 Denisetam

161 1484 334 1521 Greniere
351 1486 468 1520 visum
485 1489 538 1521 est
550 1486 654 1520 nobis
671 1485 811 1529 aliquid
827 1484 1089 1519 disserendum.

205 1538 259 1576 Ex
275 1552 443 1586 processu
460 1546 559 1586 patet
575 1542 671 1586 quod
687 1542 827 1586 prefata
844 1540 1014 1575 Deniseta
1037 1542 1091 1575 est
1105 1539 1283 1584 ydolatra,
1304 1539 1378 1573 Deo
1395 1537 1584 1580 iniuriosa,
1601 1538 1808 1582 preuarica-

159 1596 233 1632 trix
258 1597 351 1641 legis
377 1597 513 1639 diuine,
540 1600 715 1642 apostata,
746 1596 936 1640 sacrilega,
963 1596 1136 1636 venefica,
1164 1595 1208 1629 de
1230 1593 1349 1629 heresi
1374 1594 1606 1629 vehementer
1630 1597 1806 1638 suspecta,

160 1652 334 1696 paricida‚
351 1656 498 1697 pactum
514 1653 651 1688 habens
668 1664 751 1687 cum
768 1651 993 1687 demonibus.
1012 1651 1189 1685 Ydolatra
1205 1649 1351 1694 quidem
1367 1661 1410 1684 eo
1426 1649 1522 1692 quod
1539 1649 1678 1684 cultum
1701 1650 1808 1684 latrie

159 1707 226 1742 soli
243 1708 318 1742 Deo
334 1708 496 1743 debitum
513 1708 679 1743 exhibuit
695 1707 852 1742 demoni.
873 1706 980 1742 Hunc
996 1707 1094 1741 enim
1119 1706 1208 1750 petit
1224 1706 1357 1740 demon
1381 1717 1454 1740 non
1478 1708 1668 1740 contentus
1684 1706 1808 1740 adora-

158 1761 256 1798 tione
283 1763 472 1807 yperdulie
495 1766 559 1798 aut
581 1762 698 1806 dulie3
725 1774 809 1797 nam
826 1761 996 1806 superbia
1020 1772 1097 1802 sua,
1119 1771 1190 1804 qua
1213 1759 1421 1794 ascenditur
1447 1771 1599 1803 semper,
1625 1771 1808 1794 summum

158 1817 340 1853 desiderat
362 1818 549 1860 honorem,
568 1819 612 1853 de
629 1830 700 1861 quo
717 1818 788 1852 Ysa
807 1820 859 1852 14.
878 1816 989 1851 dicit:
1011 1831 1026 1844 ιι
1055 1815 1257 1851 Ascendam
1275 1826 1383 1858 super
1399 1814 1629 1849 altitudinem
1654 1815 1807 1850 nubium

159 1883 294 1917 ponens
310 1873 429 1908 sedem
446 1885 563 1909 meam
580 1874 619 1908 in
636 1873 810 1908 lateribus
827 1872 1009 1916 aquilonis
1026 1875 1062 1907 ct
1079 1883 1141 1906 ero
1157 1870 1287 1905 similis
1303 1869 1502 1906 Altissimo.
1522 1887 1538 1901 n
1557 1871 1639 1915 Ipsa
1662 1874 1715 1906 est
1732 1872 1807 1906 Deo

159 1929 336 1964 iniuriosa
351 1933 387 1965 et
402 1930 454 1964 sic
470 1931 565 1965 facto
582 1929 802 1973 blasphema,
822 1928 909 1972 quia
925 1927 1082 1973 gloriam
1105 1926 1500 1969 incommunicabilem,
1520 1933 1601 1971 pote
1625 1939 1807 1962 summum

157 1985 333 2021 honorem
350 1985 636 2021 communicauit
658 1988 825 2020 creature
840 1984 979 2019 scilicet
1001 1983 1147 2018 demoni
1172 1985 1299 2017 contra
1322 1981 1414 2016 illud
1438 1982 1510 2016 Ysa
1527 1983 1567 2016 42
1583 1994 1590 2016 :
1607 1997 1623 2010 u
1645 1982 1807 2017 Gloriam

160 2052 278 2075 meam
294 2041 400 2076 alteri
417 2053 489 2076 non
505 2042 598 2076 dabo
615 2044 650 2075 et
665 2041 810 2074 laudem
826 2051 944 2074 meam
961 2038 1203 2083 sculptilibus.
1222 2054 1237 2067 ’ν
1257 2038 1320 2072 Est
1336 2037 1428 2081 legis
1451 2035 1576 2072 diuine
1600 2036 1806 2080 preuarica-

158 2096 232 2131 trix
249 2095 401 2131 dicentis
420 2108 427 2130 :
448 2110 463 2123 ιι
484 2095 680 2130 Dominum
706 2096 821 2130 Deum
844 2097 949 2129 tuum
972 2093 1141 2128 adorabis
1157 2096 1194 2128 et
1216 2092 1271 2126 illi
1288 2091 1355 2126 soli
1371 2091 1505 2126 servies
1525 2108 1539 2119 ι’
1557 2091 1740 2133 (Deutero.
1761 2092 1805 2133 6),

160 2162 268 2195 quam
284 2151 408 2186 dicens
424 2150 462 2185 in
480 2150 678 2185 Sathanam
695 2152 881 2193 retorquet
897 2149 1082 2184 Mattheus
1099 2152 1130 2182 4.
1152 2148 1227 2182 Hec
1246 2146 1416 2182 Deniseta
1429 2149 1481 2180 est
1494 2148 1656 2190 apostata
1670 2146 1806 2190 triplici

159 2218 292 2252 genere
308 2207 497 2251 apostasie,
515 2206 655 2240 scilicet
671 2205 833 2249 perfidie,
853 2203 1100 2239 inobedientie
1123 2206 1159 2237 et
1182 2201 1384 2246 religionis.
1405 2200 1632 2245 Apostasiam
1656 2200 1807 2244 perfidie

159 2262 350 2304 commisit,
370 2262 456 2306 quia
472 2274 493 2296 a
509 2262 579 2296 fide
594 2260 742 2296 recessit
757 2271 837 2295 eam
851 2260 1066 2304 abnegando
1079 2262 1114 2293 et
1131 2257 1247 2292 eciam
1264 2269 1285 2291 a
1299 2258 1385 2298 Deo,
1404 2255 1490 2299 quia
1506 2255 1693 2289 vinculum
1708 2255 1804 2296 fidei,

159 2329 230 2361 quo
247 2317 279 2352 ei
297 2318 416 2352 fuerat
432 2318 546 2359 unita,
566 2318 763 2352 seeundum
782 2317 873 2351 illud
891 2316 981 2351 Ozee
999 2319 1030 2350 2.
1048 2328 1055 2350 :
1078 2330 1093 2342 u
1114 2314 1300 2359 Sponsabo
1316 2316 1352 2348 te
1376 2312 1466 2346 mihi
1491 2312 1529 2346 in
1553 2313 1633 2346 fide.
1657 2328 1671 2341 n
1691 2311 1806 2355 Rupit

158 2373 374 2417 apostasiam
399 2372 654 2414 inobedientie,
681 2372 767 2416 quia
792 2372 907 2407 Deum
932 2370 1148 2414 contempsit
1172 2372 1207 2404 et
1233 2369 1271 2403 in
1295 2368 1441 2412 signum
1473 2366 1582 2401 huius
1607 2366 1806 2411 posteriora

158 2431 284 2463 eontra
309 2429 427 2463 celum
452 2427 649 2462 denudavit
673 2427 712 2462 in
736 2426 993 2462 contumeliam
1023 2425 1088 2460 Dei
1106 2423 1346 2469 glorificantis
1364 2423 1410 2457 ad
1433 2422 1548 2457 instar
1564 2422 1724 2463 illorum,
1743 2421 1805 2465 qui

157 2483 263 2518 dorsa
287 2487 322 2519 et
343 2487 446 2528 terga
469 2483 651 2517 habebant
675 2484 802 2516 contra
828 2481 1014 2524 templum,
1041 2481 1085 2514 de
1110 2477 1396 2523 quibus.Ezecl1.
1424 2479 1455 2511 8.
1482 2477 1571 2511 Item
1589 2475 1804 2520 apostasiam

157 2539 346 2584 religionis
359 2539 568 2579 christiane,
580 2537 666 2581 quia
679 2547 782 2570 sacra
795 2535 945 2571 ecclesie
958 2539 992 2570 et
1006 2532 1285 2569 sacramentalia
1298 2532 1481 2567 abiuravit
1493 2532 1531 2566 in
1544 2531 1673 2575 specie,
1686 2542 1803 2566 sacra-

157 2598 320 2630 mentum
343 2594 536 2630 eucaristie
567 2604 650 2627 cum
675 2592 841 2636 promisit
864 2603 1051 2635 nunquam
1076 2590 1237 2634 aspicere
1269 2587 1339 2623 nisi
1366 2589 1458 2622 forte
1483 2598 1591 2621 causa
1613 2585 1805 2621 derisionis

157 2652 265 2692 atque
281 2649 522 2690 similatioms,
539 2660 583 2682 ne
599 2648 645 2682 ab
658 2648 739 2690 alijs
753 2649 973 2692 argueretur
989 2647 1032 2681 de
1050 2645 1265 2680 infidelitate
1279 2656 1287 2686 3
1305 2658 1320 2670 u
1341 2643 1385 2677 Et
1403 2643 1471 2677 hoc
1488 2643 1647 2677 similata
1664 2642 1805 2686 equitas

157 2707 210 2739 est
225 2704 358 2748 duplex
385 2704 570 2748 iniquitas,
599 2719 615 2732 „
641 2702 693 2737 ait
716 2702 846 2736 beasus
868 2700 1108 2746 Augustinus.
1135 2700 1216 2744 Ipsa
1243 2703 1298 2735 est
1323 2699 1513 2742 sacrilega,
1540 2697 1625 2741 quia
1649 2697 1804 2732 hostiam

157 2763 416 2801 consecratam,
429 2771 505 2794 rem
520 2757 813 2798 sacratissimam,
827 2769 910 2801 ymo
926 2756 1063 2791 hostias
1080 2757 1200 2800 plures
1213 2755 1339 2790 furtim
1356 2753 1506 2789 abstulit
1517 2753 1563 2788 ad
1579 2753 1669 2788 fines
1683 2753 1813 2796 damp—‘

157 2814 297 2849 nabiles
315 2815 531 2859 applicando
549 2824 679 2857 panem
698 2813 913 2857 angelorum
930 2815 965 2847 et
981 2811 1154 2847 viaticum
1172 2810 1334 2846 fidelium
1349 2808 1546 2844 immundis
1561 2821 1604 2843 ac
1617 2809 1805 2844 venenosis

156 2871 387 2906 animalibus.
406 2871 494 2907 Inde
517 2869 696 2905 censenda
712 2874 765 2904 est
787 2869 949 2904 venefica
969 2872 1005 2903 et
1027 2868 1071 2902 de
1094 2866 1212 2902 heresi
1236 2866 1469 2901 vehementer
1492 2867 1656 2909 suspecta
1672 2876 1715 2899 ac
1738 2875 1804 2908 per

157 2926 226 2961 1100
249 2927 293 2963 de
317 2927 385 2962 hoc
414 2928 638 2962 sacramento
663 2923 858 2968 diligenter
883 2922 1135 2964 examinenda,
1170 2921 1256 2966 quia
1284 2924 1358 2957 tam
1386 2919 1645 2957 contumeliose
1673 2930 1801 2963 panem
