2097 3466
328 225 387 260 Γῆ]
1013 218 1143 251 xNNO
1170 216 1269 250 1401

325 324 357 354 et
376 319 411 353 in
423 320 505 360 ιῑιιιο
521 317 733 358 suppum-rm
718 315 806 352 sent,
825 312 968 347 tandem
985 311 1069 345 visis
1094 322 1156 354 per
1171 310 1304 345 dictam
1321 308 1460 343 curiam
1483 310 1642 342 nostram
1657 304 1820 350 litigatis,
1838 314 1938 347 prae-

322 372 370 406 di
372 375 498 404 Ulmum
517 366 671 411 partium
689 366 725 399 iu
742 377 784 400 ea
796 365 844 398 vi‹
834 377 896 409 με
881 365 970 399 ima
984 364 1100 407 piima
1117 363 1175 397 dic
1191 362 1322 397 mensis
1340 361 1428 396 Maii
1445 364 1527 396 1461
1541 363 1577 395 et
1594 358 1676 393 aliis
1691 358 1775 410 inde
1791 368 1938 401 sequen-

324 427 430 462 tibus.
460 422 561 457 factis
584 393 855 464 demandisqueo
865 422 899 454 et
926 417 1204 453 deffensionibus
1233 417 1392 461 ipsorum
1429 415 1585 460 partium
1621 424 1685 457 per
1718 424 1778 447 eas
1813 411 1942 447 deinde

326 481 362 515 in
385 477 525 522 s·c1iptis
541 476 1059 518 traditis,confessionibusque
1080 476 1158 519 jam
1182 474 1362 509 dictorum
1388 473 1538 509 Joannis
1562 471 1767 511 Thiebault,
1792 469 1943 505 Joannis

327 534 482 571 Pochon.
518 530 615 566 Petri
643 535 677 566 ct
707 531 843 566 Mathei
875 531 922 565 du
957 529 1094 569 Hamel,
1125 528 1276 564 Roberti
1306 529 1350 562 de
1377 527 1574 571 Marquais,
1605 527 1726 572 Egidii
1753 526 1941 570 Flameng,

325 588 459 624 Mathei
485 587 611 625 Paille,
635 584 785 620 Joannis
807 584 1051 628 Boullengier,
1080 583 1264 618 Guillelmi
1287 583 1330 618 dc
1359 584 1473 626 Berry
1499 594 1542 617 ac
1565 581 1714 617 Joannis
1745 581 1876 616 Forme
1905 579 1945 614 in

324 644 419 678 dicta
434 641 535 677 curia
552 644 673 675 nostra
696 639 809 679 factis,
836 650 992 673 unacum
1016 637 1238 681 processibus
1254 637 1504 672 criminalibus
1519 639 1594 672 tam
1610 636 1648 671 in
1672 635 1775 671 curia
1789 634 1945 670 seculari

324 710 431 741 quam
447 695 687 731 ecclesiastica
710 698 835 730 contra
853 696 930 737 jam
947 694 1060 728 dictos
1077 694 1285 728 Collardum
1308 693 1352 728 de
1377 693 1576 731 Belloforti.
1597 693 1748 736 Taquet,
1774 692 1944 736 Aymery,

325 751 500 789 Gavrellc,
519 750 613 793 Bary
629 749 885 791 defunctosque
903 748 1051 782 Petrum
1068 748 1115 781 du
1135 747 1314 787 Carioeul‚
1333 748 1510 783 joannem
1534 748 1567 782 le
1591 747 1729 783 Febvre
1753 747 1890 783 dictum
1911 747 1948 782 ‘Ie

325 810 389 844 Cat
404 812 438 843 et
463 806 670 851 Dyonisiam
687 805 838 840 Grenier
860 816 902 839 ac
925 804 1034 839 etiam
1057 805 1234 839 Joannem
1259 805 1411 847 Tannoy
1435 804 1573 838 dictum
1596 803 1718 838 l’Abbe
1740 803 1785 838 de
1806 814 1878 848 peu
1903 803 1948 837 de

324 875 418 904 sens,
438 864 611 898 Colletam
627 862 824 901 Lestrevee‚
843 860 1019 894 Joannam
1038 860 1264 901 Dauvergne,
1284 859 1472 899 Bellotam,
1492 858 1689 893 Henricum
1705 859 1749 894 de
1772 859 1808 893 la
1831 858 1948 894 Boille

324 921 460 955 dictum
493 919 683 955 Cancourt,
717 916 893 950 Bcllotam
920 915 966 948 du
997 914 1176 957 Ques-noy,
1205 914 1382 949 Joannem
1411 914 1458 948 du
1496 914 1592 954 Bois,
1622 913 1817 958 Aegidium
1846 914 1950 950 Blen-

325 977 439 1014 court,
471 974 648 1008 Joannam
679 970 777 1005 Griet
804 969 893 1004 alias
923 970 1147 1013 Fcrcongon.
1178 970 1356 1004 Thomam
1383 970 1416 1004 10
1445 969 1679 1010 Braconnier,
1711 970 1946 1006 Catharinam

325 1031 361 1064 la
377 1028 598 1072 Gringaulde
621 1027 711 1062 alias
735 1027 904 1067 Kateron,
931 1026 1111 1070 quandam
1138 1026 1349 1070 Printemps
1376 1025 1458 1069 Gay
1485 1026 1575 1061 alias
1591 1026 1821 1061 Wistmande
1845 1038 1949 1062 voca-

325 1089 412 1126 tam,
429 1085 672 1128 Margaretam
689 1082 821 1117 dictam
842 1081 1056 1125 Beyhzcz'nne
1080 1082 1125 1115 de
1143 1082 1253 1119 Daue.
1273 1081 1450 1116 Joannam
1476 1082 1640 1125 Bayarde
1663 1081 1797 1117 dictam
1821 1081 1855 1116 Ze
1878 1082 1950 1116 Lu-

329 1145 420 1186 quct,
435 1140 584 1174 alteram
601 1141 844 1182 nuncupatam
861 1137 898 1171 Ζα
914 1136 1226 1177 Par-cheminiere,
1242 1137 1417 1171 Jacobum
1431 1137 1490 1171 cui
1507 1149 1636 1172 nomen
1650 1139 1728 1172 erat
1744 1137 1952 1181 Roquetum

328 1193 533 1238 Rollequin‚
558 1194 735 1228 Joannam
760 1192 939 1229 Damiens.
966 1203 1105 1226 necnon
1129 1191 1344 1235 magistrum
1369 1192 1567 1226 Antonium
1594 1192 1825 1236 Sasquespee,
1843 1191 1950 1227 Joan-

329 1262 410 1285 nem
433 1249 566 1289 Joshet,
587 1247 784 1282 Henricum
807 1247 850 1282 dc
874 1246 1051 1289 Royvillc,
1071 1247 1266 1291 burgenses
1289 1246 1407 1281 dictae
1431 1246 1540 1281 villae
1567 1245 1823 1287 Atrebatensis,
1849 1246 1952 1281 Jaco-

328 1307 413 1340 bum
442 1305 576 1347 Dacyes
603 1306 639 1337 et
663 1303 838 1337 Joannem
865 1303 898 1336 le
926 1302 1073 1341 Febvre,
1104 1313 1225 1336 omnes
1253 1302 1297 1335 de
1325 1300 1477 1336 crimine
1503 1301 1681 1345 sortilegii
1709 1303 1746 1336 et
1771 1300 1955 1336 valderiae

330 1363 525 1400 accusatos,
564 1359 668 1394 factis
695 1362 730 1393 et
756 1358 794 1392 in
820 1359 943 1393 eadem
971 1358 1074 1392 curia
1102 1360 1223 1392 nostra
1249 1369 1293 1392 ex
1323 1356 1436 1400 ipsius
1465 1355 1727 1401 gubernatione
1754 1355 1884 1391 oblatis
1920 1358 1956 1391 et

331 1415 480 1451 caeteris
495 1414 576 1449 aliis
599 1425 662 1458 per
685 1414 779 1457 ipsas
803 1415 921 1457 partes
937 1424 1042 1456 penes
1070 1412 1184 1455 ipsam
1200 1411 1340 1446 curiam
1358 1414 1515 1446 nostram
1532 1411 1675 1446 traditis
1699 1413 1733 1446 et
1757 1410 1953 1454 productis,

331 1473 560 1516 ipsarumque
576 1468 807 1504 contradictis
829 1471 864 1503 et
886 1467 1144 1502 salvationibus
1161 1478 1300 1501 necnon
1316 1466 1422 1501 certis
1445 1466 1578 1501 litteris
1603 1466 1641 1501 in
1664 1467 1781 1501 forma
1797 1465 1956 1501 accordii

333 1538 454 1561 coram
470 1524 636 1570 gentibus
652 1523 792 1558 consilii
810 1525 887 1567 jam
912 1522 999 1557 dicti
1026 1522 1126 1556 ducis
1144 1522 1380 1566 Burgundiae
1397 1521 1502 1556 factis
1519 1525 1554 1556 et
1573 1521 1722 1565 passatis
1737 1532 1803 1565 per
1818 1521 1956 1556 dictum

333 1583 532 1617 Robertum
547 1580 590 1614 de
606 1578 790 1622 Marquais
804 1578 946 1613 traditis
967 1589 1009 1611 ac
1031 1589 1096 1620 per
1112 1589 1194 1611 eum
1211 1588 1293 1611 cum
1309 1577 1479 1611 defuncto
1505 1577 1675 1620 Philippo
1701 1577 1745 1611 de
1770 1575 1957 1611 Beauffort

334 1634 373 1668 in
398 1632 473 1667 vita
497 1642 562 1666 sua
589 1630 716 1668 milite.
741 1631 819 1673 jam
849 1629 937 1664 dicti
966 1628 1124 1664 Collardi
1160 1629 1203 1663 de
1237 1628 1421 1663 Beauffort
1454 1628 1543 1669 filio,
1571 1627 1749 1672 dictisque
1782 1628 1955 1671 Tanquen

337 1687 502 1724 Carioeul
518 1689 553 1722 et
568 1686 663 1728 Bary
679 1685 813 1719 factum
840 1683 948 1718 fuisse
964 1686 1161 1727 praetenso.
1179 1683 1380 1725 litterisque
1403 1682 1637 1718 relevamenti
1661 1682 1774 1726 ipsius
1813 1681 1959 1718 accordi

336 1754 400 1787 per
413 1741 565 1776 eundem
582 1739 791 1783 Philippum
807 1739 850 1773 de
867 1739 1051 1773 Beauffort
1065 1738 1222 1773 secunda
1237 1737 1295 1772 die
1318 1737 1449 1772 mensis
1465 1738 1485 1771 J
1489 1737 1566 1772 unii
1590 1749 1684 1772 anno
1709 1736 1855 1772 Domini
1873 1739 1958 1772 1478

337 1811 358 1833 a
380 1800 456 1841 Jam
479 1796 575 1831 dicto
598 1795 808 1830 charissimo
831 1793 1061 1838 progenitore
1085 1796 1206 1828 nostro
1230 1793 1395 1833 obtentis,
1414 1792 1558 1837 litigato
1583 1804 1692 1837 super
1712 1793 1783 1828 hoc
1806 1792 1957 1838 agitato,

337 1850 642 1898 productionibus,
662 1849 894 1885 contradictis
917 1851 952 1884 et
974 1848 1243 1889 salvationibus,
1271 1859 1410 1883 necnon
1442 1847 1550 1883 certis
1565 1848 1740 1892 requestis
1755 1859 1820 1892 per
1842 1847 1960 1891 ipsum

337 1909 381 1943 de
396 1905 581 1949 Marquais
603 1904 755 1945 traditis,
780 1915 845 1948 per
867 1915 958 1947 quae
975 1915 1077 1937 suam
1094 1902 1352 1938 confessionem
1369 1902 1566 1938 undecima
1582 1902 1641 1938 die
1657 1903 1789 1938 mensis
1814 1903 1960 1938 Decem-

338 1963 412 1998 bris
437 1964 519 1996 1467
541 1962 672 1995 factam
696 1959 763 1994 sibi
788 1958 1048 1994 communicari
1072 1957 1291 2002 requirebat,
1322 1957 1492 1993 similiter
1515 1961 1614 1993 certo
1637 1958 1790 1994 accordo
1818 1957 1858 1993 in
1884 1957 1963 2002 ipsa

339 2017 440 2053 curia
463 2019 585 2052 nostra
606 2014 780 2059 vigesima
806 2014 923 2058 prima
961 2013 1019 2048 die
1059 2012 1190 2047 mensis
1217 2012 1307 2047 Julii
1330 2012 1459 2048 ultimo
1490 2013 1690 2056 praeteriti,
1719 2013 1759 2047 in
1785 2012 1962 2048 Joannem

340 2072 524 2107 dominum
551 2071 595 2105 de
622 2070 817 2109 Beauffort‚
844 2071 1007 2112 nepotem
1035 2067 1121 2103 dicti
1155 2068 1313 2102 Collardi
1344 2070 1451 2110 atque
1482 2067 1593 2103 etiam
1617 2067 1731 2112 ipsius
1756 2067 1961 2109 haeredem,

341 2128 477 2163 dictum
494 2127 641 2161 Petrum
657 2125 704 2159 du
722 2124 900 2163 Carioeul‚
920 2124 1126 2167 Tapardum
1158 2122 1379 2166 Bosquillon‚
1398 2122 1571 2158 maritum
1595 2125 1630 2158 et
1647 2121 1838 2158 baillivum
1854 2122 1962 2158 Joan-

345 2195 410 2218 nae
434 2183 466 2217 10
490 2182 638 2220 Febvre,
658 2181 736 2223 jam
758 2178 842 2213 dicti
868 2177 1027 2213 defuncti
1050 2179 1083 2212 le
1101 2178 1167 2213 Cat
1183 2177 1290 2218 filiae,
1309 2177 1330 2212 J
1333 2189 1486 2212 oannem
1502 2178 1546 2212 de
1563 2177 1722 2218 Saillier,
1739 2177 1912 2213 maritum
1928 2178 1964 2212 et

346 2237 532 2272 baillivum
558 2237 730 2271 Isabellae
752 2236 786 2270 le
809 2235 975 2274 Vasseur,
1001 2245 1065 2277 per
1091 2236 1197 2268 antea
1220 2233 1307 2268 dicti
1334 2233 1378 2268 de
1402 2233 1601 2268 Blencourt
1627 2231 1763 2273 uxoris,
1788 2232 1965 2267 Joannem

346 2292 532 2335 Witegny,
550 2290 657 2325 etiam
681 2289 852 2324 maritum
878 2291 913 2323 et
936 2288 1123 2323 baillivum
1147 2287 1300 2335 Per-inae
1323 2288 1367 2322 de
1395 2288 1502 2331 Bary,
1525 2289 1603 2332 jam
1619 2286 1826 2330 dictumque
1843 2285 1966 2330 Hugo-

348 2358 429 2381 nem
445 2347 612 2389 Aymery.
630 2348 814 2388 tamquam
837 2345 1058 2387 praesentem
1075 2353 1279 2386 processum
1302 2342 1380 2376 loco
1404 2341 1584 2377 dictorum
1600 2342 1853 2376 defunctorum
1868 2352 1966 2376 resu-

348 2404 504 2442 mentes3
523 2412 566 2434 ac
581 2399 716 2434 dictum
740 2401 1008 2442 procuratorem
1025 2401 1186 2432 nostrum
1211 2397 1416 2441 generalem
1433 2409 1515 2432 cum
1532 2397 1583 2432 eis
1606 2396 1820 2440 adjunctum
1836 2407 1880 2431 ex
1895 2407 1969 2431 una

349 2458 461 2499 parte,
477 2458 512 2490 et
522 2454 693 2490 dilectum
709 2456 744 2489 et
759 2454 899 2488 fidelem
918 2452 956 2487 in
971 2452 1049 2496 ipsa
1061 2452 1163 2487 curia
1180 2455 1301 2487 nostra
1314 2451 1562 2487 consiliarium
1576 2453 1738 2486 nostrum
1753 2451 1969 2496 magistrum

352 2510 561 2553 Philippum
583 2510 627 2544 de
650 2510 756 2552 Bery,
781 2509 956 2543 Joannem
980 2508 1023 2542 de
1046 2507 1239 2551 Tor-rigny,
1267 2506 1490 2547 sou‘ciferum,
1517 2509 1552 2541 et
1577 2517 1679 2540 suam
1702 2516 1864 2547 uxorem,
1890 2506 1970 2540 loco

352 2564 439 2599 dicti
462 2563 621 2598 defuncti
648 2564 691 2598 de
715 2564 840 2606 Berry,
866 2574 909 2596 ex
932 2564 1033 2606 parte
1056 2562 1169 2597 altera
1193 2562 1309 2604 fact03
1342 2560 1675 2604 supplicationeque
1700 2560 1775 2595 sive
1804 2562 1970 2604 requesta

353 2619 467 2654 eidem
491 2618 614 2653 curiae
639 2620 781 2652 nostrae
803 2628 867 2661 per
889 2617 1060 2652 dilectum
1085 2619 1120 2651 et
1146 2617 1288 2650 fidelem
1304 2614 1552 2650 consiliarium
1575 2617 1738 2650 nostrum
1762 2613 1970 2659 episcopum

357 2674 624 2709 Atrebatensem
648 2673 780 2708 tradita
796 2683 838 2706 ac
853 2672 962 2707 etiam
986 2671 1275 2706 conclusionibus
1298 2670 1336 2705 in
1351 2671 1420 2704 hac
1435 2669 1588 2705 materia
1603 2681 1668 2714 per
1683 2669 1820 2704 dictum
1843 2681 1970 2714 procu·

358 2732 512 2762 ratorem
540 2731 700 2763 nostrum
727 2728 931 2771 generalem
959 2726 1071 2770 captis
1097 2729 1132 2761 et
1158 2726 1254 2761 dicto
1277 2726 1320 2760 de
1347 2725 1532 2768 Marquais
1555 2736 1619 2769 per
1651 2725 1802 2760 eandam
1833 2724 1971 2760 curiam

360 2786 516 2816 nostram
530 2794 636 2826 super
657 2782 838 2826 aliquibus
866 2782 1007 2826 punctis
1030 2781 1142 2825 ipsius
1166 2793 1349 2825 processus
1370 2780 1493 2816 audito
1516 2783 1552 2816 et
1571 2781 1806 2824 interrogato,
1823 2790 1867 2814 ac
1889 2791 1972 2815 con-

361 2836 525 2872 sideratis
540 2837 578 2871 in
594 2837 661 2872 hac
676 2840 777 2881 parte
793 2836 1071 2872 considerandis,

406 2892 572 2927 praefata
589 2892 689 2926 curia
706 2895 825 2927 nostra
850 2903 913 2935 per
928 2903 1033 2926 suum
1049 2894 1226 2926 arrestum
1251 2892 1382 2934 absque
1400 2892 1478 2935 jam
1494 2889 1599 2925 dictis
1621 2888 1751 2924 litteris
1765 2888 1921 2930 aee-ordi,
1938 2891 1974 2924 et
