2097 3466
799 234 932 270 ANNO
958 232 1069 275 1357.
1089 237 1197 270 1365
1760 238 1823 271 205

195 326 367 363 exarsisse
387 326 542 368 dicatur,
560 337 624 362 nos
647 327 830 372 cupientes
855 328 950 372 quod
974 327 1081 373 pestis
1109 328 1187 373 ipsa
1209 327 1254 363 de
1276 327 1391 363 caulis
1414 327 1577 364 fidelium
1601 328 1823 373 propellatur

194 385 230 418 et
255 383 350 426 quod
377 382 535 417 officium
567 382 813 426 Inquisitionis
842 383 973 418 dilecto
1005 384 1080 419 filio
1107 382 1238 418 Joanni
1271 383 1368 418 dicto
1401 383 1653 425 Schandclant,
1685 383 1823 418 ordinis

195 436 348 471 tratrum
375 435 662 480 praedicatorum
690 448 885 481 sacraeque
917 437 1119 482 theologiae
1147 436 1352 481 professori,
1382 436 1587 481 inquisitori
1619 437 1821 474 haereticae

194 487 391 534 pravitatis,
418 489 632 526 auctoritato
659 490 854 533 apostolica
882 491 1110 525 commissum
1139 490 1269 525 nostris
1299 490 1519 534 temporibus
1548 492 1593 526 ad
1620 492 1820 536 profectum

193 545 276 581 fidei
299 548 335 581 et
357 545 560 580 animarum
584 545 734 580 salutem
759 548 905 580 auctore
931 546 1083 581 Domino
1112 549 1353 590 prosperetur,
1373 543 1643 582 universitatem
1666 550 1820 581 vestram

192 610 361 645 rogamus
387 603 423 636 et
449 599 637 635 hortamur
667 604 813 642 attente,
844 612 908 645 per
937 601 1133 646 apostolica
1161 600 1261 636 vobis
1289 601 1424 645 scripta
1450 601 1489 636 in
1515 601 1651 637 virtute
1677 606 1821 637 sanctae

189 655 414 691 obedientiae
436 656 588 691 firmiter
610 657 861 701 praecipiendo
886 658 1106 698 mandantes,
1126 660 1301 701 quatenus
1327 657 1372 691 ob
1395 658 1637 693 reverentiam
1659 658 1819 693 divinam

190 711 227 745 et
242 713 411 752 nostram,
429 710 523 746 sicut
540 711 603 746 Dei
620 714 655 746 et
671 711 886 755 apostolicae
902 712 995 747 sedis
1012 711 1120 746 vultis
1147 712 1306 756 effugere
1324 710 1510 754 ultionem,
1530 711 1597 756 ipsi
1614 712 1820 756 inquisitori

190 763 438 801 favorabiliter
453 765 654 801 assistentes
670 769 705 801 et
728 766 766 801 in
790 766 1038 810 prosecutione
1054 765 1141 802 dicti
1166 765 1303 811 negotii
1321 766 1403 801 fidei
1422 767 1624 808 consilium,
1643 767 1820 802 auxilium

190 818 226 854 et
248 820 406 855 favorem
431 820 515 856 totis
542 819 692 861 viribus
718 823 793 856 tota
816 823 934 856 mente
961 821 1132 864 omnique
1159 820 1347 856 occasione
1370 821 1565 864 postposita
1591 821 1816 866 impendatis,

189 877 408 918 pmestantoe
437 874 553 910 eidem
580 879 716 910 vestros
747 887 919 916 carceres,
953 875 1082 920 quibus
1110 875 1148 910 in
1178 875 1312 910 eisdem
1341 875 1502 919 partibus
1535 887 1657 911 carere
1685 876 1819 912 dicitur

189 928 346 964 officium
370 929 616 973 Inquisitionis
632 929 849 973 hujusmodi,
868 931 980 966 donec
1002 931 1119 965 officio
1144 931 1328 974 praedicto
1353 931 1396 966 de
1419 931 1526 966 certis
1550 932 1755 967 carceribus
1771 933 1819 968 sit

189 984 383 1027 provisum,
402 996 523 1028 preces
539 989 572 1020 et
595 985 764 1020 mandata
782 990 902 1020 nostra
926 985 1047 1020 taliter
1072 985 1268 1029 impleturi,
1288 989 1328 1020 ut
1352 997 1496 1020 causam
1521 986 1603 1021 fidei
1621 986 1815 1022 videamini

180 1050 232 1074 ex
255 1039 376 1074 animo
391 1051 571 1075 assumere
587 1052 629 1074 ac
654 1041 773 1076 fovere
789 1045 825 1076 et
841 1042 936 1085 apud
955 1042 1068 1076 Deum
1085 1045 1119 1076 ct
1143 1042 1260 1076 sedem
1278 1042 1510 1086 apostolicam
1529 1042 1670 1086 possitis
1685 1043 1815 1079 exinde

187 1094 316 1130 merito
333 1095 588 1130 commendari.

231 1150 363 1186 Datum
379 1152 475 1196 apud
492 1152 756 1187 villamnovam
774 1151 1027 1188 Avinionensis
1050 1151 1234 1195 dioecesis,
1254 1152 1302 1188 id.
1327 1152 1347 1188 J
1351 1153 1428 1195 ulii,
1447 1153 1676 1198 pontificatus
1700 1153 1812 1189 nostri

187 1216 283 1241 anno
300 1206 428 1250 primo.

535 1261 669 1307 Ripoll‚
698 1262 776 1297 deel
799 1263 845 1304 II,
871 1263 937 1298 blz.
965 1265 1027 1298 243
1044 1273 1088 1298 en
1105 1265 1180 1303 244,
1206 1270 1244 1297 nr
1268 1266 1299 1298 2.
1318 1283 1361 1289 —
1390 1263 1566 1299 Odoricus
1591 1263 1812 1309 Raynaldus,

575 1317 740 1352 Annales
766 1317 1017 1359 ecclesiastici,
1051 1318 1130 1353 deel
1154 1317 1258 1359 XVI,
1292 1317 1359 1353 blz.
1386 1321 1460 1353 349.
1503 1319 1563 1354 Dit
1593 1319 1676 1354 stuk
1700 1321 1816 1356 wordt

576 1372 718 1408 ontleed
741 1372 788 1416 bij
815 1372 1004 1414 Mos-heim,
1023 1373 1090 1407 blz.
1116 1375 1191 1408 324.
1209 1393 1253 1398 —
1270 1373 1365 1409 Over
1395 1374 1465 1408 den
1497 1374 1715 1418 inquisiteur
1744 1375 1814 1410 Jan

578 1427 807 1468 schadelant,
821 1427 1076 1477 Schandelant,
1090 1427 1269 1463 Scadland
1283 1429 1323 1463 of
1331 1429 1375 1464 de
1388 1428 1639 1464 Schandeland
1652 1431 1690 1472 (†
1705 1426 1812 1473 1373),

579 1482 630 1517 zie
646 1482 772 1523 Quetif
781 1494 824 1516 en
839 1482 992 1523 Echard,
1008 1483 1086 1518 deel
1100 1483 1127 1524 1,
1141 1483 1206 1518 blz.
1223 1485 1286 1518 672
1300 1495 1344 1518 en
1359 1483 1494 1527 Ripoll,
1507 1484 1585 1519 decl
1598 1484 1642 1526 ΙΙ,
1655 1484 1721 1520 blz.
1736 1487 1812 1519 255.

574 1557 617 1562 -
642 1537 738 1571 Paus
762 1538 925 1572 Clemens
942 1537 991 1573 VI
1015 1538 1087 1573 had
1111 1538 1194 1573 dien
1217 1538 1445 1582 predikheer,
1472 1540 1519 1581 bij
1545 1539 1636 1581 zijne
1660 1538 1721 1574 bul
1745 1550 1815 1574 van

574 1594 614 1626 21
631 1592 704 1627 Mei
723 1594 817 1633 1348,
838 1593 890 1627 als
907 1592 1124 1637 inquisiteur
1140 1593 1178 1628 in
1194 1592 1237 1628 de
1255 1593 1426 1629 Duitsche
1441 1594 1573 1630 landen
1589 1594 1810 1639 aangesteld.

574 1646 635 1682 Zie
651 1646 779 1682 verder
793 1646 833 1681 in
848 1647 910 1683 het
925 1646 1178 1693 Aanhanysel,
1197 1655 1235 1682 n‘
1254 1647 1379 1683 188b18.

933 1783 1037 1828 207
1044 1813 1057 1829 .

183 1944 185 1946 .
244 1909 383 1963 1357,
427 1909 660 1955 Februarz‘
697 1911 775 1962 25,
819 1909 1010 1954 Keulen.
1052 1910 1396 1970 Veroordeeling
1440 1912 1517 1957 der
1560 1913 1808 1959 kettersohe

180 1970 435 2036 Beggarden
460 1993 513 2022 en
536 1981 710 2023 Zusters
734 1979 839 2023 door
862 1980 1041 2024 Willem
1058 1994 1142 2023 van
1159 1980 1356 2038 Gennep,
1378 1981 1699 2041 aartsbisschop
1724 1998 1808 2028 van

179 2048 366 2101 Keulen‚
407 2048 575 2105 gericht
612 2052 676 2093 tot
719 2049 770 2092 de
809 2049 1140 2106 geestelijkheid
1173 2063 1258 2092 van
1281 2050 1368 2107 zijn
1407 2051 1710 2096 aartsbisdom.
1756 2081 1812 2088 —

179 2117 521 2174 Bekrachtiging
553 2117 629 2160 der
665 2131 876 2174 vroegere
913 2118 1298 2174 veroordeelingen
1338 2119 1477 2176 zijner
1513 2135 1809 2178 voorgangers

180 2186 376 2229 Hendrik
407 2187 426 2229 I
467 2200 519 2230 en
553 2187 767 2236 Walram,
796 2187 878 2237 die,
906 2187 1086 2242 volgens
1126 2186 1188 2230 dit
1225 2187 1339 2238 stuk,
1368 2189 1461 2232 veel
1496 2189 1808 2248 schrikkelijke

179 2254 540 2312 kettergedingen
592 2254 925 2310 (formidabiles
968 2259 1233 2312 processus)
1275 2258 1465 2312 gevoerd
1508 2257 1696 2302 hebben.
1749 2261 1808 2302 De

178 2323 580 2381 parochiepastoors
613 2325 788 2368 worden
821 2327 886 2369 tot
922 2325 1110 2382 ieverige
1150 2326 1406 2384 vervolging
1443 2327 1520 2370 der
1557 2328 1803 2372 voormelde

178 2392 346 2437 ketters
368 2394 682 2450 aangespoord.

221 2496 369 2538 (Datum
384 2496 450 2531 sub
465 2495 592 2540 siyillo
609 2500 731 2530 nostro
747 2507 846 2531 anno
865 2495 1014 2531 Domini
1030 2494 1190 2531 MCCCL
1202 2495 1278 2540 VII,
1297 2509 1372 2532 xxv
1389 2497 1450 2532 die
1466 2499 1695 2541 Februarii.)

524 2574 712 2616 Moshcim,
732 2575 797 2610 blz.
816 2576 878 2610 330
895 2586 940 2609 en
955 2576 1030 2610 331.
1048 2593 1092 2600 —
1106 2575 1167 2611 Zie
1182 2575 1318 2621 hooger
1333 2588 1419 2612 onze
1437 2583 1488 2612 nm
1506 2580 1566 2613 161
1584 2588 1631 2613 en
1649 2579 1725 2612 188.

927 2712 1055 2759 208.

240 2838 377 2889 1365,
405 2838 662 2897 September
683 2841 727 2892 3,
756 2842 982 2899 sz'ynon.
1011 2843 1091 2886 Bul
1122 2855 1206 2885 van
1230 2841 1430 2886 Urbanus
1463 2841 1503 2886 V
1535 2842 1703 2899 gericht
1736 2844 1804 2886 tot

176 2907 229 2953 de
249 2908 669 2967 aartsbisschoppen‚
696 2910 982 2968 bisschoppen
1015 2926 1068 2957 en
1094 2911 1374 2967 inquisiteurs
1399 2925 1482 2956 van
1505 2912 1581 2956 het
1613 2909 1801 2955 konink·
