2097 3466
307 278 368 308 443
980 268 1111 303 ANNO
1140 269 1239 302 1479

302 354 452 393 sci-iven,
471 364 533 387 ons
559 353 644 386 daei·
661 365 706 387 na
729 360 763 387 te
789 362 918 395 mogen
942 350 1158 394 regulieren,
1184 350 1271 384 daer
1301 348 1385 383 inne
1401 348 1490 383 ende
1505 347 1645 389 anders,
1665 347 1726 382 des
1755 359 1813 392 wy
1843 359 1921 383 ver-

302 408 456 451 moigen,
474 419 538 441 ons
559 407 653 448 altijt.
677 408 798 450 bereyt
811 406 900 440 ende
917 404 1137 449 goetwillich
1153 404 1267 438 zullen
1295 403 1436 446 vynden
1458 414 1537 437 uwe
1553 403 1737 438 forstelike
1762 403 1920 446 Gnaden‚

302 464 359 498 die.
377 475 459 497 onse
477 462 570 496 Heer
587 461 662 496 God
679 462 864 496 bewaeren
882 459 941 493 wil
962 457 1167 498 lanclivich,
1188 457 1299 492 zelicli
1319 457 1407 492 ende
1424 460 1560 501 gesont.

347 517 568 552 Geschreven
581 527 626 560 op
640 516 709 550 den
726 514 851 550 XXIII
867 519 944 549 sten
960 513 1052 548 dach
1064 512 1103 546 in
1117 512 1314 547 Februario
1329 524 1424 547 anno
1444 512 1648 548 LXXVIII.

650 604 695 639 K.
714 605 887 644 Burman,
914 599 1140 636 Ucrechtsche
1154 601 1387 635 Jaarboeken
1406 611 1480 635 van
1500 601 1545 635 de
1565 601 1621 635 152
1635 610 1745 642 eeuzo,
1761 599 1841 635 deel
1853 599 1921 643 ΠΙ,

693 659 759 693 blz.
791 660 866 692 234.
897 675 940 682 -
971 655 1032 691 Zie
1059 655 1160 697 Moll,
1188 654 1553 700 Kerkqeschiedenis,
1580 654 1659 690 deel
1688 653 1735 696 Π,
1760 656 1797 690 3⁰
1826 654 1924 698 stuk,

694 713 761 747 blz.
780 715 854 747 116.

1062 845 1180 889 368.

368 975 505 1026 1479,
531 974 667 1029 April
691 973 736 1024 6,
757 972 936 1015 Zwolle.
963 971 1088 1013 Brief
1103 985 1188 1014 van
1214 971 1389 1015 Wessel
1410 970 1618 1014 Gansfort
1652 983 1734 1014 aan
1772 967 1931 1013 Ludolf

307 1044 358 1086 de
382 1044 520 1093 Ven0,
548 1042 688 1085 deken
705 1041 781 1084 der
803 1043 954 1096 groote
976 1040 1089 1082 kerk
1110 1043 1154 1083 te
1180 1041 1378 1092 Utrecht,
1407 1053 1511 1083 over
1532 1039 1584 1082 de
1599 1038 1928 1095 veroordeeling

306 1116 372 1156 tot
394 1112 477 1154 den
498 1110 778 1166 brandstapel
800 1110 864 1152 als
888 1109 1034 1152 ketter
1055 1123 1139 1152 van
1164 1110 1308 1167 zijnen
1330 1109 1482 1152 vriend
1505 1110 1589 1152 ,lan
1612 1121 1698 1152 van
1715 1108 1866 1152 Wesel
1883 1110 1928 1150 te

310 1181 449 1223 Mainz
474 1193 526 1222 en
549 1193 652 1222 over
673 1179 724 1222 de
745 1177 1056 1233 vervolgingen
1080 1178 1156 1220 der
1178 1178 1415 1233 Inquisitie‚
1443 1177 1688 1221 waarmede
1723 1176 1783 1233 hij
1809 1176 1929 1219 zelve

308 1248 513 1304 bedreigd
534 1247 691 1291 wordt.
717 1272 773 1278 —
805 1246 1013 1289 Gansfort
1046 1245 1251 1302 beklaagt
1282 1246 1357 1290 het
1379 1247 1441 1290 lot
1465 1260 1550 1289 van
1573 1246 1656 1289 den
1689 1243 1930 1300 begaafden

307 1318 549 1361 Duitscher.
596 1315 817 1358 Vrienden
860 1313 1030 1357 hebben
1073 1315 1323 1358 hemzelven
1361 1315 1481 1358 laten
1541 1318 1705 1366 weten,
1765 1312 1838 1356 dat
1879 1311 1931 1355 de

307 1387 563 1441 inquisiteur
599 1383 748 1442 (Jacob
785 1383 1032 1441 Sprenger),
1080 1384 1283 1427 zoohaast
1318 1384 1377 1441 hij
1419 1388 1507 1428 met
1543 1386 1627 1428 Jan
1663 1395 1749 1427 van
1781 1381 1933 1425 Wesel

306 1455 474 1510 gedaan
497 1453 629 1505 heeft,
660 1456 787 1508 tegen
809 1452 1060 1495 hemzelven
1080 1467 1158 1495 een
1177 1450 1486 1509 ketter'geding
1509 1453 1573 1496 zal
1597 1453 1754 1497 komen
1777 1451 1931 1495 instel-

308 1525 395 1568 len.
440 1523 647 1568 Gansfort
689 1524 836 1564 vreest
877 1520 990 1563 niets
1034 1521 1289 1578 aangaande
1335 1522 1387 1564 de
1428 1521 1676 1565 zuiverheid
1716 1534 1803 1563 van
1845 1519 1933 1577 zijn

310 1594 465 1651 geloof,
512 1606 633 1648 maar
675 1591 760 1633 ziet
794 1589 890 1632 veel
927 1603 1087 1645 zorgen
1126 1604 1177 1633 en
1220 1589 1449 1647 geldoffers
1492 1589 1537 1632 in
1579 1590 1654 1634 het
1693 1592 1930 1636 verschiet.

308 1664 490 1705 Daarom
512 1661 660 1715 dringt
677 1659 734 1715 hij
755 1673 803 1702 er
818 1658 873 1716 bij
893 1658 945 1716 zij
953 1672 1036 1701 nen
1055 1660 1377 1703 Utrechtschen
1398 1659 1552 1702 vriend
1577 1673 1630 1716 op
1649 1674 1748 1714 aan,
1774 1662 1849 1706 dat
1870 1662 1931 1719 hij

310 1745 394 1775 van
417 1731 515 1773 hem
548 1729 723 1786 spoedig
755 1742 833 1770 een
866 1729 1095 1772 antwoord
1117 1730 1262 1772 mocht
1293 1732 1558 1786 ontvangen,
1580 1734 1701 1775 want
1734 1731 1794 1789 hij
1832 1731 1936 1775 stelt

311 1802 455 1859 ziJ'nen
477 1800 582 1843 raad
600 1813 652 1855 op
669 1800 840 1854 hoogen
857 1798 980 1855 prijs.

356 1924 523 1971 Epistola
546 1924 597 1958 M.
627 1923 779 1957 Wesseli
805 1922 855 1957 ad
877 1922 1133 1957 honorabilem
1156 1921 1350 1956 dominum
1374 1925 1599 1967 maqistrum
1625 1923 1867 1968 Ludolphum
1891 1924 1937 1958 de

322 1982 430 2023 Vmo,
449 1981 605 2024 inclytae
627 1979 865 2024 Trajectensis
883 1978 1055 2012 ecclesiae
1070 1978 1253 2012 decanum
1274 1978 1544 2022 diynissimum
1567 1983 1600 2013 et
1624 1979 1819 2022 utriusque
1831 1978 1938 2022 juris

316 2038 508 2070 doctorem.

355 2112 436 2146 Non
446 2112 524 2154 Jam
540 2121 583 2145 ex
607 2110 702 2154 quod
728 2109 823 2144 inter
854 2120 918 2144 nos
944 2111 1060 2153 pacto,
1079 2109 1140 2143 sed
1164 2111 1290 2144 urente
1313 2109 1388 2143 fere
1413 2108 1580 2144 incendio
1603 2121 1677 2145 non
1691 2109 1859 2152 scribere,
1875 2111 1938 2147 sed

312 2167 542 2210 interpellare
564 2168 600 2201 et
622 2166 808 2200 consulere
838 2176 972 2209 urgeor
996 2177 1067 2199 non
1092 2166 1197 2200 modo
1226 2165 1527 2208 jurisconsultum
1557 2168 1593 2200 et
1623 2165 1735 2200 fidum
1764 2164 1935 2208 amicum,

313 2233 439 2256 verum
465 2221 586 2261 etiam,
604 2221 700 2263 quod
714 2220 753 2254 in
775 2219 934 2254 consiliis
956 2219 1191 2264 singulariter
1207 2231 1331 2263 sapere
1346 2219 1444 2261 facit,
1464 2219 1642 2254 similibus
1658 2219 1789 2263 quibus
1805 2220 1940 2265 agitari

313 2289 450 2319 vereor,
490 2277 600 2311 immo
637 2275 757 2310 verius
795 2275 928 2310 eisdem
966 2274 1112 2309 ineunte
1144 2276 1335 2319 juventute
1366 2274 1509 2309 casibus
1541 2277 1576 2309 et
1610 2274 1940 2310 conflictationibus

313 2333 502 2377 agitatum.
520 2330 663 2366 Audisti
678 2330 879 2374 periculum
894 2329 1110 2364 venerabilis
1125 2329 1224 2364 illius
1239 2329 1309 2363 viri
1332 2329 1498 2374 magistri
1522 2329 1541 2364 J
1545 2329 1671 2364 oannis
1688 2329 1733 2364 de
1751 2329 1916 2365 Wesalia
1930 2341 1939 2372 ς

315 2388 418 2432 cujus
432 2385 586 2427 tametsi,
611 2389 652 2420 ut
667 2385 793 2419 crebro
816 2395 859 2418 ex
880 2395 937 2418 me
961 2383 1105 2423 audisti,
1123 2384 1363 2419 exorbitantes
1387 2384 1472 2418 illae
1496 2386 1531 2418 et
1553 2384 1687 2428 populo
1711 2383 1942 2418 scandalosae

316 2441 552 2476 absurditates
575 2439 799 2483 displiceant,
824 2437 980 2472 eruditio
1009 2440 1129 2472 tamen
1155 2441 1190 2472 et
1220 2449 1366 2482 peracre
1390 2437 1580 2482 ingenium
1607 2437 1784 2482 ejusmodi
1811 2440 1875 2479 est,
1900 2439 1942 2472 ut

317 2498 435 2532 virum
459 2497 562 2531 illum
586 2506 760 2539 nequeam
783 2505 855 2528 non
879 2504 1001 2528 amare
1023 2496 1086 2528 aut
1112 2493 1253 2527 casibus
1279 2495 1356 2538 ejus
1383 2505 1455 2528 non
1482 2493 1684 2528 condolere.
1711 2493 1740 2528 Ο
1765 2494 1942 2535 quantum

315 2552 505 2597 profuisset
535 2550 589 2585 illi
624 2553 744 2585 nostro
780 2560 892 2591 more,
916 2551 957 2583 ut
980 2560 1084 2592 saepe
1119 2548 1214 2582 inter
1244 2559 1307 2583 nos
1340 2547 1490 2583 Parisiis
1529 2547 1705 2589 recensui,
1745 2549 1828 2582 ante
1864 2549 1943 2582 tum

319 2608 498 2649 Realium,
530 2610 607 2642 tum
645 2603 869 2640 Formalium
899 2603 1134 2638 exercitatum
1168 2602 1287 2638 studia
1309 2603 1524 2647 transegisse
1548 2606 1583 2638 et
1615 2602 1667 2638 ita
1696 2602 1842 2637 demum
1868 2612 1942 2636 non

317 2662 515 2702 incautum,
533 2672 605 2696 non
631 2659 832 2703 inopinum,
858 2658 918 2693 sed
942 2658 1041 2692 velut
1063 2669 1107 2692 ex
1130 2668 1213 2692 arce
1237 2660 1271 2692 et
1301 2657 1446 2701 specula
1468 2658 1608 2692 futuros
1639 2657 1794 2693 insultus
1823 2656 1941 2701 provi-

319 2717 423 2751 disse.
441 2716 590 2760 Accipio
614 2728 658 2750 ex
687 2713 869 2749 fidissimis
898 2713 988 2748 meis
1011 2713 1116 2747 illum
1146 2713 1351 2748 convictum
1374 2713 1420 2748 ad
1448 2713 1583 2757 ignem.
1603 2713 1707 2754 Quod
1732 2712 1875 2748 tametsi
1898 2713 1944 2747 ab
1991 2743 2014 2747 c,

318 2784 358 2807 re
381 2772 518 2806 dictum
541 2771 597 2812 sit,
617 2769 786 2814 quoniam
811 2768 872 2812 qui
895 2767 1136 2811 disputatione
1160 2767 1398 2809 convincitur,
1425 2779 1585 2803 errorem
1608 2767 1846 2812 recognoscit,
1871 2778 1942 2812 quo

319 2828 361 2863 fit
390 2832 430 2862 ut
463 2828 519 2862 vel
549 2826 714 2871 pertinax
744 2836 816 2859 non
846 2823 967 2865 fuerit,
1007 2826 1070 2858 aut
1094 2822 1124 2857 si
1151 2823 1271 2865 fuerit,
1305 2835 1380 2858 esse
1412 2823 1569 2858 desistat.
1603 2824 1648 2858 Et
1685 2823 1737 2859 ita
1767 2823 1944 2867 quomodo

321 2883 367 2917 ad
403 2882 525 2927 ignem
568 2881 752 2916 convictus
786 2879 832 2914 sit
866 2890 937 2914 non
967 2882 1042 2913 tam
1079 2877 1237 2913 demiror
1271 2889 1379 2922 quam
1416 2879 1707 2914 subsannandum
1746 2878 1958 2920 aestimem,‘

321 2936 391 2973 nisi
415 2937 507 2972 forte
532 2935 737 2972 convictum
760 2933 883 2969 dicant
911 2944 1016 2977 quem
1043 2932 1152 2969 etiam
1180 2944 1253 2968 non
1274 2933 1445 2969 fatentem
1479 2935 1514 2969 et
1539 2933 1699 2970 fortassis
1721 2931 1894 2978 proterve
1909 2935 1945 2968 et

2052 3379 2075 3463 δεῦε
2054 2960 2079 3360 τες-ναᾈ-ι-’.ἐς-Αεὲμαᾋ
2059 2842 2080 2948 aaz*
2062 2683 2081 2838 ese-,hh
2062 2586 2079 2620 „4
2078 2548 2079 2551 „
2061 2434 2081 2483 1⁴¹2
2077 2386 2079 2388 -
