2097 3466
810 236 943 273 ANNO
969 239 1069 273 1185
1712 244 1754 276 57

123 330 318 364 mittantur
329 333 344 364 ?
359 340 482 365 omnes
497 329 559 373 qui
578 328 751 374 prohibiti
764 330 810 365 ab
825 331 977 366 ecclesia
989 333 1110 376 preter
1125 331 1379 367 auctoritatem
1395 333 1439 367 ab
1457 333 1655 377 apostolica
1671 336 1752 372 sede

122 386 180 421 vel
201 387 246 421 ab
263 385 429 430 episcopo
454 385 523 420 loci
540 389 740 429 susceptam
765 386 908 430 publice
931 387 988 422 vel
1013 387 1183 431 privatim
1202 387 1388 431 predicare
1404 390 1697 434 presumpserint,
1716 394 1752 426 et

121 441 306 475 universos
330 439 392 484 qui
415 440 459 475 de
482 443 705 476 sacramento
722 441 882 485 corporis
907 444 941 476 et
963 441 1151 486 sanguinis
1176 442 1321 477 Domini
1346 443 1458 477 nostri
1480 444 1589 479 Jhesu
1616 445 1750 482 Christi

121 496 178 530 vel
201 496 245 530 de
269 495 479 539 baptismate
502 507 563 530 seu
588 499 815 539 peccatorum
844 497 1063 532 confessione
1090 500 1154 532 aut
1181 498 1226 532 de
1249 498 1480 533 matrimonio
1507 512 1568 535 seu
1599 502 1750 545 reliquis

119 549 369 584 ecclesiasticis
385 550 618 585 sacramentis
633 550 740 586 aliter
751 551 883 586 sentire
906 553 962 587 vel
979 553 1107 587 docere
1119 564 1190 587 non
1204 556 1370 588 metuunt
1397 566 1504 598 quam
1524 563 1751 593 sacrosancta

120 603 285 639 Romana
297 604 446 639 ecclesia
463 605 623 648 predicat
635 609 670 640 et
682 606 858 648 observat,
873 610 908 642 ct
921 608 1138 652 generaliter
1154 619 1398 652 quoscumque
1416 609 1580 644 Romana
1596 613 1749 648 ccclesia

120 659 176 694 vel
191 658 326 703 singuli
349 658 505 702 episcopi
530 670 593 702 per
618 659 775 695 dioceses
801 672 883 695 suas
910 673 992 696 cum
1009 662 1159 697 consilio
1182 662 1399 698 clericorum
1415 665 1471 698 vel
1495 665 1638 700 clericis
1661 667 1748 710 ipsis

119 714 201 748 sede
215 717 366 749 vacante
382 725 464 750 cum
480 714 642 756 consilio,
657 714 686 748 si
703 717 913 759 oportuerit,
930 717 1132 752 vicinorum
1149 717 1399 762 episcoporum
1415 719 1592 755 hereticos
1604 722 1746 765 judica-

118 768 246 810 verint,
281 771 358 814 pari
386 769 532 805 vinculo
564 772 725 815 perpetui
756 772 996 808 anathematis
1025 773 1250 808 innodamus.
1288 774 1544 818 Receptatores
1575 777 1685 812 etiam
1712 782 1750 814 et

117 825 320 860 defensores
335 836 460 860 eorum
477 828 695 870 cunctosque
711 827 847 870 pariter
863 828 925 871 qui
942 829 1028 872 ipsis
1044 828 1213 864 hereticis
1229 830 1274 863 ad
1291 830 1480 865 fovendam
1498 831 1536 865 in
1549 832 1600 866 eis
1613 833 1748 868 heresis

118 879 332 923 pravitatem
356 880 596 924 patrocinium
625 882 848 925 prostiterint
871 884 1018 928 aliquod
1043 884 1099 919 vel
1124 885 1301 926 savorem,
1328 887 1602 931 quibuscunque
1626 901 1746 933 super—

117 933 271 969 sticiosis
301 934 507 970 nominibus
535 936 672 972 fuerint
702 939 914 982 nuncupati,
945 939 1055 973 simili
1086 939 1314 974 decernimus
1345 942 1520 976 sententie
1548 944 1744 988 subjacere.

162 989 256 1031 Quia
286 1001 370 1025 vero
402 990 556 1034 peccatis
577 991 806 1036 exigentibus
822 994 1036 1038 quandoque
1059 994 1238 1039 contingit
1260 998 1300 1030 ut
1323 996 1562 1032 ecclesiastice
1577 999 1748 1033 severitas

116 1044 306 1089 discipline
321 1046 366 1080 ab
383 1045 439 1080 his
458 1046 520 1090 qui
537 1046 707 1082 virtutem
724 1049 802 1092 ejus
820 1060 892 1084 non
915 1049 1137 1094 intelligunt,
1164 1052 1431 1094 contempnant,
1451 1053 1606 1095 presenti
1632 1053 1745 1088 nichi-

116 1099 273 1137 lominus
296 1101 530 1137 ordinacione
553 1102 755 1137 sanccimus
779 1106 820 1139 ut
843 1103 1050 1148 quicunque
1065 1104 1252 1140 manifeste
1267 1105 1379 1141 fuerit
1402 1106 1563 1149 qualibet
1586 1108 1747 1144 heretica

117 1155 295 1200 pravitate
310 1156 562 1200 deprehensus,
582 1156 612 1191 si
628 1157 781 1193 clericus
797 1161 850 1194 est
872 1159 929 1194 vel
945 1159 1137 1204 cujuslibet
1152 1159 1341 1205 religionis
1358 1161 1632 1198 obumbratione
1647 1164 1744 1198 fuca-

117 1213 186 1253 tus,
214 1211 332 1254 tocius
358 1212 591 1248 ecclesiastici
619 1213 756 1248 ordinis
783 1215 1014 1259 prerogativa
1037 1216 1204 1257 nudetur,
1231 1218 1267 1251 et
1290 1217 1387 1251 omni
1411 1217 1548 1260 pariter
1570 1219 1687 1254 officio
1710 1222 1746 1255 et

118 1266 293 1302 beneficio
309 1266 550 1302 eeclesiastico
574 1268 747 1312 spoliatus
770 1269 942 1304 secularis
957 1269 1187 1314 relinquatur
1202 1270 1353 1306 arbitrio
1370 1272 1565 1315 potestatiS,
1583 1273 1744 1310 animad-

117 1321 282 1358 versione
309 1321 430 1358 debita
457 1322 670 1367 puniendus,
697 1324 766 1358 nisi
789 1325 961 1360 continuo
989 1328 1068 1369 post
1089 1325 1409 1369 deprehensionem
1432 1327 1566 1362 erroris
1592 1330 1638 1364 ad
1661 1329 1744 1364 fidei

119 1377 295 1413 catholice
325 1377 513 1412 veritatem
542 1381 667 1423 sponte
695 1391 883 1415 recurrere
910 1383 945 1415 et
971 1391 1130 1415 errorem
1158 1392 1263 1415 suum
1290 1381 1336 1415 ad
1363 1381 1555 1417 arbitrium
1586 1384 1743 1429 episcopi

117 1431 276 1476 regionis
289 1432 431 1476 publice
445 1433 664 1468 consenserit
679 1435 848 1478 abjurare
863 1437 899 1469 et
914 1434 1193 1469 satisfactionem
1207 1446 1406 1480 congruam
1420 1437 1601 1473 exhibere.
1615 1439 1745 1474 Laicus

117 1489 237 1522 autem
254 1498 359 1530 quem
375 1486 413 1522 in
425 1487 547 1531 aliqua
563 1488 806 1532 predictarum
824 1489 976 1533 pestium
994 1490 1136 1525 notoria
1151 1490 1208 1524 vel
1231 1491 1381 1533 probata
1397 1492 1504 1535 culpa
1519 1495 1741 1537 resperserit,

117 1541 187 1577 nisi
210 1544 317 1586 prout
340 1542 476 1577 dictum
503 1542 670 1587 abjurata
697 1542 815 1577 heresi
841 1544 877 1577 et
904 1542 1147 1578 satisfactione
1169 1543 1331 1579 exhibita
1358 1546 1545 1581 confestim
1568 1547 1614 1581 ad
1636 1547 1744 1582 fidem

117 1597 323 1642 confugerit
338 1597 558 1639 ortodoxam,
577 1597 749 1633 secularis
759 1598 896 1642 judicis
919 1599 1070 1634 arbitrio
1085 1599 1325 1644 relinquatur,
1351 1600 1508 1636 debitam
1533 1603 1744 1644 recepturus

116 1663 182 1699 pro
197 1652 369 1697 qualitate
388 1652 558 1687 facinoris
574 1653 760 1688 ultionem.

160 1707 231 1749 Qui
253 1719 338 1743 vero
364 1707 500 1743 inventi
522 1708 657 1743 fuerint
683 1708 758 1743 sola
785 1709 933 1744 ecclesie
954 1709 1157 1753 suspicione
1178 1709 1365 1752 notabiles,
1385 1709 1453 1744 nisi
1477 1709 1523 1744 ad
1549 1709 1742 1744 arbitrium

116 1762 274 1808 episcopi
306 1764 413 1808 juxta
446 1763 767 1798 considerationem
806 1763 1020 1807 suspicionis
1058 1764 1339 1809 qualitatemque
1374 1776 1523 1809 persone
1559 1764 1742 1809 propriam

80 1824 83 1830 ¹
115 1815 360 1853 innocentiam
389 1828 550 1862 congrua
581 1817 795 1862 purgatione
825 1819 1114 1860 monstraverint,
1147 1817 1257 1853 simili
1287 1819 1461 1854 sententie
1492 1820 1739 1864 subjacebunt.

115 1871 201 1908 Illos
215 1874 336 1907 autem
353 1873 414 1916 qui
439 1875 517 1916 post
539 1872 803 1917 abjurationem
825 1873 959 1908 erroris
975 1874 1031 1908 vel
1055 1876 1242 1918 postquam
1259 1886 1307 1915 se,
1322 1876 1363 1909 ut
1385 1873 1553 1916 diximus,
1571 1874 1742 1909 antistitis

117 1927 382 1964 examinatione
409 1928 661 1973 purgaverint,
691 1929 901 1972 deprehensi
925 1930 1061 1965 fuerint
1084 1929 1122 1964 in
1141 1930 1348 1975 abjuratam
1375 1930 1530 1965 heresim
1558 1931 1738 1972 recidisse,

116 1982 271 2018 seculari
280 1982 422 2028 judicio
444 1982 521 2017 sine
537 1983 612 2018 ulla
635 1983 777 2027 penitus
792 1983 976 2019 audientia
997 1983 1223 2018 decernimus
1239 1985 1502 2028 relinquendos,
1522 1985 1624 2019 bonis
1646 1985 1741 2019 dam-

116 2040 284 2074 natorum
301 2037 515 2072 clericorum
532 2038 692 2073 ecclesiis
708 2038 838 2082 quibus
853 2039 1101 2074 deserviebant
1116 2040 1311 2074 secundum
1324 2039 1530 2075 sancciones
1545 2039 1740 2084 lcgittimas

115 2092 348 2139 applicandis.

160 2147 253 2182 Sane
275 2147 472 2192 predictam
495 2148 876 2184 excommunicationis
897 2150 1120 2192 sententiam,
1145 2151 1204 2185 cui
1228 2162 1350 2186 omnes
1372 2148 1589 2195 precipimus
1611 2151 1739 2186 hereti-

116 2215 175 2238 cos
199 2204 395 2249 subjacere,
425 2205 469 2239 ab
497 2204 662 2239 omnibus
685 2205 963 2250 archiepiscopis
985 2209 1021 2241 et
1044 2206 1218 2251 episcopis
1241 2206 1280 2241 in
1303 2207 1470 2251 precipiis
1486 2207 1739 2242 festivitatibus

115 2260 152 2293 et
174 2258 338 2302 quotiens
364 2259 576 2303 sollempnes
595 2260 790 2296 habuerint
813 2261 972 2305 qualibet
998 2261 1185 2297 occasione
1207 2265 1414 2303 conventus,
1432 2262 1477 2296 ad
1500 2262 1655 2306 gloriam
1672 2263 1737 2297 Dei

116 2315 152 2348 et
174 2313 432 2358 repressionem
459 2314 617 2351 heretice
639 2315 827 2360 pravitatis
849 2316 1074 2352 decernimus
1098 2317 1276 2359 innovari,
1305 2318 1520 2353 auctoritate
1542 2318 1738 2362 apostolica

116 2370 310 2404 statuentes
325 2372 366 2404 ut
382 2371 412 2404 si
429 2369 508 2413 quis
523 2371 567 2406 de
583 2371 708 2407 ordine
723 2371 970 2416 episcoporum
987 2374 1200 2418 neggligens
1221 2373 1260 2408 in
1274 2373 1331 2408 his
1346 2373 1455 2409 fuerit
1470 2374 1526 2408 vel
1541 2373 1737 2409 desidiosus

116 2422 295 2466 inventus,
325 2435 390 2468 per
412 2425 589 2460 triennale
615 2426 776 2470 spacium
802 2427 847 2461 ab
874 2427 1068 2471 episcopali
1095 2428 1272 2463 habeatur
1297 2427 1474 2473 dignitate
1496 2430 1531 2463 et
1557 2428 1737 2465 amminis-

116 2479 273 2516 tratione
294 2491 506 2524 suspensu33
536 2480 731 2516 adicientes
747 2493 888 2526 quoque
904 2482 1130 2518 decernimus
1145 2486 1186 2518 ut
1201 2483 1352 2527 quilibet
1368 2483 1657 2528 archiepiscopus
1679 2484 1736 2519 vel

115 2533 302 2579 episeopus
325 2545 389 2579 per
411 2534 706 2570 archidiaconum
722 2547 827 2570 suum
850 2539 914 2572 aut
934 2549 1000 2581 per
1021 2537 1111 2572 alias
1134 2537 1300 2573 honestas
1330 2538 1545 2582 idoneasque
1568 2550 1736 2582 personas

114 2589 169 2625 bis
191 2590 249 2625 vel
270 2591 379 2626 semel
402 2590 441 2626 in
461 2602 556 2626 anno
580 2591 762 2635 propriam
779 2593 1019 2636 parrochiam,
1038 2593 1077 2628 in
1094 2605 1165 2637 qua
1187 2594 1284 2628 fama
1306 2593 1416 2628 fuerit
1437 2594 1612 2629 hereticos
1634 2594 1734 2629 habi-

113 2647 202 2688 tare,
228 2646 398 2688 circueat,
416 2649 452 2682 et
473 2646 523 2681 ibi
545 2650 617 2682 tres
641 2647 697 2682 vel
718 2647 838 2690 plures
859 2648 944 2683 boni
959 2649 1155 2684 testimonii
1180 2649 1276 2684 viros
1298 2649 1356 2684 vel
1378 2649 1498 2690 etiam,
1517 2649 1546 2683 si
1568 2649 1735 2694 expedire

112 2701 306 2744 videbitur,
342 2705 453 2737 totam
490 2702 662 2737 viciniam
689 2704 818 2747 jurare
850 2705 1052 2747 compellat,
1085 2704 1180 2748 quod
1210 2704 1238 2738 si
1275 2717 1363 2749 quos
1392 2704 1568 2739 hereticos
1601 2705 1734 2741 ibidem

114 2755 249 2792 fuerint
269 2757 327 2792 vel
349 2757 489 2801 aliquos
512 2758 653 2792 occulta
676 2758 925 2794 conventicula
949 2759 1168 2794 celebrantes
1191 2770 1251 2794 seu
1276 2771 1298 2794 a
1320 2758 1565 2794 communium
1588 2771 1734 2795 conver-

112 2811 249 2848 satione
278 2812 439 2847 fidelium
469 2812 544 2848 vita
573 2815 609 2848 et
645 2813 806 2848 moribus
840 2813 1067 2856 dissidentes,
1105 2826 1164 2849 eos
1194 2815 1359 2859 episcopo
1392 2816 1447 2850 vel
1478 2815 1733 2851 archidiacono

110 2867 275 2903 studeant
302 2868 481 2918 indicare.
515 2868 711 2913 Episcopus
745 2871 865 2904 autem
895 2870 953 2904 vel
989 2869 1265 2905 archidiaconus
1299 2871 1345 2905 ad
1382 2871 1596 2914 presentiam
1630 2883 1732 2906 suam

110 2926 281 2960 convocet
302 2927 498 2967 accusatos,
516 2924 578 2969 qui
602 2924 670 2960 nisi
695 2936 731 2961 se
754 2925 800 2961 ad
822 2925 1013 2961 arbitrium
1037 2936 1162 2961 eorum
1179 2927 1286 2970 juxta
1308 2926 1423 2970 patrie
1439 2927 1732 2964 consuetudinem
