<?xml version="1.0" encoding="UTF-8"?>
<!DOCTYPE html PUBLIC "-//W3C//DTD XHTML 1.0 Transitional//EN"
    "http://www.w3.org/TR/xhtml1/DTD/xhtml1-transitional.dtd">
<html xmlns="http://www.w3.org/1999/xhtml" xml:lang="en" lang="en">
 <head>
  <title>
</title>
<meta http-equiv="Content-Type" content="text/html;charset=utf-8" />
  <meta name='ocr-system' content='tesseract 3.04.00' />
  <meta name='ocr-capabilities' content='ocr_page ocr_carea ocr_par ocr_line ocrx_word'/>
</head>
<body>
  <div class='ocr_page' id='page_1' title='image "./corpusdocumentor01fruoft_0379.png"; bbox 0 0 2097 3466; ppageno 0'>
   <div class='ocr_carea' id='block_1_1' title="bbox 840 245 1786 284">
    <p class='ocr_par' dir='ltr' id='par_1_1' title="bbox 840 245 1786 284">
     <span class='ocr_line' id='line_1_1' title="bbox 840 245 1786 284; baseline 0.003 -5"><span class='ocrx_word' id='word_1_1' title='bbox 840 245 972 279; x_wconf 78' lang='lat' dir='ltr'>ANNO</span> <span class='ocrx_word' id='word_1_2' title='bbox 999 248 1099 280; x_wconf 79' lang='lat'>1450</span> <span class='ocrx_word' id='word_1_3' title='bbox 1722 251 1786 284; x_wconf 72' lang='lat'><strong>329</strong></span> 
     </span>
    </p>
   </div>
   <div class='ocr_carea' id='block_1_2' title="bbox 153 339 1782 604">
    <p class='ocr_par' dir='ltr' id='par_1_2' title="bbox 153 339 1782 604">
     <span class='ocr_line' id='line_1_2' title="bbox 156 339 1781 396; baseline 0.003 -14"><span class='ocrx_word' id='word_1_4' title='bbox 156 339 351 391; x_wconf 77' lang='lat' dir='ltr'><strong>bmeder,</strong></span> <span class='ocrx_word' id='word_1_5' title='bbox 381 340 447 382; x_wconf 89' lang='lat' dir='ltr'><strong>die</strong></span> <span class='ocrx_word' id='word_1_6' title='bbox 471 342 514 382; x_wconf 80' lang='lat' dir='ltr'><strong>te</strong></span> <span class='ocrx_word' id='word_1_7' title='bbox 536 340 650 382; x_wconf 88' lang='lat' dir='ltr'><strong>Gent</strong></span> <span class='ocrx_word' id='word_1_8' title='bbox 673 353 751 382; x_wconf 91' lang='lat' dir='ltr'><strong>een</strong></span> <span class='ocrx_word' id='word_1_9' title='bbox 778 340 987 384; x_wconf 85' lang='lat' dir='ltr'><strong>verdacht</strong></span> <span class='ocrx_word' id='word_1_10' title='bbox 1008 353 1204 383; x_wconf 86' lang='lat' dir='ltr'><strong>sermoen</strong></span> <span class='ocrx_word' id='word_1_11' title='bbox 1228 342 1456 396; x_wconf 82' lang='lat' dir='ltr'><strong>gepredikt</strong></span> <span class='ocrx_word' id='word_1_12' title='bbox 1479 343 1578 387; x_wconf 86' lang='lat' dir='ltr'><strong>had.</strong></span> <span class='ocrx_word' id='word_1_13' title='bbox 1604 369 1656 375; x_wconf 88' lang='lat'><strong>—</strong></span> <span class='ocrx_word' id='word_1_14' title='bbox 1681 345 1781 387; x_wconf 91' lang='lat' dir='ltr'><strong>Men</strong></span> 
     </span>
     <span class='ocr_line' id='line_1_3' title="bbox 154 407 1781 467; baseline 0.003 -16"><span class='ocrx_word' id='word_1_15' title='bbox 154 422 231 451; x_wconf 90' lang='lat' dir='ltr'><strong>zou</strong></span> <span class='ocrx_word' id='word_1_16' title='bbox 256 410 352 451; x_wconf 91' lang='lat' dir='ltr'><strong>hem</strong></span> <span class='ocrx_word' id='word_1_17' title='bbox 375 422 480 450; x_wconf 87' lang='lat' dir='ltr'><strong>over</strong></span> <span class='ocrx_word' id='word_1_18' title='bbox 502 408 615 464; x_wconf 82' lang='lat' dir='ltr'><strong>zijne</strong></span> <span class='ocrx_word' id='word_1_19' title='bbox 638 407 920 464; x_wconf 81' lang='lat' dir='ltr'><strong>bedoelingen</strong></span> <span class='ocrx_word' id='word_1_20' title='bbox 945 409 1100 464; x_wconf 77' lang='lat' dir='ltr'><strong>sclierp</strong></span> <span class='ocrx_word' id='word_1_21' title='bbox 1120 412 1288 452; x_wconf 85' lang='lat' dir='ltr'><strong>moeten</strong></span> <span class='ocrx_word' id='word_1_22' title='bbox 1309 411 1610 467; x_wconf 79' lang='lat' dir='ltr'><strong>ondervragen</strong></span> <span class='ocrx_word' id='word_1_23' title='bbox 1633 414 1781 456; x_wconf 85' lang='lat' dir='ltr'><strong>alsook</strong></span> 
     </span>
     <span class='ocr_line' id='line_1_4' title="bbox 153 477 1782 538; baseline 0.004 -20"><span class='ocrx_word' id='word_1_24' title='bbox 153 491 256 520; x_wconf 88' lang='lat' dir='ltr'><strong>over</strong></span> <span class='ocrx_word' id='word_1_25' title='bbox 282 477 394 534; x_wconf 86' lang='lat' dir='ltr'><strong>zijne</strong></span> <span class='ocrx_word' id='word_1_26' title='bbox 419 477 619 532; x_wconf 84' lang='lat' dir='ltr'><strong>meening</strong></span> <span class='ocrx_word' id='word_1_27' title='bbox 642 477 894 532; x_wconf 81' lang='lat' dir='ltr'><strong>aangaande</strong></span> <span class='ocrx_word' id='word_1_28' title='bbox 919 478 1061 533; x_wconf 81' lang='lat' dir='ltr'><strong>zijnen</strong></span> <span class='ocrx_word' id='word_1_29' title='bbox 1086 477 1479 530; x_wconf 82' lang='lat' dir='ltr'><strong>kloosterbroeder‚</strong></span> <span class='ocrx_word' id='word_1_30' title='bbox 1507 481 1574 523; x_wconf 88' lang='lat' dir='ltr'><strong>die</strong></span> <span class='ocrx_word' id='word_1_31' title='bbox 1597 483 1782 538; x_wconf 86' lang='lat' dir='ltr'><strong>onlangs</strong></span> 
     </span>
     <span class='ocr_line' id='line_1_5' title="bbox 153 545 1512 604; baseline 0.002 -16"><span class='ocrx_word' id='word_1_32' title='bbox 153 545 258 588; x_wconf 87' lang='lat' dir='ltr'><strong>door</strong></span> <span class='ocrx_word' id='word_1_33' title='bbox 281 546 308 589; x_wconf 87' lang='lat' dir='ltr'><strong>‘t</strong></span> <span class='ocrx_word' id='word_1_34' title='bbox 327 545 556 602; x_wconf 87' lang='lat' dir='ltr'><strong>geestelijk</strong></span> <span class='ocrx_word' id='word_1_35' title='bbox 581 545 659 587; x_wconf 85' lang='lat' dir='ltr'><strong>hof</strong></span> <span class='ocrx_word' id='word_1_36' title='bbox 677 560 759 588; x_wconf 84' lang='lat' dir='ltr'><strong>van</strong></span> <span class='ocrx_word' id='word_1_37' title='bbox 785 546 972 588; x_wconf 87' lang='lat' dir='ltr'><strong>Doornik</strong></span> <span class='ocrx_word' id='word_1_38' title='bbox 998 546 1116 588; x_wconf 85' lang='lat' dir='ltr'><strong>werd</strong></span> <span class='ocrx_word' id='word_1_39' title='bbox 1142 548 1512 604; x_wconf 85' lang='lat' dir='ltr'><strong>veroordeeld(l).</strong></span> 
     </span>
    </p>
   </div>
   <div class='ocr_carea' id='block_1_3' title="bbox 145 668 1786 1652">
    <p class='ocr_par' dir='ltr' id='par_1_3' title="bbox 148 668 1782 933">
     <span class='ocr_line' id='line_1_6' title="bbox 197 668 1781 717; baseline 0.002 -14"><span class='ocrx_word' id='word_1_40' title='bbox 197 669 329 703; x_wconf 76' lang='lat' dir='ltr'><strong>Contra</strong></span> <span class='ocrx_word' id='word_1_41' title='bbox 347 668 545 713; x_wconf 79' lang='lat' dir='ltr'><strong>quemdam</strong></span> <span class='ocrx_word' id='word_1_42' title='bbox 559 669 714 711; x_wconf 75' lang='lat' dir='ltr'><strong>fratrem</strong></span> <span class='ocrx_word' id='word_1_43' title='bbox 734 669 777 702; x_wconf 71' lang='lat' dir='ltr'><strong>(Iu</strong></span> <span class='ocrx_word' id='word_1_44' title='bbox 794 669 926 703; x_wconf 72' lang='lat' dir='ltr'><strong>ordine</strong></span> <span class='ocrx_word' id='word_1_45' title='bbox 945 672 1145 711; x_wconf 77' lang='lat' dir='ltr'><strong>minorum,</strong></span> <span class='ocrx_word' id='word_1_46' title='bbox 1165 673 1240 716; x_wconf 78' lang='lat' dir='ltr'><strong>qui,</strong></span> <span class='ocrx_word' id='word_1_47' title='bbox 1260 684 1342 705; x_wconf 75' lang='lat' dir='ltr'><strong>cum</strong></span> <span class='ocrx_word' id='word_1_48' title='bbox 1368 672 1511 705; x_wconf 73' lang='lat' dir='ltr'><strong>deberet</strong></span> <span class='ocrx_word' id='word_1_49' title='bbox 1526 674 1723 717; x_wconf 77' lang='lat' dir='ltr'><strong>predicare</strong></span> <span class='ocrx_word' id='word_1_50' title='bbox 1742 677 1781 706; x_wconf 78' lang='lat' dir='ltr'><strong>in</strong></span> 
     </span>
     <span class='ocr_line' id='line_1_7' title="bbox 153 723 1782 773; baseline 0.002 -14"><span class='ocrx_word' id='word_1_51' title='bbox 153 723 351 764; x_wconf 82' lang='lat' dir='ltr'><strong>Gandauo,</strong></span> <span class='ocrx_word' id='word_1_52' title='bbox 361 723 521 758; x_wconf 77' lang='lat' dir='ltr'><strong>obmissa</strong></span> <span class='ocrx_word' id='word_1_53' title='bbox 534 724 657 766; x_wconf 83' lang='lat' dir='ltr'><strong>forma</strong></span> <span class='ocrx_word' id='word_1_54' title='bbox 669 725 950 767; x_wconf 69' lang='lat' dir='ltr'><strong>predicationis,</strong></span> <span class='ocrx_word' id='word_1_55' title='bbox 961 726 1057 758; x_wconf 75' lang='lat' dir='ltr'><strong>(lixit</strong></span> <span class='ocrx_word' id='word_1_56' title='bbox 1072 726 1168 770; x_wconf 78' lang='lat' dir='ltr'><strong>qnod</strong></span> <span class='ocrx_word' id='word_1_57' title='bbox 1181 729 1234 759; x_wconf 75' lang='lat' dir='ltr'><strong>sic</strong></span> <span class='ocrx_word' id='word_1_58' title='bbox 1246 738 1304 759; x_wconf 73' lang='lat' dir='ltr'><strong>res</strong></span> <span class='ocrx_word' id='word_1_59' title='bbox 1319 738 1356 759; x_wconf 72' lang='lat' dir='ltr'><strong>se</strong></span> <span class='ocrx_word' id='word_1_60' title='bbox 1367 726 1519 760; x_wconf 71' lang='lat' dir='ltr'><strong>habehat</strong></span> <span class='ocrx_word' id='word_1_61' title='bbox 1534 728 1631 773; x_wconf 76' lang='lat' dir='ltr'><strong>quod</strong></span> <span class='ocrx_word' id='word_1_62' title='bbox 1646 732 1782 762; x_wconf 69' lang='lat' dir='ltr'><strong>veritas</strong></span> 
     </span>
     <span class='ocr_line' id='line_1_8' title="bbox 149 777 1781 826; baseline 0.003 -15"><span class='ocrx_word' id='word_1_63' title='bbox 149 778 226 811; x_wconf 71' lang='lat' dir='ltr'><strong>dici</strong></span> <span class='ocrx_word' id='word_1_64' title='bbox 241 783 473 822; x_wconf 75' lang='lat' dir='ltr'><strong>nonpoterat</strong></span> <span class='ocrx_word' id='word_1_65' title='bbox 491 783 522 812; x_wconf 85' lang='lat' dir='ltr'><strong>et</strong></span> <span class='ocrx_word' id='word_1_66' title='bbox 539 777 605 812; x_wconf 81' lang='lat' dir='ltr'><strong>hoc</strong></span> <span class='ocrx_word' id='word_1_67' title='bbox 618 778 793 823; x_wconf 76' lang='lat' dir='ltr'><strong>probauit</strong></span> <span class='ocrx_word' id='word_1_68' title='bbox 808 791 877 822; x_wconf 73' lang='lat' dir='ltr'><strong>per</strong></span> <span class='ocrx_word' id='word_1_69' title='bbox 898 779 1047 823; x_wconf 77' lang='lat' dir='ltr'><strong>fabulas</strong></span> <span class='ocrx_word' id='word_1_70' title='bbox 1065 779 1111 813; x_wconf 82' lang='lat' dir='ltr'><strong>de</strong></span> <span class='ocrx_word' id='word_1_71' title='bbox 1127 780 1242 821; x_wconf 80' lang='lat' dir='ltr'><strong>leone,</strong></span> <span class='ocrx_word' id='word_1_72' title='bbox 1269 780 1356 824; x_wconf 77' lang='lat' dir='ltr'><strong>lupo</strong></span> <span class='ocrx_word' id='word_1_73' title='bbox 1373 787 1403 814; x_wconf 87' lang='lat' dir='ltr'><strong>et</strong></span> <span class='ocrx_word' id='word_1_74' title='bbox 1421 782 1529 826; x_wconf 73' lang='lat' dir='ltr'><strong>vulpe</strong></span> <span class='ocrx_word' id='word_1_75' title='bbox 1545 789 1577 815; x_wconf 69' lang='lat' dir='ltr'><strong>et</strong></span> <span class='ocrx_word' id='word_1_76' title='bbox 1602 782 1647 815; x_wconf 81' lang='lat' dir='ltr'><strong>cle</strong></span> <span class='ocrx_word' id='word_1_77' title='bbox 1664 784 1781 816; x_wconf 73' lang='lat' dir='ltr'><strong>tribus</strong></span> 
     </span>
     <span class='ocr_line' id='line_1_9' title="bbox 148 832 1782 878; baseline 0.003 -12"><span class='ocrx_word' id='word_1_78' title='bbox 148 835 282 873; x_wconf 83' lang='lat' dir='ltr'><strong>citatis,</strong></span> <span class='ocrx_word' id='word_1_79' title='bbox 307 838 339 866; x_wconf 87' lang='lat' dir='ltr'><strong>et</strong></span> <span class='ocrx_word' id='word_1_80' title='bbox 367 834 407 865; x_wconf 77' lang='lat' dir='ltr'><strong>in</strong></span> <span class='ocrx_word' id='word_1_81' title='bbox 430 832 501 876; x_wconf 76' lang='lat' dir='ltr'><strong>lnjs</strong></span> <span class='ocrx_word' id='word_1_82' title='bbox 526 834 634 867; x_wconf 74' lang='lat' dir='ltr'><strong>dictis</strong></span> <span class='ocrx_word' id='word_1_83' title='bbox 655 836 779 878; x_wconf 75' lang='lat' dir='ltr'><strong>posuit</strong></span> <span class='ocrx_word' id='word_1_84' title='bbox 804 834 929 877; x_wconf 78' lang='lat' dir='ltr'><strong>finem.</strong></span> <span class='ocrx_word' id='word_1_85' title='bbox 957 834 1017 867; x_wconf 74' lang='lat' dir='ltr'><strong>Ad</strong></span> <span class='ocrx_word' id='word_1_86' title='bbox 1044 837 1265 869; x_wconf 77' lang='lat' dir='ltr'><em>instantiam</em></span> <span class='ocrx_word' id='word_1_87' title='bbox 1290 836 1529 871; x_wconf 70' lang='lat' dir='ltr'><strong>dominorum</strong></span> <span class='ocrx_word' id='word_1_88' title='bbox 1554 839 1782 871; x_wconf 74' lang='lat' dir='ltr'><strong>vicariorum</strong></span> 
     </span>
     <span class='ocr_line' id='line_1_10' title="bbox 149 887 1148 933; baseline 0.002 -11"><span class='ocrx_word' id='word_1_89' title='bbox 149 888 347 922; x_wconf 66' lang='lat' dir='ltr'><strong>reuerendi</strong></span> <span class='ocrx_word' id='word_1_90' title='bbox 364 890 403 921; x_wconf 79' lang='lat' dir='ltr'><strong>in</strong></span> <span class='ocrx_word' id='word_1_91' title='bbox 423 887 568 922; x_wconf 71' lang='lat' dir='ltr'><strong>Christo</strong></span> <span class='ocrx_word' id='word_1_92' title='bbox 581 891 706 933; x_wconf 79' lang='lat' dir='ltr'><strong>patris</strong></span> <span class='ocrx_word' id='word_1_93' title='bbox 725 889 871 922; x_wconf 71' lang='lat' dir='ltr'><strong>domini</strong></span> <span class='ocrx_word' id='word_1_94' title='bbox 893 890 1148 924; x_wconf 78' lang='lat' dir='ltr'><strong>Tornacensis.</strong></span> 
     </span>
    </p>

    <p class='ocr_par' dir='ltr' id='par_1_4' title="bbox 145 943 1786 1320">
     <span class='ocr_line' id='line_1_11' title="bbox 194 943 1786 988; baseline 0.003 -11"><span class='ocrx_word' id='word_1_95' title='bbox 194 966 310 978; x_wconf 87' lang='grc'><strong>......</strong></span> <span class='ocrx_word' id='word_1_96' title='bbox 335 945 379 987; x_wconf 82' lang='lat'><strong>(2)</strong></span> <span class='ocrx_word' id='word_1_97' title='bbox 398 943 569 987; x_wconf 78' lang='lat' dir='ltr'><strong>Sequitur</strong></span> <span class='ocrx_word' id='word_1_98' title='bbox 591 944 706 988; x_wconf 88' lang='lat' dir='ltr'><strong>primo</strong></span> <span class='ocrx_word' id='word_1_99' title='bbox 724 944 819 987; x_wconf 86' lang='lat' dir='ltr'><strong>quod</strong></span> <span class='ocrx_word' id='word_1_100' title='bbox 838 945 947 979; x_wconf 84' lang='lat' dir='ltr'><strong>verba</strong></span> <span class='ocrx_word' id='word_1_101' title='bbox 963 949 997 979; x_wconf 51' lang='lat' dir='ltr'><strong>et¹</strong></span> <span class='ocrx_word' id='word_1_102' title='bbox 1012 945 1139 980; x_wconf 88' lang='lat' dir='ltr'><strong>modus</strong></span> <span class='ocrx_word' id='word_1_103' title='bbox 1153 946 1252 981; x_wconf 90' lang='lat' dir='ltr'><strong>illius</strong></span> <span class='ocrx_word' id='word_1_104' title='bbox 1267 947 1391 981; x_wconf 82' lang='lat' dir='ltr'><strong>fratris</strong></span> <span class='ocrx_word' id='word_1_105' title='bbox 1405 948 1589 982; x_wconf 81' lang='lat' dir='ltr'><strong>turbatiua</strong></span> <span class='ocrx_word' id='word_1_106' title='bbox 1607 948 1786 983; x_wconf 85' lang='lat' dir='ltr'><strong>ierarchie</strong></span> 
     </span>
     <span class='ocr_line' id='line_1_12' title="bbox 149 998 1783 1044; baseline 0.002 -10"><span class='ocrx_word' id='word_1_107' title='bbox 149 998 390 1034; x_wconf 82' lang='lat' dir='ltr'><strong>ecclesiastice</strong></span> <span class='ocrx_word' id='word_1_108' title='bbox 407 1011 481 1034; x_wconf 88' lang='lat' dir='ltr'><strong>esse</strong></span> <span class='ocrx_word' id='word_1_109' title='bbox 505 1002 710 1040; x_wconf 76' lang='lat' dir='ltr'><strong>censentur,</strong></span> <span class='ocrx_word' id='word_1_110' title='bbox 737 999 775 1033; x_wconf 90' lang='lat' dir='ltr'><strong>in</strong></span> <span class='ocrx_word' id='word_1_111' title='bbox 802 1010 874 1042; x_wconf 84' lang='lat' dir='ltr'><strong>qua</strong></span> <span class='ocrx_word' id='word_1_112' title='bbox 898 1000 1103 1042; x_wconf 74' lang='lat' dir='ltr'>superiores</span> <span class='ocrx_word' id='word_1_113' title='bbox 1132 1001 1340 1036; x_wconf 86' lang='lat' dir='ltr'><strong>illuminant</strong></span> <span class='ocrx_word' id='word_1_114' title='bbox 1366 1002 1566 1044; x_wconf 44' lang='lat' dir='ltr'><strong>inferiore&amp;</strong></span> <span class='ocrx_word' id='word_1_115' title='bbox 1586 1015 1651 1038; x_wconf 87' lang='lat' dir='ltr'><strong>nec</strong></span> <span class='ocrx_word' id='word_1_116' title='bbox 1667 1004 1783 1038; x_wconf 78' lang='lat' dir='ltr'><strong>solum</strong></span> 
     </span>
     <span class='ocr_line' id='line_1_13' title="bbox 148 1053 1784 1098; baseline 0.003 -10"><span class='ocrx_word' id='word_1_117' title='bbox 148 1053 370 1094; x_wconf 84' lang='lat' dir='ltr'><strong>illuminant,</strong></span> <span class='ocrx_word' id='word_1_118' title='bbox 388 1054 447 1088; x_wconf 91' lang='lat' dir='ltr'><strong>sed</strong></span> <span class='ocrx_word' id='word_1_119' title='bbox 466 1057 626 1097; x_wconf 87' lang='lat' dir='ltr'><strong>purgant</strong></span> <span class='ocrx_word' id='word_1_120' title='bbox 641 1056 677 1088; x_wconf 85' lang='lat' dir='ltr'><strong>et</strong></span> <span class='ocrx_word' id='word_1_121' title='bbox 693 1053 889 1096; x_wconf 86' lang='lat' dir='ltr'><strong>perficiunt</strong></span> <span class='ocrx_word' id='word_1_122' title='bbox 911 1054 1082 1098; x_wconf 82' lang='lat' dir='ltr'><strong>episcopi,</strong></span> <span class='ocrx_word' id='word_1_123' title='bbox 1101 1056 1163 1098; x_wconf 87' lang='lat' dir='ltr'><strong>qui</strong></span> <span class='ocrx_word' id='word_1_124' title='bbox 1187 1060 1261 1091; x_wconf 88' lang='lat' dir='ltr'><strong>tres</strong></span> <span class='ocrx_word' id='word_1_125' title='bbox 1284 1060 1386 1091; x_wconf 87' lang='lat' dir='ltr'><strong>actus</strong></span> <span class='ocrx_word' id='word_1_126' title='bbox 1410 1057 1630 1092; x_wconf 86' lang='lat' dir='ltr'><strong>iherarchici</strong></span> <span class='ocrx_word' id='word_1_127' title='bbox 1651 1070 1671 1092; x_wconf 89' lang='lat' dir='ltr'><strong>a</strong></span> <span class='ocrx_word' id='word_1_128' title='bbox 1693 1059 1784 1093; x_wconf 87' lang='lat' dir='ltr'><strong>veri-</strong></span> 
     </span>
     <span class='ocr_line' id='line_1_14' title="bbox 148 1108 1784 1155; baseline 0.003 -11"><span class='ocrx_word' id='word_1_129' title='bbox 148 1111 223 1144; x_wconf 81' lang='lat' dir='ltr'><strong>tate</strong></span> <span class='ocrx_word' id='word_1_130' title='bbox 238 1109 416 1152; x_wconf 89' lang='lat' dir='ltr'><strong>fiuntque</strong></span> <span class='ocrx_word' id='word_1_131' title='bbox 441 1108 607 1143; x_wconf 81' lang='lat' dir='ltr'>tenebras</span> <span class='ocrx_word' id='word_1_132' title='bbox 623 1119 789 1142; x_wconf 83' lang='lat' dir='ltr'><strong>errorum</strong></span> <span class='ocrx_word' id='word_1_133' title='bbox 808 1112 953 1152; x_wconf 79' lang='lat' dir='ltr'><strong>purgat,</strong></span> <span class='ocrx_word' id='word_1_134' title='bbox 974 1109 1116 1154; x_wconf 77' lang='lat' dir='ltr'>fulgore</span> <span class='ocrx_word' id='word_1_135' title='bbox 1140 1111 1340 1155; x_wconf 77' lang='lat' dir='ltr'><strong>agnitionis</strong></span> <span class='ocrx_word' id='word_1_136' title='bbox 1362 1112 1548 1147; x_wconf 85' lang='lat' dir='ltr'><strong>illuminat</strong></span> <span class='ocrx_word' id='word_1_137' title='bbox 1571 1116 1607 1148; x_wconf 90' lang='lat' dir='ltr'><strong>et</strong></span> <span class='ocrx_word' id='word_1_138' title='bbox 1631 1113 1667 1147; x_wconf 89' lang='lat' dir='ltr'><strong>in</strong></span> <span class='ocrx_word' id='word_1_139' title='bbox 1692 1114 1784 1149; x_wconf 79' lang='lat' dir='ltr'><strong>bono</strong></span> 
     </span>
     <span class='ocr_line' id='line_1_15' title="bbox 149 1162 1785 1212; baseline 0.003 -14"><span class='ocrx_word' id='word_1_140' title='bbox 149 1162 290 1208; x_wconf 86' lang='lat' dir='ltr'><strong>perficit</strong></span> <span class='ocrx_word' id='word_1_141' title='bbox 305 1167 613 1207; x_wconf 85' lang='lat' dir='ltr'><strong>consummatque.</strong></span> <span class='ocrx_word' id='word_1_142' title='bbox 631 1163 671 1198; x_wconf 92' lang='lat' dir='ltr'><strong>In</strong></span> <span class='ocrx_word' id='word_1_143' title='bbox 684 1163 753 1198; x_wconf 80' lang='lat' dir='ltr'><strong>hae</strong></span> <span class='ocrx_word' id='word_1_144' title='bbox 770 1164 953 1198; x_wconf 79' lang='lat' dir='ltr'><strong>ierarchia</strong></span> <span class='ocrx_word' id='word_1_145' title='bbox 966 1176 1057 1208; x_wconf 90' lang='lat' dir='ltr'><strong>papa</strong></span> <span class='ocrx_word' id='word_1_146' title='bbox 1075 1168 1127 1200; x_wconf 88' lang='lat' dir='ltr'><strong>est</strong></span> <span class='ocrx_word' id='word_1_147' title='bbox 1140 1178 1303 1201; x_wconf 87' lang='lat' dir='ltr'><strong>summus</strong></span> <span class='ocrx_word' id='word_1_148' title='bbox 1327 1167 1506 1208; x_wconf 77' lang='lat' dir='ltr'><strong>ierarcha,</strong></span> <span class='ocrx_word' id='word_1_149' title='bbox 1527 1168 1685 1212; x_wconf 85' lang='lat' dir='ltr'><strong>episcopi</strong></span> <span class='ocrx_word' id='word_1_150' title='bbox 1700 1174 1785 1203; x_wconf 89' lang='lat' dir='ltr'><strong>sunt</strong></span> 
     </span>
     <span class='ocr_line' id='line_1_16' title="bbox 145 1217 1781 1268; baseline 0.002 -14"><span class='ocrx_word' id='word_1_151' title='bbox 145 1219 311 1256; x_wconf 89' lang='lat' dir='ltr'><strong>ierarche</strong></span> <span class='ocrx_word' id='word_1_152' title='bbox 323 1223 528 1263; x_wconf 82' lang='lat' dir='ltr'><strong>sequentes3</strong></span> <span class='ocrx_word' id='word_1_153' title='bbox 544 1222 737 1262; x_wconf 78' lang='lat' dir='ltr'><strong>propterea</strong></span> <span class='ocrx_word' id='word_1_154' title='bbox 751 1217 938 1254; x_wconf 85' lang='lat' dir='ltr'><strong>veritatem</strong></span> <span class='ocrx_word' id='word_1_155' title='bbox 953 1231 1025 1254; x_wconf 90' lang='lat' dir='ltr'><strong>non</strong></span> <span class='ocrx_word' id='word_1_156' title='bbox 1039 1231 1113 1254; x_wconf 85' lang='lat' dir='ltr'><strong>esse</strong></span> <span class='ocrx_word' id='word_1_157' title='bbox 1130 1221 1168 1255; x_wconf 90' lang='lat' dir='ltr'><strong>in</strong></span> <span class='ocrx_word' id='word_1_158' title='bbox 1185 1221 1257 1256; x_wconf 90' lang='lat' dir='ltr'><strong>illis</strong></span> <span class='ocrx_word' id='word_1_159' title='bbox 1271 1226 1305 1256; x_wconf 89' lang='lat' dir='ltr'><strong>et</strong></span> <span class='ocrx_word' id='word_1_160' title='bbox 1319 1234 1398 1258; x_wconf 88' lang='lat' dir='ltr'><strong>eam</strong></span> <span class='ocrx_word' id='word_1_161' title='bbox 1411 1223 1484 1257; x_wconf 90' lang='lat' dir='ltr'><strong>dici</strong></span> <span class='ocrx_word' id='word_1_162' title='bbox 1500 1224 1544 1258; x_wconf 91' lang='lat' dir='ltr'><strong>ab</strong></span> <span class='ocrx_word' id='word_1_163' title='bbox 1562 1224 1649 1267; x_wconf 87' lang='lat' dir='ltr'><strong>ipsis</strong></span> <span class='ocrx_word' id='word_1_164' title='bbox 1662 1224 1781 1268; x_wconf 86' lang='lat' dir='ltr'><strong>prohi-</strong></span> 
     </span>
     <span class='ocr_line' id='line_1_17' title="bbox 146 1272 1736 1320; baseline 0.003 -12"><span class='ocrx_word' id='word_1_165' title='bbox 146 1274 232 1309; x_wconf 85' lang='lat' dir='ltr'><strong>bere</strong></span> <span class='ocrx_word' id='word_1_166' title='bbox 248 1277 301 1308; x_wconf 91' lang='lat' dir='ltr'><strong>est</strong></span> <span class='ocrx_word' id='word_1_167' title='bbox 322 1272 568 1308; x_wconf 86' lang='lat' dir='ltr'><strong>iherarchiam</strong></span> <span class='ocrx_word' id='word_1_168' title='bbox 585 1272 807 1306; x_wconf 85' lang='lat' dir='ltr'><strong>confundere</strong></span> <span class='ocrx_word' id='word_1_169' title='bbox 824 1275 860 1306; x_wconf 88' lang='lat' dir='ltr'><strong>et</strong></span> <span class='ocrx_word' id='word_1_170' title='bbox 875 1275 988 1307; x_wconf 87' lang='lat' dir='ltr'><strong>totam</strong></span> <span class='ocrx_word' id='word_1_171' title='bbox 1007 1273 1302 1309; x_wconf 85' lang='lat' dir='ltr'><strong>Christianorum</strong></span> <span class='ocrx_word' id='word_1_172' title='bbox 1320 1276 1491 1320; x_wconf 85' lang='lat' dir='ltr'><strong>policiam</strong></span> <span class='ocrx_word' id='word_1_173' title='bbox 1508 1278 1736 1312; x_wconf 89' lang='lat' dir='ltr'><strong>conturbare.</strong></span> 
     </span>
    </p>

    <p class='ocr_par' dir='ltr' id='par_1_5' title="bbox 145 1326 1785 1652">
     <span class='ocr_line' id='line_1_18' title="bbox 191 1326 1785 1376; baseline 0.003 -14"><span class='ocrx_word' id='word_1_174' title='bbox 191 1327 363 1371; x_wconf 83' lang='lat' dir='ltr'><strong>Sequitur</strong></span> <span class='ocrx_word' id='word_1_175' title='bbox 378 1326 536 1362; x_wconf 83' lang='lat' dir='ltr'><strong>secundo</strong></span> <span class='ocrx_word' id='word_1_176' title='bbox 554 1326 650 1369; x_wconf 86' lang='lat' dir='ltr'><strong>quod</strong></span> <span class='ocrx_word' id='word_1_177' title='bbox 674 1326 757 1360; x_wconf 88' lang='lat' dir='ltr'><strong>talis</strong></span> <span class='ocrx_word' id='word_1_178' title='bbox 776 1330 896 1370; x_wconf 82' lang='lat' dir='ltr'><strong>posset</strong></span> <span class='ocrx_word' id='word_1_179' title='bbox 919 1326 1141 1371; x_wconf 80' lang='lat' dir='ltr'><strong>interrogari</strong></span> <span class='ocrx_word' id='word_1_180' title='bbox 1159 1330 1216 1364; x_wconf 87' lang='lat' dir='ltr'><strong>vel</strong></span> <span class='ocrx_word' id='word_1_181' title='bbox 1241 1330 1442 1365; x_wconf 83' lang='lat' dir='ltr'><strong>examinari</strong></span> <span class='ocrx_word' id='word_1_182' title='bbox 1466 1332 1552 1374; x_wconf 90' lang='lat' dir='ltr'><strong>quid</strong></span> <span class='ocrx_word' id='word_1_183' title='bbox 1570 1335 1606 1367; x_wconf 88' lang='lat' dir='ltr'><strong>et</strong></span> <span class='ocrx_word' id='word_1_184' title='bbox 1627 1333 1785 1376; x_wconf 84' lang='lat' dir='ltr'><strong>qualiter</strong></span> 
     </span>
     <span class='ocr_line' id='line_1_19' title="bbox 147 1381 1784 1427; baseline 0.001 -8"><span class='ocrx_word' id='word_1_185' title='bbox 147 1382 261 1419; x_wconf 81' lang='lat' dir='ltr'><strong>sentit</strong></span> <span class='ocrx_word' id='word_1_186' title='bbox 283 1383 322 1417; x_wconf 85' lang='lat' dir='ltr'><strong>in</strong></span> <span class='ocrx_word' id='word_1_187' title='bbox 346 1382 436 1423; x_wconf 86' lang='lat' dir='ltr'><strong>istis,</strong></span> <span class='ocrx_word' id='word_1_188' title='bbox 455 1381 542 1426; x_wconf 85' lang='lat' dir='ltr'><strong>quia</strong></span> <span class='ocrx_word' id='word_1_189' title='bbox 565 1382 675 1416; x_wconf 89' lang='lat' dir='ltr'><strong>verba</strong></span> <span class='ocrx_word' id='word_1_190' title='bbox 699 1392 764 1415; x_wconf 89' lang='lat' dir='ltr'><strong>sua</strong></span> <span class='ocrx_word' id='word_1_191' title='bbox 788 1385 875 1415; x_wconf 89' lang='lat' dir='ltr'><strong>sunt</strong></span> <span class='ocrx_word' id='word_1_192' title='bbox 898 1381 1076 1417; x_wconf 87' lang='lat' dir='ltr'><strong>offensiua</strong></span> <span class='ocrx_word' id='word_1_193' title='bbox 1100 1382 1245 1427; x_wconf 87' lang='lat' dir='ltr'><strong>piarum</strong></span> <span class='ocrx_word' id='word_1_194' title='bbox 1270 1384 1429 1427; x_wconf 86' lang='lat' dir='ltr'><strong>aurium,</strong></span> <span class='ocrx_word' id='word_1_195' title='bbox 1444 1387 1597 1421; x_wconf 86' lang='lat' dir='ltr'><strong>obscura</strong></span> <span class='ocrx_word' id='word_1_196' title='bbox 1622 1393 1656 1421; x_wconf 82' lang='lat' dir='ltr'><strong>et</strong></span> <span class='ocrx_word' id='word_1_197' title='bbox 1680 1387 1784 1421; x_wconf 85' lang='lat' dir='ltr'><strong>valde</strong></span> 
     </span>
     <span class='ocr_line' id='line_1_20' title="bbox 146 1435 1784 1486; baseline 0.004 -14"><span class='ocrx_word' id='word_1_198' title='bbox 146 1436 364 1482; x_wconf 81' lang='lat' dir='ltr'><strong>pregnantia</strong></span> <span class='ocrx_word' id='word_1_199' title='bbox 381 1448 447 1472; x_wconf 87' lang='lat' dir='ltr'><strong>nec</strong></span> <span class='ocrx_word' id='word_1_200' title='bbox 462 1438 528 1472; x_wconf 89' lang='lat' dir='ltr'><strong>sub</strong></span> <span class='ocrx_word' id='word_1_201' title='bbox 545 1435 846 1472; x_wconf 81' lang='lat' dir='ltr'><strong>dissimulationis</strong></span> <span class='ocrx_word' id='word_1_202' title='bbox 864 1437 1101 1473; x_wconf 86' lang='lat' dir='ltr'><strong>conniuentia</strong></span> <span class='ocrx_word' id='word_1_203' title='bbox 1117 1441 1372 1483; x_wconf 84' lang='lat' dir='ltr'><strong>pretereunda.</strong></span> <span class='ocrx_word' id='word_1_204' title='bbox 1394 1442 1483 1476; x_wconf 88' lang='lat' dir='ltr'><strong>Item</strong></span> <span class='ocrx_word' id='word_1_205' title='bbox 1500 1442 1657 1486; x_wconf 84' lang='lat' dir='ltr'><strong>qualiter</strong></span> <span class='ocrx_word' id='word_1_206' title='bbox 1674 1444 1784 1478; x_wconf 88' lang='lat' dir='ltr'><strong>sentit</strong></span> 
     </span>
     <span class='ocr_line' id='line_1_21' title="bbox 146 1492 1783 1539; baseline 0.003 -12"><span class='ocrx_word' id='word_1_207' title='bbox 146 1492 186 1527; x_wconf 86' lang='lat' dir='ltr'><strong>in</strong></span> <span class='ocrx_word' id='word_1_208' title='bbox 202 1492 285 1536; x_wconf 85' lang='lat' dir='ltr'><strong>hijs,</strong></span> <span class='ocrx_word' id='word_1_209' title='bbox 309 1503 380 1536; x_wconf 90' lang='lat' dir='ltr'><strong>que</strong></span> <span class='ocrx_word' id='word_1_210' title='bbox 405 1493 518 1528; x_wconf 89' lang='lat' dir='ltr'><strong>frater</strong></span> <span class='ocrx_word' id='word_1_211' title='bbox 541 1492 598 1527; x_wconf 89' lang='lat' dir='ltr'><strong>sui</strong></span> <span class='ocrx_word' id='word_1_212' title='bbox 621 1495 825 1527; x_wconf 87' lang='lat' dir='ltr'><strong>conuentus</strong></span> <span class='ocrx_word' id='word_1_213' title='bbox 850 1502 966 1537; x_wconf 86' lang='lat' dir='ltr'><strong>nuper</strong></span> <span class='ocrx_word' id='word_1_214' title='bbox 989 1493 1258 1537; x_wconf 84' lang='lat' dir='ltr'><strong>predicauerat,</strong></span> <span class='ocrx_word' id='word_1_215' title='bbox 1279 1506 1345 1539; x_wconf 88' lang='lat' dir='ltr'><strong>pro</strong></span> <span class='ocrx_word' id='word_1_216' title='bbox 1368 1496 1501 1539; x_wconf 85' lang='lat' dir='ltr'><strong>quibus</strong></span> <span class='ocrx_word' id='word_1_217' title='bbox 1527 1497 1595 1532; x_wconf 83' lang='lat' dir='ltr'><strong>suit</strong></span> <span class='ocrx_word' id='word_1_218' title='bbox 1618 1498 1656 1532; x_wconf 92' lang='lat' dir='ltr'><strong>in</strong></span> <span class='ocrx_word' id='word_1_219' title='bbox 1680 1498 1783 1532; x_wconf 86' lang='lat' dir='ltr'><strong>curia</strong></span> 
     </span>
     <span class='ocr_line' id='line_1_22' title="bbox 147 1547 1780 1596; baseline 0.003 -14"><span class='ocrx_word' id='word_1_220' title='bbox 147 1547 371 1584; x_wconf 83' lang='lat' dir='ltr'><strong>Tornacensi</strong></span> <span class='ocrx_word' id='word_1_221' title='bbox 398 1549 531 1584; x_wconf 85' lang='lat' dir='ltr'><strong>citatus</strong></span> <span class='ocrx_word' id='word_1_222' title='bbox 558 1552 594 1583; x_wconf 87' lang='lat' dir='ltr'><strong>et</strong></span> <span class='ocrx_word' id='word_1_223' title='bbox 622 1548 848 1583; x_wconf 86' lang='lat' dir='ltr'><strong>iudicialiter</strong></span> <span class='ocrx_word' id='word_1_224' title='bbox 877 1553 1076 1594; x_wconf 87' lang='lat' dir='ltr'><strong>correptus,</strong></span> <span class='ocrx_word' id='word_1_225' title='bbox 1107 1562 1149 1585; x_wconf 87' lang='lat' dir='ltr'><strong>eo</strong></span> <span class='ocrx_word' id='word_1_226' title='bbox 1173 1552 1271 1595; x_wconf 88' lang='lat' dir='ltr'><strong>quod</strong></span> <span class='ocrx_word' id='word_1_227' title='bbox 1303 1553 1479 1595; x_wconf 87' lang='lat' dir='ltr'><strong>premissa</strong></span> <span class='ocrx_word' id='word_1_228' title='bbox 1508 1553 1715 1596; x_wconf 85' lang='lat' dir='ltr'><strong>parabolice</strong></span> <span class='ocrx_word' id='word_1_229' title='bbox 1742 1553 1780 1587; x_wconf 90' lang='lat' dir='ltr'><strong>in</strong></span> 
     </span>
     <span class='ocr_line' id='line_1_23' title="bbox 145 1604 1781 1652; baseline 0.002 -12"><span class='ocrx_word' id='word_1_230' title='bbox 145 1604 352 1641; x_wconf 81' lang='lat' dir='ltr'><strong>defensione</strong></span> <span class='ocrx_word' id='word_1_231' title='bbox 365 1605 441 1641; x_wconf 90' lang='lat' dir='ltr'><strong>eius</strong></span> <span class='ocrx_word' id='word_1_232' title='bbox 454 1605 598 1640; x_wconf 87' lang='lat' dir='ltr'><strong>videtur</strong></span> <span class='ocrx_word' id='word_1_233' title='bbox 615 1604 757 1639; x_wconf 84' lang='lat' dir='ltr'><strong>dixisse.</strong></span> <span class='ocrx_word' id='word_1_234' title='bbox 772 1604 827 1639; x_wconf 85' lang='lat' dir='ltr'><strong>Ex</strong></span> <span class='ocrx_word' id='word_1_235' title='bbox 840 1604 920 1640; x_wconf 89' lang='lat' dir='ltr'><strong>istis</strong></span> <span class='ocrx_word' id='word_1_236' title='bbox 935 1605 1042 1649; x_wconf 89' lang='lat' dir='ltr'><strong>plura</strong></span> <span class='ocrx_word' id='word_1_237' title='bbox 1058 1609 1093 1641; x_wconf 87' lang='lat' dir='ltr'><strong>et</strong></span> <span class='ocrx_word' id='word_1_238' title='bbox 1107 1606 1238 1642; x_wconf 83' lang='lat' dir='ltr'><strong>altiora</strong></span> <span class='ocrx_word' id='word_1_239' title='bbox 1254 1612 1399 1651; x_wconf 88' lang='lat' dir='ltr'><strong>possent</strong></span> <span class='ocrx_word' id='word_1_240' title='bbox 1414 1608 1510 1650; x_wconf 89' lang='lat' dir='ltr'><strong>elici,</strong></span> <span class='ocrx_word' id='word_1_241' title='bbox 1528 1619 1598 1652; x_wconf 87' lang='lat' dir='ltr'><strong>que</strong></span> <span class='ocrx_word' id='word_1_242' title='bbox 1611 1608 1781 1644; x_wconf 85' lang='lat' dir='ltr'><strong>studiosis</strong></span> 
     </span>
    </p>
   </div>
   <div class='ocr_carea' id='block_1_4' title="bbox 145 1662 1779 1751">
    <p class='ocr_par' dir='ltr' id='par_1_6' title="bbox 145 1662 1779 1751">
     <span class='ocr_line' id='line_1_24' title="bbox 145 1662 1779 1751; baseline 0.003 -12"><span class='ocrx_word' id='word_1_243' title='bbox 145 1662 331 1707; x_wconf 40' lang='lat' dir='ltr'><strong>namquo·</strong></span> <span class='ocrx_word' id='word_1_244' title='bbox 495 1703 689 1746; x_wconf 89' lang='lat' dir='ltr'><strong>Carlerius,</strong></span> <span class='ocrx_word' id='word_1_245' title='bbox 715 1704 794 1738; x_wconf 83' lang='lat' dir='ltr'><strong>deel</strong></span> <span class='ocrx_word' id='word_1_246' title='bbox 819 1703 847 1746; x_wconf 93' lang='lat'><strong>1,</strong></span> <span class='ocrx_word' id='word_1_247' title='bbox 864 1705 1127 1751; x_wconf 85' lang='lat' dir='ltr'><strong>verhandeling</strong></span> <span class='ocrx_word' id='word_1_248' title='bbox 1145 1707 1202 1742; x_wconf 83' lang='lat'><strong>17.</strong></span> <span class='ocrx_word' id='word_1_249' title='bbox 1223 1726 1267 1731; x_wconf 92' lang='lat'>—</span> <span class='ocrx_word' id='word_1_250' title='bbox 1290 1708 1481 1751; x_wconf 74' lang='lat' dir='ltr'><strong>Blikaaar</strong></span> <span class='ocrx_word' id='word_1_251' title='bbox 1504 1711 1597 1744; x_wconf 84' lang='lat' dir='ltr'><strong>staat</strong></span> <span class='ocrx_word' id='word_1_252' title='bbox 1619 1708 1673 1744; x_wconf 89' lang='lat' dir='ltr'><strong>dit</strong></span> <span class='ocrx_word' id='word_1_253' title='bbox 1695 1708 1779 1744; x_wconf 87' lang='lat' dir='ltr'><strong>stuk</strong></span> 
     </span>
    </p>
   </div>
   <div class='ocr_carea' id='block_1_5' title="bbox 538 1759 1688 1808">
    <p class='ocr_par' dir='ltr' id='par_1_7' title="bbox 538 1759 1688 1808">
     <span class='ocr_line' id='line_1_25' title="bbox 538 1759 1688 1808; baseline 0.004 -14"><span class='ocrx_word' id='word_1_254' title='bbox 538 1759 577 1794; x_wconf 88' lang='lat' dir='ltr'><strong>in</strong></span> <span class='ocrx_word' id='word_1_255' title='bbox 593 1771 660 1795; x_wconf 86' lang='lat' dir='ltr'><strong>een</strong></span> <span class='ocrx_word' id='word_1_256' title='bbox 675 1771 783 1795; x_wconf 89' lang='lat' dir='ltr'><strong>nauw</strong></span> <span class='ocrx_word' id='word_1_257' title='bbox 799 1759 1082 1805; x_wconf 85' lang='lat' dir='ltr'><strong>chronologisch</strong></span> <span class='ocrx_word' id='word_1_258' title='bbox 1094 1763 1254 1798; x_wconf 88' lang='lat' dir='ltr'><strong>verband</strong></span> <span class='ocrx_word' id='word_1_259' title='bbox 1268 1767 1342 1799; x_wconf 90' lang='lat' dir='ltr'><strong>met</strong></span> <span class='ocrx_word' id='word_1_260' title='bbox 1358 1763 1421 1798; x_wconf 91' lang='lat' dir='ltr'><strong>het</strong></span> <span class='ocrx_word' id='word_1_261' title='bbox 1436 1764 1688 1808; x_wconf 85' lang='lat' dir='ltr'><strong>voorgaande.</strong></span> 
     </span>
    </p>
   </div>
   <div class='ocr_carea' id='block_1_6' title="bbox 902 1874 1018 1920">
    <p class='ocr_par' dir='ltr' id='par_1_8' title="bbox 902 1874 1018 1920">
     <span class='ocr_line' id='line_1_26' title="bbox 902 1874 1018 1920; baseline 0.017 -2"><span class='ocrx_word' id='word_1_262' title='bbox 902 1874 1018 1920; x_wconf 81' lang='lat'>291.</span> 
     </span>
    </p>
   </div>
   <div class='ocr_carea' id='block_1_7' title="bbox 143 2002 1778 2269">
    <p class='ocr_par' dir='ltr' id='par_1_9' title="bbox 143 2002 1778 2269">
     <span class='ocr_line' id='line_1_27' title="bbox 205 2002 1778 2060; baseline 0.001 -12"><span class='ocrx_word' id='word_1_263' title='bbox 205 2004 344 2056; x_wconf 81' lang='lat'><em>1450,</em></span> <span class='ocrx_word' id='word_1_264' title='bbox 372 2004 527 2060; x_wconf 56' lang='lat' dir='ltr'><strong>Rq&#39;jsel.</strong></span> <span class='ocrx_word' id='word_1_265' title='bbox 555 2003 797 2047; x_wconf 89' lang='lat' dir='ltr'><strong>Uittreksel</strong></span> <span class='ocrx_word' id='word_1_266' title='bbox 820 2002 884 2045; x_wconf 80' lang='lat' dir='ltr'><strong>uit</strong></span> <span class='ocrx_word' id='word_1_267' title='bbox 905 2002 957 2046; x_wconf 87' lang='lat' dir='ltr'><strong>de</strong></span> <span class='ocrx_word' id='word_1_268' title='bbox 981 2002 1373 2060; x_wconf 84' lang='lat' dir='ltr'><strong>stadsrekeningen</strong></span> <span class='ocrx_word' id='word_1_269' title='bbox 1407 2018 1510 2047; x_wconf 91' lang='lat' dir='ltr'><strong>over</strong></span> <span class='ocrx_word' id='word_1_270' title='bbox 1546 2017 1652 2047; x_wconf 88' lang='lat' dir='ltr'><strong>eene</strong></span> <span class='ocrx_word' id='word_1_271' title='bbox 1687 2006 1778 2049; x_wconf 84' lang='lat' dir='ltr'><strong>aal-</strong></span> 
     </span>
     <span class='ocr_line' id='line_1_28' title="bbox 144 2072 1778 2129; baseline 0.001 -12"><span class='ocrx_word' id='word_1_272' title='bbox 144 2087 261 2117; x_wconf 89' lang='lat' dir='ltr'><strong>moes</strong></span> <span class='ocrx_word' id='word_1_273' title='bbox 298 2073 504 2116; x_wconf 88' lang='lat' dir='ltr'><strong>verleend</strong></span> <span class='ocrx_word' id='word_1_274' title='bbox 540 2086 623 2116; x_wconf 87' lang='lat' dir='ltr'><strong>aan</strong></span> <span class='ocrx_word' id='word_1_275' title='bbox 661 2072 743 2116; x_wconf 89' lang='lat' dir='ltr'><strong>den</strong></span> <span class='ocrx_word' id='word_1_276' title='bbox 780 2073 1056 2129; x_wconf 75' lang='lat' dir='ltr'><strong>augustiJner</strong></span> <span class='ocrx_word' id='word_1_277' title='bbox 1087 2072 1265 2115; x_wconf 91' lang='lat' dir='ltr'><strong>monnik</strong></span> <span class='ocrx_word' id='word_1_278' title='bbox 1296 2073 1379 2116; x_wconf 86' lang='lat' dir='ltr'><strong>Jan</strong></span> <span class='ocrx_word' id='word_1_279' title='bbox 1418 2073 1589 2125; x_wconf 85' lang='lat' dir='ltr'><strong>Marke,</strong></span> <span class='ocrx_word' id='word_1_280' title='bbox 1630 2074 1700 2117; x_wconf 88' lang='lat' dir='ltr'><strong>die</strong></span> <span class='ocrx_word' id='word_1_281' title='bbox 1733 2077 1778 2118; x_wconf 84' lang='lat' dir='ltr'><strong>te</strong></span> 
     </span>
     <span class='ocr_line' id='line_1_29' title="bbox 143 2141 1776 2200; baseline 0 -14"><span class='ocrx_word' id='word_1_282' title='bbox 143 2143 332 2187; x_wconf 84' lang='lat' dir='ltr'><strong>Atrecht</strong></span> <span class='ocrx_word' id='word_1_283' title='bbox 353 2141 602 2198; x_wconf 88' lang='lat' dir='ltr'><strong>gedurende</strong></span> <span class='ocrx_word' id='word_1_284' title='bbox 624 2155 760 2185; x_wconf 90' lang='lat' dir='ltr'><strong>zeven</strong></span> <span class='ocrx_word' id='word_1_285' title='bbox 778 2142 907 2199; x_wconf 75' lang='lat' dir='ltr'><strong>Jaren</strong></span> <span class='ocrx_word' id='word_1_286' title='bbox 927 2155 1019 2183; x_wconf 87' lang='lat' dir='ltr'><strong>was</strong></span> <span class='ocrx_word' id='word_1_287' title='bbox 1043 2154 1272 2197; x_wconf 87' lang='lat' dir='ltr'><strong>gevangen</strong></span> <span class='ocrx_word' id='word_1_288' title='bbox 1289 2145 1483 2198; x_wconf 84' lang='lat' dir='ltr'><strong>geweest</strong></span> <span class='ocrx_word' id='word_1_289' title='bbox 1500 2146 1574 2186; x_wconf 84' lang='lat' dir='ltr'><strong>ten</strong></span> <span class='ocrx_word' id='word_1_290' title='bbox 1593 2142 1776 2200; x_wconf 82' lang='lat' dir='ltr'><strong>gevolge</strong></span> 
     </span>
     <span class='ocr_line' id='line_1_30' title="bbox 143 2209 1774 2269; baseline 0 -13"><span class='ocrx_word' id='word_1_291' title='bbox 143 2225 228 2256; x_wconf 86' lang='lat' dir='ltr'><strong>van</strong></span> <span class='ocrx_word' id='word_1_292' title='bbox 250 2211 364 2269; x_wconf 76' lang='lat' dir='ltr'><strong>ziJne</strong></span> <span class='ocrx_word' id='word_1_293' title='bbox 385 2210 639 2255; x_wconf 84' lang='lat' dir='ltr'><strong>kettersche</strong></span> <span class='ocrx_word' id='word_1_294' title='bbox 663 2211 882 2267; x_wconf 89' lang='lat' dir='ltr'><strong>dolingen,</strong></span> <span class='ocrx_word' id='word_1_295' title='bbox 911 2209 1055 2254; x_wconf 88' lang='lat' dir='ltr'><strong>welke</strong></span> <span class='ocrx_word' id='word_1_296' title='bbox 1087 2210 1146 2268; x_wconf 91' lang='lat' dir='ltr'><strong>hij</strong></span> <span class='ocrx_word' id='word_1_297' title='bbox 1181 2210 1266 2253; x_wconf 87' lang='lat' dir='ltr'><strong>had</strong></span> <span class='ocrx_word' id='word_1_298' title='bbox 1302 2213 1474 2255; x_wconf 89' lang='lat' dir='ltr'><strong>moeten</strong></span> <span class='ocrx_word' id='word_1_299' title='bbox 1512 2211 1774 2269; x_wconf 87' lang='lat' dir='ltr'><strong>herroepen.</strong></span> 
     </span>
    </p>
   </div>
   <div class='ocr_carea' id='block_1_8' title="bbox 142 2334 1776 2492">
    <p class='ocr_par' dir='ltr' id='par_1_10' title="bbox 142 2334 1776 2492">
     <span class='ocr_line' id='line_1_31' title="bbox 188 2334 1776 2382; baseline 0.001 -11"><span class='ocrx_word' id='word_1_300' title='bbox 188 2337 284 2371; x_wconf 84' lang='lat'>1450.</span> <span class='ocrx_word' id='word_1_301' title='bbox 303 2335 360 2371; x_wconf 91' lang='lat' dir='ltr'><strong>On</strong></span> <span class='ocrx_word' id='word_1_302' title='bbox 376 2335 496 2370; x_wconf 89' lang='lat' dir='ltr'><strong>donne</strong></span> <span class='ocrx_word' id='word_1_303' title='bbox 509 2344 561 2370; x_wconf 76' lang='grc' dir='ltr'><strong>ΧΠ</strong></span> <span class='ocrx_word' id='word_1_304' title='bbox 586 2347 614 2370; x_wconf 81' lang='lat' dir='ltr'><strong>s,</strong></span> <span class='ocrx_word' id='word_1_305' title='bbox 635 2346 681 2369; x_wconf 89' lang='lat' dir='ltr'><strong>en</strong></span> <span class='ocrx_word' id='word_1_306' title='bbox 702 2347 718 2362; x_wconf 73' lang='lat' dir='ltr'><em>u</em></span> <span class='ocrx_word' id='word_1_307' title='bbox 736 2345 930 2371; x_wconf 86' lang='lat' dir='ltr'><strong>aumoesne</strong></span> <span class='ocrx_word' id='word_1_308' title='bbox 948 2338 969 2370; x_wconf 80' lang='lat' dir='ltr'><strong>a</strong></span> <span class='ocrx_word' id='word_1_309' title='bbox 992 2334 1064 2370; x_wconf 88' lang='lat' dir='ltr'><strong>sire</strong></span> <span class='ocrx_word' id='word_1_310' title='bbox 1086 2335 1106 2370; x_wconf 86' lang='lat' dir='ltr'><strong>J</strong></span> <span class='ocrx_word' id='word_1_311' title='bbox 1112 2335 1205 2371; x_wconf 88' lang='lat' dir='ltr'><strong>ehan</strong></span> <span class='ocrx_word' id='word_1_312' title='bbox 1227 2335 1369 2379; x_wconf 82' lang='lat' dir='ltr'><strong>Marke,</strong></span> <span class='ocrx_word' id='word_1_313' title='bbox 1396 2347 1507 2380; x_wconf 89' lang='lat' dir='ltr'><strong>poure</strong></span> <span class='ocrx_word' id='word_1_314' title='bbox 1530 2336 1709 2382; x_wconf 85' lang='lat' dir='ltr'><strong>religieux</strong></span> <span class='ocrx_word' id='word_1_315' title='bbox 1732 2338 1776 2373; x_wconf 90' lang='lat' dir='ltr'><strong>de</strong></span> 
     </span>
     <span class='ocr_line' id='line_1_32' title="bbox 142 2389 1776 2438; baseline 0.001 -11"><span class='ocrx_word' id='word_1_316' title='bbox 142 2391 275 2427; x_wconf 89' lang='lat' dir='ltr'><strong>l’ordre</strong></span> <span class='ocrx_word' id='word_1_317' title='bbox 287 2391 331 2426; x_wconf 92' lang='lat' dir='ltr'><strong>de</strong></span> <span class='ocrx_word' id='word_1_318' title='bbox 345 2389 663 2435; x_wconf 52' lang='lat' dir='ltr'><strong>sant-Augustin,</strong></span> <span class='ocrx_word' id='word_1_319' title='bbox 682 2389 747 2433; x_wconf 87' lang='lat' dir='ltr'><strong>qui</strong></span> <span class='ocrx_word' id='word_1_320' title='bbox 764 2391 865 2426; x_wconf 88' lang='lat' dir='ltr'><strong>avoit</strong></span> <span class='ocrx_word' id='word_1_321' title='bbox 881 2393 956 2426; x_wconf 78' lang='lat' dir='ltr'><strong>este</strong></span> <span class='ocrx_word' id='word_1_322' title='bbox 968 2400 1018 2426; x_wconf 85' lang='lat' dir='ltr'><strong>vu</strong></span> <span class='ocrx_word' id='word_1_323' title='bbox 1034 2402 1098 2426; x_wconf 92' lang='lat' dir='ltr'><strong>ans</strong></span> <span class='ocrx_word' id='word_1_324' title='bbox 1114 2402 1159 2426; x_wconf 89' lang='lat' dir='ltr'><strong>en</strong></span> <span class='ocrx_word' id='word_1_325' title='bbox 1175 2395 1295 2426; x_wconf 87' lang='lat' dir='ltr'><strong>cartre</strong></span> <span class='ocrx_word' id='word_1_326' title='bbox 1319 2392 1367 2437; x_wconf 82' lang='lat' dir='ltr'><strong>[a]</strong></span> <span class='ocrx_word' id='word_1_327' title='bbox 1388 2393 1511 2436; x_wconf 71' lang='lat' dir='ltr'><strong>Arias,</strong></span> <span class='ocrx_word' id='word_1_328' title='bbox 1525 2404 1617 2437; x_wconf 86' lang='lat' dir='ltr'><strong>pour</strong></span> <span class='ocrx_word' id='word_1_329' title='bbox 1633 2404 1673 2427; x_wconf 86' lang='lat' dir='ltr'><strong>ce</strong></span> <span class='ocrx_word' id='word_1_330' title='bbox 1689 2394 1776 2438; x_wconf 83' lang='lat' dir='ltr'><strong>qu’il</strong></span> 
     </span>
     <span class='ocr_line' id='line_1_33' title="bbox 143 2445 1774 2492; baseline 0.001 -10"><span class='ocrx_word' id='word_1_331' title='bbox 143 2445 242 2483; x_wconf 80' lang='lat' dir='ltr'><strong>avoit</strong></span> <span class='ocrx_word' id='word_1_332' title='bbox 270 2448 421 2491; x_wconf 78' lang='lat' dir='ltr'><strong>propose</strong></span> <span class='ocrx_word' id='word_1_333' title='bbox 437 2457 565 2482; x_wconf 89' lang='lat' dir='ltr'><strong>erreur</strong></span> <span class='ocrx_word' id='word_1_334' title='bbox 582 2456 626 2480; x_wconf 87' lang='lat' dir='ltr'><strong>en</strong></span> <span class='ocrx_word' id='word_1_335' title='bbox 643 2445 776 2480; x_wconf 86' lang='lat' dir='ltr'><strong>faisant</strong></span> <span class='ocrx_word' id='word_1_336' title='bbox 793 2458 848 2481; x_wconf 89' lang='lat' dir='ltr'><strong>ses</strong></span> <span class='ocrx_word' id='word_1_337' title='bbox 863 2446 1119 2490; x_wconf 73' lang='lat' dir='ltr'><strong>predicatione.</strong></span> <span class='ocrx_word' id='word_1_338' title='bbox 1140 2446 1329 2490; x_wconf 86' lang='lat' dir='ltr'><strong>lesquelles</strong></span> <span class='ocrx_word' id='word_1_339' title='bbox 1344 2448 1371 2482; x_wconf 92' lang='lat' dir='ltr'><strong>il</strong></span> <span class='ocrx_word' id='word_1_340' title='bbox 1387 2448 1485 2483; x_wconf 82' lang='lat' dir='ltr'><strong>avoit</strong></span> <span class='ocrx_word' id='word_1_341' title='bbox 1512 2448 1733 2492; x_wconf 63' lang='lat' dir='ltr'><strong>revoc-quies.</strong></span> <span class='ocrx_word' id='word_1_342' title='bbox 1758 2465 1774 2479; x_wconf 74' lang='lat' dir='ltr'><strong>n</strong></span> 
     </span>
    </p>
   </div>
   <div class='ocr_carea' id='block_1_9' title="bbox 489 2530 1775 2738">
    <p class='ocr_par' dir='ltr' id='par_1_11' title="bbox 489 2530 1775 2738">
     <span class='ocr_line' id='line_1_34' title="bbox 489 2530 1775 2576; baseline 0.002 -10"><span class='ocrx_word' id='word_1_343' title='bbox 489 2532 532 2567; x_wconf 90' lang='lat' dir='ltr'><strong>de</strong></span> <span class='ocrx_word' id='word_1_344' title='bbox 546 2531 599 2566; x_wconf 91' lang='lat' dir='ltr'><strong>La</strong></span> <span class='ocrx_word' id='word_1_345' title='bbox 615 2531 921 2574; x_wconf 79' lang='lat' dir='ltr'><strong>Fons-Melicocq,</strong></span> <span class='ocrx_word' id='word_1_346' title='bbox 936 2530 1156 2565; x_wconf 77' lang='lat' dir='ltr'><strong>Documents</strong></span> <span class='ocrx_word' id='word_1_347' title='bbox 1172 2531 1310 2566; x_wconf 62' lang='lat' dir='ltr'><strong>inedies</strong></span> <span class='ocrx_word' id='word_1_348' title='bbox 1319 2543 1416 2576; x_wconf 84' lang='lat' dir='ltr'><strong>pour</strong></span> <span class='ocrx_word' id='word_1_349' title='bbox 1427 2534 1548 2567; x_wconf 83' lang='lat' dir='ltr'><strong>servir</strong></span> <span class='ocrx_word' id='word_1_350' title='bbox 1561 2538 1584 2569; x_wconf 75' lang='grc' dir='ltr'><em>ὰ</em></span> <span class='ocrx_word' id='word_1_351' title='bbox 1598 2534 1775 2569; x_wconf 76' lang='lat' dir='ltr'><strong>Z&#39;histoire</strong></span> 
     </span>
     <span class='ocr_line' id='line_1_35' title="bbox 534 2586 1774 2629; baseline 0.003 -9"><span class='ocrx_word' id='word_1_352' title='bbox 534 2586 598 2620; x_wconf 80' lang='lat' dir='ltr'><strong>des</strong></span> <span class='ocrx_word' id='word_1_353' title='bbox 608 2597 742 2629; x_wconf 72' lang='lat' dir='ltr'><strong>usayes</strong></span> <span class='ocrx_word' id='word_1_354' title='bbox 752 2591 784 2619; x_wconf 87' lang='lat' dir='ltr'><strong>et</strong></span> <span class='ocrx_word' id='word_1_355' title='bbox 797 2588 860 2620; x_wconf 81' lang='lat' dir='ltr'><strong>des</strong></span> <span class='ocrx_word' id='word_1_356' title='bbox 873 2597 1010 2620; x_wconf 79' lang='lat' dir='ltr'><strong>moeurs</strong></span> <span class='ocrx_word' id='word_1_357' title='bbox 1024 2597 1102 2620; x_wconf 79' lang='lat' dir='ltr'><strong>aux</strong></span> <span class='ocrx_word' id='word_1_358' title='bbox 1115 2587 1174 2621; x_wconf 89' lang='lat' dir='ltr'><strong>XI</strong></span> <span class='ocrx_word' id='word_1_359' title='bbox 1182 2587 1224 2620; x_wconf 76' lang='lat' dir='ltr'><strong>V⁰</strong></span> <span class='ocrx_word' id='word_1_360' title='bbox 1232 2591 1263 2619; x_wconf 79' lang='lat' dir='ltr'><strong>et</strong></span> <span class='ocrx_word' id='word_1_361' title='bbox 1276 2587 1315 2621; x_wconf 93' lang='lat' dir='ltr'><em>X</em></span> <span class='ocrx_word' id='word_1_362' title='bbox 1324 2588 1366 2621; x_wconf 75' lang='lat' dir='ltr'><strong>Ve</strong></span> <span class='ocrx_word' id='word_1_363' title='bbox 1377 2588 1502 2622; x_wconf 71' lang='lat' dir='ltr'><strong>siecles</strong></span> <span class='ocrx_word' id='word_1_364' title='bbox 1517 2589 1553 2624; x_wconf 90' lang='lat' dir='ltr'><strong>in</strong></span> <span class='ocrx_word' id='word_1_365' title='bbox 1564 2589 1774 2624; x_wconf 77' lang='lat' dir='ltr'><strong>Annuaz&#39;re-</strong></span> 
     </span>
     <span class='ocr_line' id='line_1_36' title="bbox 535 2641 1771 2690; baseline 0.004 -15"><span class='ocrx_word' id='word_1_366' title='bbox 535 2642 702 2676; x_wconf 78' lang='lat' dir='ltr'><strong>Bulletin</strong></span> <span class='ocrx_word' id='word_1_367' title='bbox 720 2642 765 2675; x_wconf 83' lang='lat' dir='ltr'><strong>de</strong></span> <span class='ocrx_word' id='word_1_368' title='bbox 782 2641 820 2676; x_wconf 86' lang='lat' dir='ltr'><strong>la</strong></span> <span class='ocrx_word' id='word_1_369' title='bbox 836 2642 971 2676; x_wconf 57' lang='lat' dir='ltr'><strong>Sociale</strong></span> <span class='ocrx_word' id='word_1_370' title='bbox 988 2642 1033 2676; x_wconf 86' lang='lat' dir='ltr'><strong>de</strong></span> <span class='ocrx_word' id='word_1_371' title='bbox 1049 2641 1230 2677; x_wconf 77' lang='lat' dir='ltr'><strong>l’lzistoire</strong></span> <span class='ocrx_word' id='word_1_372' title='bbox 1242 2642 1287 2676; x_wconf 83' lang='lat' dir='ltr'><strong>de</strong></span> <span class='ocrx_word' id='word_1_373' title='bbox 1302 2643 1457 2683; x_wconf 71' lang='lat' dir='ltr'><strong>Franco,</strong></span> <span class='ocrx_word' id='word_1_374' title='bbox 1472 2648 1656 2690; x_wconf 76' lang='lat' dir='ltr'><strong>Jaargang</strong></span> <span class='ocrx_word' id='word_1_375' title='bbox 1674 2647 1771 2687; x_wconf 80' lang='lat'>1864,</span> 
     </span>
     <span class='ocr_line' id='line_1_37' title="bbox 531 2697 842 2738; baseline 0 -7"><span class='ocrx_word' id='word_1_376' title='bbox 531 2701 567 2731; x_wconf 72' lang='lat'><strong>20</strong></span> <span class='ocrx_word' id='word_1_377' title='bbox 583 2697 675 2738; x_wconf 85' lang='lat' dir='ltr'><strong>deel,</strong></span> <span class='ocrx_word' id='word_1_378' title='bbox 697 2698 763 2732; x_wconf 90' lang='lat' dir='ltr'><strong>blz.</strong></span> <span class='ocrx_word' id='word_1_379' title='bbox 783 2700 842 2733; x_wconf 82' lang='lat'><strong>97.</strong></span> 
     </span>
    </p>
   </div>
   <div class='ocr_carea' id='block_1_10' title="bbox 183 2867 1662 2970">
    <p class='ocr_par' dir='ltr' id='par_1_12' title="bbox 183 2867 1662 2970">
     <span class='ocr_line' id='line_1_38' title="bbox 183 2867 1662 2914; baseline 0.001 -11"><span class='ocrx_word' id='word_1_380' title='bbox 183 2867 230 2911; x_wconf 89' lang='lat'><strong>(1)</strong></span> <span class='ocrx_word' id='word_1_381' title='bbox 254 2867 523 2913; x_wconf 83' lang='lat' dir='ltr'><strong>Vermoedelijk</strong></span> <span class='ocrx_word' id='word_1_382' title='bbox 539 2869 656 2904; x_wconf 84' lang='lat' dir='ltr'><strong>wordt</strong></span> <span class='ocrx_word' id='word_1_383' title='bbox 670 2869 751 2905; x_wconf 90' lang='lat' dir='ltr'><strong>hier</strong></span> <span class='ocrx_word' id='word_1_384' title='bbox 767 2869 811 2905; x_wconf 85' lang='lat' dir='ltr'><strong>de</strong></span> <span class='ocrx_word' id='word_1_385' title='bbox 827 2870 978 2906; x_wconf 88' lang='lat' dir='ltr'><strong>monnik</strong></span> <span class='ocrx_word' id='word_1_386' title='bbox 992 2880 1060 2905; x_wconf 87' lang='lat' dir='ltr'><strong>van</strong></span> <span class='ocrx_word' id='word_1_387' title='bbox 1073 2870 1134 2906; x_wconf 88' lang='lat' dir='ltr'><strong>het</strong></span> <span class='ocrx_word' id='word_1_388' title='bbox 1150 2869 1380 2914; x_wconf 85' lang='lat' dir='ltr'><strong>voorgaande</strong></span> <span class='ocrx_word' id='word_1_389' title='bbox 1395 2870 1479 2905; x_wconf 87' lang='lat' dir='ltr'><strong>stuk</strong></span> <span class='ocrx_word' id='word_1_390' title='bbox 1496 2871 1662 2907; x_wconf 87' lang='lat' dir='ltr'><strong>bedoeld.</strong></span> 
     </span>
     <span class='ocr_line' id='line_1_39' title="bbox 184 2922 1582 2970; baseline 0.004 -13"><span class='ocrx_word' id='word_1_391' title='bbox 184 2922 231 2966; x_wconf 78' lang='lat'><strong>(2)</strong></span> <span class='ocrx_word' id='word_1_392' title='bbox 256 2922 311 2957; x_wconf 82' lang='lat' dir='ltr'><strong>Na</strong></span> <span class='ocrx_word' id='word_1_393' title='bbox 327 2922 468 2959; x_wconf 75' lang='lat' dir='ltr'><strong>allerlei</strong></span> <span class='ocrx_word' id='word_1_394' title='bbox 484 2923 749 2969; x_wconf 87' lang='lat' dir='ltr'><strong>uitweidingen</strong></span> <span class='ocrx_word' id='word_1_395' title='bbox 766 2925 899 2960; x_wconf 86' lang='lat' dir='ltr'><strong>besluit</strong></span> <span class='ocrx_word' id='word_1_396' title='bbox 913 2925 1052 2961; x_wconf 84' lang='lat' dir='ltr'><strong>Carlier</strong></span> <span class='ocrx_word' id='word_1_397' title='bbox 1066 2927 1139 2960; x_wconf 86' lang='lat' dir='ltr'><strong>met</strong></span> <span class='ocrx_word' id='word_1_398' title='bbox 1152 2925 1196 2961; x_wconf 86' lang='lat' dir='ltr'><strong>de</strong></span> <span class='ocrx_word' id='word_1_399' title='bbox 1211 2924 1390 2970; x_wconf 86' lang='lat' dir='ltr'><strong>volgende</strong></span> <span class='ocrx_word' id='word_1_400' title='bbox 1402 2925 1582 2962; x_wconf 84' lang='lat' dir='ltr'><strong>woorden.</strong></span> 
     </span>
    </p>
   </div>
  </div>
 </body>
</html>
