2097 3466
329 281 390 313 140
1012 278 1142 312 ANNO
1170 280 1268 312 1277

330 376 394 415 tot
427 387 530 414 eene
553 373 768 428 openbare
799 373 1156 428 tentoonstelling
1180 373 1239 415 uit
1262 372 1416 415 hoofde
1438 373 1515 416 der
1537 373 1788 431 smadelijke
1808 388 1948 418 woor-

331 441 409 483 den
436 441 540 483 door
561 441 668 484 haar
690 446 817 497 tegen
842 442 893 483 de
918 441 1094 484 Moeder
1114 441 1228 484 Gods
1251 441 1508 497 gesproken.

376 565 525 599 Mebaus
543 564 713 605 Billarde,
732 578 752 599 a
773 567 787 609 j
814 578 872 604 au.
892 578 983 610 pour
1004 566 1053 600 les
1071 565 1221 599 uileuies
1237 565 1354 608 quelle
1369 564 1437 600 dist
1459 569 1494 600 et
1514 566 1564 600 les
1585 566 1687 600 ardes
1703 565 1842 609 pax-oles
1856 565 1949 600 dele

333 620 430 653 Mero
450 620 529 653 Diu.
551 620 593 654 Et
619 620 646 653 si
674 621 710 654 su
729 621 816 654 mise
833 633 876 655 en
896 621 1040 654 les-kiele
1057 621 1102 661 (l)
1127 624 1161 654 et
1184 619 1213 653 si
1239 631 1282 653 ne
1307 623 1391 662 puet
1414 621 1556 655 revenir
1577 632 1621 655 en
1642 621 1675 655 le
1696 619 1781 655 ville
1804 631 1850 654 au
1875 619 1954 655 kief

331 675 373 706 dt·
398 675 468 713 lan,
488 674 572 708 selle
590 686 633 708 ne
655 683 797 718 raporte
822 676 831 708 i
856 689 882 708 s.
907 680 939 709 et
965 675 1001 708 xl
1022 687 1049 708 s.
1077 674 1113 708 Si
1139 674 1174 708 su
1201 673 1305 708 banie
1329 679 1363 708 et
1386 674 1474 709 mise
1496 686 1540 709 en
1564 674 1720 715 leskiele,
1739 674 1772 708 le
1795 673 1950 718 premier

333 728 387 762 ior
405 728 564 769 Daueril,
584 740 648 772 par
663 730 692 772 j.
712 730 862 763 domm-s.

678 804 926 838 Stadsarchief
938 815 1005 837 van
1026 804 1198 845 Doornik,
1217 805 1396 848 fragment
1412 815 1481 838 van
1496 804 1557 839 het
1573 805 1739 848 Reyistre
1757 803 1801 837 de
1817 803 1856 838 la
1875 803 1950 847 Loy

724 860 818 892 1275-
828 860 920 897 1276,
939 858 1131 893 hoofdstuk
1149 859 1195 892 Li
1211 859 1313 892 banit
1329 871 1352 892 a
1365 859 1389 902 j
1407 870 1468 899 anf,
1487 859 1548 893 fol.
1567 859 1736 902 2.—Wij
1753 859 1877 894 deelen
1897 858 1952 894 dit

720 915 920 954 uittrekseL
939 916 998 948 dat
1024 918 1093 948 met
1118 915 1161 948 de
1185 915 1385 957 kerkeliJke
1406 915 1593 958 Inquisitio
1615 915 1690 950 niet,
1711 915 1951 950 reehtstreeks

716 970 752 1003 in
779 970 936 1003 vcrband
964 973 1068 1010 stant,
1094 969 1176 1003 toch
1202 969 1313 1009 mede,
1339 970 1460 1004 omdat
1483 970 1543 1004 het
1571 969 1730 1004 wellicht.
1755 970 1800 1004 de
1826 969 1950 1004 oudste

716 1024 989 1067 veroordeeling
1016 1036 1103 1058 voor
1138 1024 1357 1068 blasphemie
1391 1025 1440 1065 is,
1478 1025 1566 1060 door
1597 1036 1708 1060 eenen
1738 1025 1950 1068 stedelijken

718 1079 927 1123 magistraat
953 1078 1219 1122 uitgesproken,
1245 1079 1361 1113 welke
1383 1090 1464 1114 men
1488 1079 1526 1114 in
1549 1091 1635 1115 onze
1659 1079 1947 1115 Nederlandsche

716 1134 908 1169 archieven
924 1146 988 1169 zou
1006 1134 1153 1169 kunnen
1169 1135 1379 1170 aantreffen.

1079 1272 1196 1315 146.

387 1398 524 1448 1277,
545 1399 641 1440 chlz'
664 1398 736 1439 15.
764 1397 1069 1454 Dagvaarding
1107 1413 1189 1442 van
1222 1402 1339 1441 twee
1374 1399 1605 1453 gevluchte
1638 1399 1806 1442 ketters
1844 1398 1949 1442 door

323 1467 404 1508 den
430 1466 689 1521 predikheer
705 1465 848 1508 Simon
872 1467 935 1508 Du
959 1467 1056 1517 val,
1081 1467 1339 1522 inquisiteur
1359 1467 1404 1510 in
1422 1468 1496 1510 het
1514 1467 1764 1524 koninkrijk
1781 1467 1948 1510 Frank-

323 1535 425 1591 rijk.
455 1560 508 1565 —
532 1535 591 1576 De
614 1534 873 1590 inquisiteur
909 1535 1081 1578 beveelt
1117 1536 1261 1593 zijnen
1296 1534 1624 1578 medebroeders
1661 1536 1738 1578 der
1775 1535 1947 1592 predik·

323 1603 591 1646 heerenorde
614 1616 667 1645 en
691 1603 771 1645 den
791 1603 998 1659 gardiaan
1023 1605 1099 1647 der
1115 1603 1506 1655 minderbroeders‚
1528 1604 1602 1647 dat
1618 1605 1690 1662 zij,
1711 1603 1949 1647 krachtens

322 1673 434 1729 zijne
477 1672 765 1727 apostolische
812 1673 1124 1728 inquisitoriale
1168 1674 1315 1716 macht
1367 1673 1409 1715 in
1453 1672 1706 1730 FrankriJk.
1763 1676 1950 1716 meester

322 1741 495 1796 Sigerus
519 1754 603 1782 van
627 1739 820 1783 Brabant
842 1755 895 1783 en
919 1745 1106 1784 meester
1122 1743 1339 1785 Bernerus
1359 1756 1443 1784 van
1461 1741 1618 1799 Nijvel‚
1641 1741 1762 1784 beide
1779 1741 1948 1783 kanun-

324 1810 454 1852 niken
477 1810 554 1852 der
587 1809 964 1853 St—Martenskerk
1002 1815 1046 1853 te
1083 1811 1206 1860 Luik‚
1235 1811 1301 1854 die
1323 1824 1407 1854 van
1441 1810 1616 1867 ketterij
1646 1810 1689 1852 in
1713 1809 1947 1867 Frankrijk

322 1879 529 1934 gepleegd
552 1879 674 1921 sterk
707 1878 915 1922 verdacht
938 1880 1131 1931 worden,
1169 1880 1361 1935 plechtig
1396 1879 1672 1935 dagvaarden
1702 1878 1844 1921 zullen
1876 1892 1948 1920 om

323 1947 416 1989 zich
438 1947 518 1989 deu
542 1948 710 2003 zondag
734 1962 788 1991 na
810 1948 861 1990 de
895 1952 1045 1990 octave
1069 1962 1153 1990 van
1187 1947 1626 2004 Driekoningenseest
1657 1947 1733 2002 (16
1768 1947 1948 1990 ‚Ianuari

329 2015 457 2072 1278)
495 2017 538 2058 in
582 2016 633 2059 de
676 2017 770 2059 stad
802 2016 1132 2066 Saint-Quentin
1170 2015 1276 2059 νὸόι·
1313 2016 1411 2059 hem
1451 2021 1493 2060 te
1532 2017 1688 2059 komen
1726 2015 1948 2058 verrecht-

326 2085 577 2141 vaardigen.

370 2209 496 2242 Frater
513 2208 645 2252 Symon
663 2209 706 2243 de
723 2209 837 2250 Valle,
863 2209 1000 2244 ordinis
1028 2211 1179 2244 fratrum
1204 2209 1506 2253 praedicatorum,
1532 2207 1726 2252 inquisitor
1747 2206 1950 2243 haereticae

325 2263 511 2306 pravitatis
542 2263 756 2298 auctoritate
786 2264 982 2306 apostoliea
1009 2264 1047 2298 in
1074 2276 1187 2308 regno
1215 2264 1391 2298 Franciae
1419 2264 1622 2307 deputatus,
1650 2261 1831 2307 religiosis
1860 2260 1949 2296 viris

324 2319 476 2353 fratrum
495 2318 782 2362 praedicatorum
799 2323 833 2353 et
853 2319 1028 2363 gardiano
1053 2320 1206 2353 fratrum
1223 2319 1403 2353 minorum
1420 2322 1456 2353 et
1473 2330 1599 2353 eorum
1615 2318 1711 2353 vices
1725 2317 1945 2362 gerentibus,

324 2373 474 2407 salutem
492 2373 529 2407 in
546 2376 692 2407 auctore
708 2378 742 2407 et
760 2378 1046 2409 consummatore
1063 2374 1145 2408 fidei
1163 2374 1260 2409 Jesu.

370 2428 458 2462 Cum
478 2428 513 2461 in
531 2428 739 2462 authentico
759 2428 955 2472 apostolico
973 2429 1075 2463 nobis
1100 2429 1373 2472 inquisitoribus
1390 2428 1497 2462 misso
1522 2427 1750 2463 contineatur
1772 2438 1946 2471 expresse,

326 2484 420 2526 quod
438 2494 501 2517 nos
513 2482 711 2524 citationes,
723 2483 1005 2518 examinationes
1022 2483 1177 2525 testium,
1190 2483 1486 2518 denunciationes
1501 2482 1761 2518 sententiarum
1775 2481 1948 2517 fratribus

326 2539 461 2572 ordinis
478 2539 765 2582 praedicatorum
789 2542 823 2573 et
846 2539 1026 2573 minorum
1052 2551 1238 2582 possumus
1254 2538 1489 2580 committere,
1509 2550 1580 2573 non
1604 2538 1765 2572 obstante
1788 2537 1948 2581 quolibet,

329 2594 519 2638 privilegio
546 2606 567 2627 a
591 2595 672 2628 sede
699 2594 894 2637 apostoliea
918 2594 984 2628 sibi
1013 2594 1108 2635 dato,
1135 2605 1273 2628 necnon
1297 2597 1332 2628 et
1355 2594 1450 2637 quod
1474 2604 1538 2627 nos
1565 2596 1690 2627 eontra
1711 2603 1783 2633 eos,
1819 2591 1881 2636 qui
1908 2591 1947 2626 in

329 2648 479 2683 erimine
495 2648 652 2683 haeresis
668 2648 707 2682 in
723 2660 835 2692 regno
853 2648 1028 2682 Franciae
1042 2651 1279 2692 peecaverunt
1291 2651 1327 2683 et
1339 2660 1375 2682 se
1388 2648 1433 2682 ad
1450 2650 1567 2691 partes
1583 2646 1671 2680 alias
1686 2645 1948 2680 transtulerunt

327 2704 438 2737 libere
455 2704 710 2746 procedamus3
737 2715 808 2746 qua
832 2703 1019 2747 fungimur
1043 2703 1257 2737 auctoritate
1283 2702 1382 2737 vobis
1405 2705 1440 2737 et
1463 2701 1612 2736 cuilibet,
1633 2703 1790 2735 vestrum
1813 2698 1947 2743 praeei-

304 2773 308 2777 ·
329 2759 457 2802 [ιίοηάο
481 2759 702 2799 mandamus,
722 2762 897 2801 quatenus
921 2758 1131 2801 magistrum
1151 2757 1353 2801 Suggerum
1371 2758 1415 2792 de
1429 2755 1630 2791 Verbaneio
1645 2755 1751 2797 (leesz
1778 2754 1946 2799 Sigerum

369 2889 413 2927 (1)
438 2886 491 2929 Op
507 2898 592 2920 eene
609 2887 739 2921 andere
756 2887 870 2929 plaats
887 2898 955 2921 van
971 2886 1032 2921 het
1048 2887 1214 2930 Reyisere
1231 2886 1317 2921 leest
1332 2897 1413 2926 men
1428 2897 1435 2919 ε
1457 2899 1472 2913 ιι
1493 2886 1537 2922 Et
1558 2886 1596 2920 fu
1613 2883 1680 2918 mis
1696 2895 1741 2924 en
1762 2881 1945 2933 lesquielle

325 2945 358 2977 et
377 2941 507 2985 pillory
523 2944 638 2976 estant
655 2953 701 2975 au
719 2941 866 2984 beffroy.
889 2957 903 2970 „
