2097 3466
815 261 948 300 ANNO
974 265 1074 300 1373
1701 267 1765 304 227

135 355 333 398 declarant,
350 356 396 392 ad
419 355 649 401 extirpandos
673 356 710 392 in
738 358 901 402 partibus
923 358 1057 393 eisdem
1078 357 1256 402 quoslibet
1281 356 1481 393 haereticos
1504 361 1540 395 ct
1561 359 1767 405 specialiter

136 411 183 447 ad
197 411 436 446 eliminandos
447 415 483 447 et
497 412 731 447 destruendos
741 412 786 448 de
802 412 920 448 medio
937 412 1098 447 fidelium
1115 411 1352 456 particulares
1364 416 1477 448 sectas
1491 413 1766 459 Beghardorum

135 469 172 502 et
194 466 454 512 Beguinarum,
488 479 580 511 quae
611 467 808 512 plurimum
838 468 877 503 in
909 467 1159 503 Allemanniae
1190 467 1352 512 partibus
1384 469 1566 512 pullulare
1595 470 1768 506 dicuntur

134 520 289 565 dyabolo
312 521 529 566 instigante:
559 533 623 556 nos
647 522 782 567 itaque,
801 525 842 558 ut
857 522 1023 565 validius,
1051 523 1290 566 praestantius
1305 525 1342 558 et
1363 523 1545 558 efficacius
1563 525 1768 568 praedictus

135 576 250 612 frater
263 576 446 612 Johannes
469 576 508 612 in
532 580 605 612 tam
629 582 752 613 sancto
779 581 924 622 tamque
941 578 1078 613 salubri
1101 577 1220 613 officio
1243 578 1373 613 melius
1398 579 1590 622 procedere
1614 584 1650 616 et
1673 582 1769 617 idem

136 630 295 666 officium
321 631 360 666 in
386 631 456 667 hac
483 635 586 677 parte
610 632 678 667 sibi
702 633 931 668 commissum
956 632 1067 677 possit
1090 633 1217 668 utilius
1239 644 1407 669 exercere
1435 633 1474 668 in
1502 635 1661 670 favorem
1685 634 1769 672 fidei

134 685 340 730 praedictae
356 686 589 729 orthodoxae,
608 687 730 723 animo
752 687 962 730 deliberato,
989 700 1032 724 ex
1049 691 1148 724 certa
1172 690 1294 723 nostra
1318 688 1470 724 scientia
1494 700 1536 724 ac
1563 689 1769 736 principum

136 743 342 776 nostrorum
370 742 563 777 accedente
590 742 752 784 consilio,
783 743 998 779 auctoritate
1025 743 1206 787 imperiali
1234 743 1356 778 omnia
1388 743 1593 789 privilegia,
1623 749 1767 789 statuta,

135 795 284 840 gratias,
310 795 567 842 indulgentias,
587 797 842 842 exemptiones
868 797 1114 834 immunitates
1138 801 1174 834 et
1197 798 1381 834 libertates
1398 811 1462 844 per
1477 813 1620 838 sacrum
1637 803 1768 839 Roma-

134 861 223 885 num
246 850 452 895 imperium,
473 863 537 896 per
564 864 628 887 nos
644 853 744 897 prius
767 865 811 888 ac
837 865 902 897 per
923 853 1024 889 divos
1048 854 1336 898 praedecessores
1353 859 1493 892 nostros
1520 857 1767 902 imperatores,

134 904 294 941 illustres
309 917 452 950 quoque
468 918 572 952 reges
589 908 849 950 Romanorum,
870 909 1058 950 Franciae,
1077 909 1258 952 Boemiae,
1278 911 1444 956 Angliae,
1464 912 1622 956 Siciliae,
1642 915 1768 960 Hispa-

135 960 229 1003 niae,
259 960 457 1006 Ungariae,
493 963 750 1005 Nei'mandiae,
784 963 928 1004 Daciae,
959 963 1132 999 Poloniae
1162 976 1204 999 ac
1236 965 1429 1010 principes,
1462 969 1582 1012 duces,
1616 970 1766 1013 nobiles,

135 1018 326 1060 potestates
349 1027 392 1050 ac
418 1027 484 1060 per
510 1028 742 1061 quoscunque
771 1020 1019 1063 cujuscunque
1050 1019 1267 1054 conditionis
1293 1020 1464 1064 existunt,
1495 1035 1679 1060 concessas
1706 1038 1768 1061 seu

134 1071 237 1106 datas
252 1071 370 1107 officio
385 1070 634 1116 Inquisitionis
649 1083 711 1107 seu
732 1071 1010 1116 inquisitoribus
1025 1072 1292 1109 haereticorum
1308 1074 1596 1123 quibuscumque
1611 1081 1769 1124 quando·

135 1137 291 1170 cumque
313 1126 522 1170 ubicunque
549 1130 585 1162 et
611 1127 897 1171 quotiescunque
920 1127 959 1162 in
975 1127 1108 1170 Ytaha,
1129 1128 1247 1163 Gallia
1270 1132 1306 1164 et
1329 1129 1523 1167 Germania
1545 1134 1603 1168 vel
1626 1134 1770 1178 quibus-

135 1191 278 1226 cunque
301 1181 383 1217 aliis
406 1181 497 1217 locis
520 1193 582 1216 seu
606 1181 733 1217 mundi
758 1182 934 1227 partibus,
953 1183 1176 1228 conjunctim
1192 1184 1249 1219 vel
1275 1184 1432 1228 divisim,
1451 1198 1516 1231 pro
1539 1188 1636 1224 dicto
1659 1190 1772 1226 fratre

134 1235 301 1272 Johanne
324 1237 539 1281 inquisitore
561 1237 789 1280 innovamus,
817 1239 1058 1282 approbamus
1084 1243 1121 1274 et
1144 1240 1402 1276 confirmamus
1425 1253 1468 1277 ac
1491 1242 1530 1278 in
1553 1256 1618 1279 suo
1640 1246 1771 1281 robore

134 1292 301 1328 volumus
325 1303 549 1337 permanere,
577 1292 767 1338 ipsumque
793 1293 1050 1338 inquisitorum
1077 1293 1291 1340 privilegiis,
1313 1297 1468 1340 statutis,
1485 1299 1626 1344 gratiis,
1651 1300 1770 1336 indul-

132 1348 278 1393 gentiis,
304 1348 604 1393 exemptionibus,
634 1348 862 1385 libertatibus
885 1361 928 1384 ac
955 1349 1121 1385 omnibus
1145 1354 1180 1386 et
1203 1350 1356 1396 singulis
1379 1352 1587 1397 huiusmodi
1611 1357 1770 1400 gaudere

134 1403 301 1439 volumus
316 1404 422 1448 pleno
440 1405 526 1448 jure
541 1406 577 1438 et
600 1403 837 1439 nihilominus
852 1403 1062 1449 huiusmodi
1084 1404 1278 1451 privilegia
1294 1408 1416 1442 omnia
1431 1411 1467 1444 et
1483 1409 1639 1455 singula,
1658 1411 1768 1456 impe-

133 1457 218 1494 riali
234 1458 450 1494 auctoritate
465 1458 650 1501 innovata,
667 1459 877 1503 approbata,
893 1460 1108 1495 confirmata
1122 1463 1158 1496 et
1173 1472 1341 1496 concessa
1357 1474 1423 1506 pro
1439 1463 1584 1500 insertis
1596 1465 1770 1501 habemus

133 1516 171 1550 et
185 1514 321 1550 habere
335 1515 514 1556 volumus,
533 1513 607 1549 acsi
630 1525 757 1550 eorum
781 1514 1005 1550 continentia
1028 1514 1261 1561 ipsorumque
1284 1520 1379 1552 totus
1405 1521 1510 1554 tenor
1531 1520 1576 1555 de
1599 1521 1709 1556 verbo
1725 1522 1772 1557 ad

133 1569 284 1604 verbum
308 1569 347 1604 in
370 1568 618 1614 praesentibus
642 1572 760 1605 essent
783 1569 922 1612 inserti,
942 1581 1015 1605 non
1029 1570 1255 1607 obstantibus
1279 1573 1432 1618 legibus,
1446 1574 1605 1619 juribm,
1624 1587 1770 1612 consue-

132 1623 320 1659 tudinibus
350 1635 413 1660 seu
444 1623 587 1660 statutis
617 1624 810 1660 contrariis
841 1625 1140 1670 quibuscumque,
1174 1627 1306 1671 quibus
1341 1629 1381 1664 in
1419 1633 1595 1674 quantum
1623 1631 1771 1668 obviare

133 1681 281 1723 possunt
297 1679 556 1724 praesentibus,
574 1679 614 1714 in
636 1682 753 1715 totum
769 1680 826 1715 vel
847 1680 972 1725 aliqua
995 1680 1051 1715 sui
1075 1684 1194 1726 partes
1210 1683 1254 1718 de
1270 1686 1368 1719 certa
1384 1684 1536 1721 scientia
1558 1690 1594 1722 et
1616 1686 1769 1731 impera-

133 1733 249 1770 toriae
264 1734 449 1779 potestatis
465 1735 691 1780 plenitudine
706 1736 934 1781 derogamus.

177 1790 314 1827 Verum
340 1803 423 1826 cum
451 1792 569 1828 dictus
594 1793 789 1837 inquisitor
812 1793 1053 1837 libertatibus,
1080 1795 1295 1841 privilegiis,
1321 1796 1461 1842 gratiis,
1480 1797 1769 1843 exemptionibus

132 1848 169 1883 et
183 1845 421 1893 indulgentiis
436 1847 475 1882 in
491 1849 652 1884 favorem
665 1849 776 1884 officii
792 1850 981 1893 concessis,
997 1851 1102 1886 factis
1118 1854 1155 1887 et
1166 1851 1260 1887 datis
1275 1864 1319 1887 ac
1334 1852 1569 1897 imperatoria
1582 1856 1766 1898 potestate,

132 1904 174 1938 ut
188 1902 444 1946 praemittitur,
464 1903 686 1940 confirmatis
702 1905 748 1939 ad
763 1905 911 1949 plenum
926 1905 980 1941 uti
1003 1909 1038 1941 et
1062 1907 1222 1951 gaudere
1239 1919 1311 1942 non
1327 1908 1438 1952 possit
1461 1911 1496 1944 et
1518 1908 1588 1944 sibi
1605 1909 1769 1944 commis-

132 1968 212 1992 sum
235 1957 483 2002 Inquisitionis
498 1958 658 1994 officium
672 1959 821 1995 realiter
843 1972 1022 2003 exercere,
1042 1961 1110 1996 nisi
1136 1965 1318 1998 certorum
1342 1966 1529 2008 potentum
1545 1966 1770 1999 conservato-

132 2023 214 2047 rum
241 2012 415 2048 fulciatur
436 2013 585 2054 auxilio,
607 2014 794 2058 signanter
816 2014 976 2057 illorum,
1006 2027 1162 2060 quorum
1188 2017 1350 2061 potentia
1376 2021 1411 2053 et
1438 2018 1573 2054 virtute
1600 2019 1766 2054 extermi—

131 2070 264 2102 nentur
286 2067 472 2110 haeretici,
497 2069 730 2113 corrigantur
752 2073 788 2105 et
815 2070 1015 2114 puniantur
1038 2082 1190 2113 errores,
1209 2083 1251 2106 ac
1276 2073 1423 2116 quaevis
1446 2073 1583 2109 dictum
1607 2075 1767 2110 officium

131 2122 378 2167 Inquisitionis
402 2125 655 2159 concernentia
671 2125 873 2160 executioni
897 2126 1038 2161 debitae
1055 2130 1225 2170 poterunt
1247 2129 1470 2170 demandari,
1489 2131 1648 2165 volentes
1668 2131 1766 2166 dicto

130 2177 337 2222 inquisitori
360 2183 395 2214 et
418 2179 537 2214 officio
559 2179 807 2224 Inquisitionis
822 2181 1016 2216 salubriter
1033 2182 1232 2225 providere,
1251 2195 1314 2218 vos
1337 2184 1636 2229 archiepiscopos,
1655 2186 1764 2221 duces

131 2236 167 2267 et
189 2233 337 2268 comites
360 2234 583 2278 supradictos
606 2239 642 2270 et
665 2235 860 2278 quemlibet
887 2239 1046 2271 vestrum
1070 2236 1266 2272 insolidum
1294 2249 1469 2281 creamuS,
1497 2240 1762 2281 constituimus,

131 2287 340 2322 ordinamus
366 2292 401 2324 et
428 2289 581 2323 facimus
607 2289 651 2324 de
678 2296 776 2325 certa
800 2291 951 2326 seientia
973 2295 1009 2326 et
1037 2292 1212 2327 Caesarea
1237 2296 1409 2336 potestate
1437 2298 1706 2329 conservatores
1729 2298 1765 2330 et

129 2341 333 2377 defensores
359 2343 446 2377 dicti
474 2343 697 2386 inquisitoris
721 2348 755 2378 et
782 2344 891 2379 officii
919 2345 1167 2389 Inquisitionis
1190 2358 1329 2382 necnon
1353 2348 1516 2383 omnium
1540 2349 1761 2391 libertatum,

130 2396 410 2441 exemptionum,
428 2398 716 2442 privilegiorum.
741 2399 944 2444 gratiarum
968 2404 1003 2435 et
1027 2400 1250 2436 indultorum
1275 2406 1347 2438 tam
1373 2404 1492 2439 officio
1517 2404 1765 2448 Inquisitionis

130 2451 336 2497 hujusmodi
362 2465 470 2497 quam
491 2454 560 2488 sibi
582 2455 760 2495 datorum,
785 2456 1080 2490 confirmatorum
1108 2468 1169 2491 seu
1199 2459 1469 2501 quomodolibet
1496 2471 1759 2501 concessorum,

131 2507 393 2543 committentes
405 2509 506 2544 vobis
517 2521 559 2544 ac
576 2509 724 2545 cuilibet
741 2515 899 2545 vestrum
912 2522 953 2545 ac
969 2512 1121 2547 firmiter
1132 2517 1167 2547 et
1183 2513 1345 2549 districte
1360 2515 1571 2551 mandantes
1584 2520 1761 2560 quatenus

129 2573 272 2598 exnunc
295 2563 334 2599 in
356 2568 462 2600 antea
485 2567 668 2608 tamquam
685 2573 952 2601 conservatores
968 2578 1010 2600 ac
1027 2567 1230 2603 defensores
1246 2569 1291 2603 ad
1308 2569 1376 2603 hoc
1399 2570 1614 2606 auctoritate
1633 2572 1758 2606 Cacsa-

130 2627 193 2652 rea
221 2617 383 2662 deputati
412 2622 533 2654 nostro
559 2623 593 2654 et
622 2619 765 2664 imperii
793 2620 939 2656 nominc
965 2625 1072 2665 atque
1104 2621 1182 2657 vice
1213 2623 1350 2658 dictum
1379 2625 1528 2659 fratrem
1558 2625 1762 2660 Johanncm

130 2671 380 2717 inquisitorem
411 2686 475 2719 per
501 2675 678 2711 dioeceses
706 2675 930 2720 supradictas
957 2677 995 2711 in
1023 2677 1201 2713 universis
1230 2679 1332 2721 locis,
1365 2680 1518 2725 singulis
1550 2681 1768 2726 privilegiis,

131 2728 432 2771 concessionibus,
473 2729 634 2771 indultis
676 2730 914 2772 libertatibus,
942 2732 1089 2776 juribus
1120 2735 1156 2767 et
1186 2734 1317 2778 gratiis
1349 2737 1422 2769 tam
1455 2746 1627 2778 personae
1657 2747 1765 2780 quam

131 2781 379 2826 Inquisitionis
394 2784 513 2819 officio
529 2784 796 2829 quomodolibet
819 2785 996 2821 concessis
1019 2790 1054 2821 et
1077 2786 1170 2821 datis
1199 2799 1338 2823 necnon
1363 2788 1401 2823 in
1424 2789 1648 2825 assecutione
1676 2790 1768 2825 reali

129 2837 258 2873 tertiae
274 2838 385 2882 partis
401 2838 565 2874 omnium
582 2840 759 2874 bonorum
777 2839 965 2875 mobilium
982 2845 1018 2876 et
1042 2841 1284 2877 immobilium
1310 2842 1472 2877 omnium
1489 2848 1525 2878 et.
1540 2843 1768 2888 singulorum

131 2891 399 2930 haereticorum
416 2894 691 2940 Beghardorum
707 2898 743 2931 ct
759 2895 1008 2940 Beghinarum
1025 2907 1089 2941 per
1104 2897 1219 2932 dictas
1234 2897 1412 2933 dioeceses
1429 2898 1637 2943 ubicunque
1654 2911 1771 2944 reper-

131 2950 252 2984 torum
283 2952 318 2985 et
345 2949 643 2994 reperiendorum
675 2950 871 2986 secundum
903 2954 1062 2986 tenorem
1095 2952 1371 2996 apostolicarum
1403 2954 1590 2989 literarum
1619 2955 1772 2999 desuper
