2097 3466
790 228 921 263 ANNO
948 230 1047 263 1183
1682 232 1724 264 49

99 325 197 382 Jare
231 323 344 368 1183
376 337 429 380 op
450 322 572 367 bevel
593 337 676 367 van
699 324 891 376 Willem‚
919 325 1237 383 aartsbisschop
1260 340 1345 370 van
1368 328 1512 372 Reims
1535 341 1589 372 en
1621 329 1726 372 liar-⁴

105 392 263 445 dinaal,
292 407 345 435 en
367 407 450 436 van
473 393 636 450 Philips
658 407 742 436 van
765 394 847 436 den
866 395 1004 448 EIzas,
1025 395 1153 451 graaf
1168 409 1251 439 van
1275 397 1565 442 Vlaanderen.

148 517 283 553 Eodem
306 522 466 562 tempore
481 518 592 563 (1183)
609 519 784 553 combusti
808 524 891 571 sugit
920 522 1023 556 multi
1049 519 1223 556 haeretici
1249 520 1286 554 in
1304 519 1474 555 Flandria
1492 533 1512 555 a
1531 522 1722 558 Guillelmo

105 575 302 610 reverendo
329 574 562 609 Remensium
589 574 872 619 archiepiscopo,
892 576 988 611 tituli
1018 582 1162 612 sanctae
1187 576 1341 611 Sabinae
1373 576 1580 620 presbytero
1611 576 1724 610 cardi-

105 629 193 672 nali,
211 629 428 675 apostolicae
444 629 536 664 sedis
553 629 683 674 legato,
704 634 738 664 et
756 641 777 664 a
795 630 965 675 Philippo
983 631 1115 666 illustri
1133 630 1263 666 comite
1280 629 1570 665 Flandrensium.

454 707 563 743 Gesta
576 707 631 742 Ph
639 707 749 753 ilippz·
761 709 930 753 Αιιῃιιείἰ,
945 710 1175 743 Francorum
1187 710 1297 753 reglis,
1312 708 1492 752 descripta
1510 719 1531 742 a
1555 708 1728 752 magistro

497 762 671 805 Rigordo,
692 763 802 807 ipsius
818 764 914 808 regis
935 764 1225 809 chronographo,
1244 765 1288 798 ab
1313 775 1425 798 anno.
1438 787 1446 796 .
1461 787 1469 796 .
1482 787 1491 796 .
1514 765 1597 798 1179
1621 774 1730 806 usque

496 818 539 851 ad
557 829 692 852 annum
717 821 811 859 1208,
832 819 1047 863 uitgegeven
1071 820 1119 863 bij
1150 819 1240 854 Dom
1267 820 1445 862 Bouquet,
1472 817 1632 860 Rectam,
1651 818 1730 853 deel

493 872 607 912 XVII,
639 873 703 907 blz.
738 875 797 915 113
831 885 874 908 cn
905 874 952 916 bij
987 873 1103 916 Pertz,
1136 874 1388 916 Monumenta,
1413 873 1625 917 Scriptores,
1649 871 1728 907 deel

493 926 627 968 XXVI,
646 928 711 961 blz.
731 930 813 962 288.

871 1054 956 1099 50.

169 1179 306 1230 1183,
357 1180 654 1224 Vlaanderen.
704 1181 944 1225 Uittreksel
986 1181 1051 1224 uit
1093 1181 1352 1224 Vincentius
1395 1193 1478 1224 van
1522 1181 1732 1225 Beauvais

102 1247 308 1306 (†1264)
345 1262 450 1291 over
479 1250 554 1293 het
586 1250 858 1293 verbranden
890 1265 974 1293 van
1008 1250 1183 1307 talrijke
1216 1250 1387 1292 ketters
1417 1263 1468 1306 op
1496 1249 1619 1293 bevel
1645 1265 1728 1293 van

103 1317 297 1369 Willem‚
323 1317 640 1374 aar-tsbisschop
666 1333 747 1363 vau
781 1320 944 1372 Reims,
970 1334 1023 1362 en
1056 1333 1140 1362 van
1174 1319 1256 1362 den
1280 1319 1571 1362 Vlaamschen
1606 1319 1734 1375 graaf

105 1384 269 1442 Philips
290 1400 374 1428 van
398 1387 481 1429 den
503 1388 644 1430 Elzas.

147 1497 281 1535 Eodem
308 1504 468 1545 tempore
494 1502 599 1536 multi
628 1501 780 1537 heretici
808 1502 846 1536 in
874 1502 1047 1537 Fl-mdria
1072 1500 1250 1537 combusti
1275 1504 1359 1535 sint
1388 1501 1433 1535 ab
1457 1500 1727 1545 archiepiscopo

109 1554 279 1591 Remensi
297 1555 497 1592 Guillermo
515 1561 549 1592 et
565 1558 696 1592 comite
713 1557 990 1592 Flandrensium
1007 1557 1141 1591 illustri
1159 1556 1342 1600 Philippo.

450 1634 664 1671 Vincentius
698 1636 982 1679 Bellovacensis‚
1016 1635 1210 1680 Speculum
1237 1633 1447 1676 historiale,
1488 1634 1551 1669 lib.
1584 1634 1725 1676 XXIX,

494 1703 570 1735 cap.
590 1693 649 1726 26.
671 1711 710 1716 —
729 1691 898 1727 Vermeld
922 1691 961 1725 in
988 1692 1031 1725 de
1058 1690 1251 1724 Oenotriae
1275 1689 1599 1733 Maydeburyicae‚
1625 1693 1723 1724 cent.

491 1747 576 1790 XII,
594 1748 666 1782 blz.
688 1750 769 1783 344.

874 1842 953 1885 51.

165 1968 301 2019 1183,
330 1969 516 2012 Atrea-hc
549 1981 602 2011 en
638 1969 807 2012 andere
821 1970 1049 2025 plaatsen.
1078 1967 1319 2011 Uittreksel
1353 1967 1415 2010 uit
1438 1966 1489 2009 de
1522 1967 1728 2022 Epz'come

102 2050 184 2080 van
207 2038 289 2080 den
313 2038 552 2095 tijdgenoot
574 2039 770 2080 Andreas
787 2037 942 2081 Silvius
966 2051 1069 2079 over
1093 2036 1283 2079 dezelfde
1300 2035 1721 2091 kettervervolging.

101 2131 158 2138 —
180 2107 361 2151 Water-
384 2122 435 2151 en
460 2107 700 2163 vuurproef
718 2107 892 2150 worden
921 2106 1129 2149 vermeld.

149 2216 253 2251 Anno
269 2216 377 2251 tertio
400 2217 496 2262 regis
523 2217 696 2261 Philippi.
717 2217 754 2252 in
770 2228 884 2261 regno
901 2221 976 2261 ejiis
993 2216 1168 2251 haeretici
1186 2215 1291 2250 multi
1315 2217 1399 2249 sunt
1422 2212 1648 2257 deprehensi,
1666 2212 1729 2255 qui

104 2270 285 2305 industria
300 2271 481 2306 Willelmi
499 2271 760 2315 archiepiscopi
787 2272 974 2306 Remensis
991 2276 1025 2306 et
1042 2271 1204 2314 Philippi
1227 2269 1370 2304 comitis
1394 2269 1432 2302 in
1456 2267 1604 2301 civitate
1627 2267 1728 2301 Atre-

103 2326 241 2361 batensi
261 2330 295 2361 et
312 2327 348 2361 in
366 2327 491 2362 multis
508 2327 590 2361 aliis
606 2327 693 2361 locis
709 2331 792 2361 sunt
805 2326 889 2361 ferri
902 2326 1043 2371 Judicio
1056 2330 1091 2361 et
1108 2337 1221 2369 aquae
1238 2323 1446 2364 examinati,
1464 2327 1498 2357 et
1515 2322 1727 2365 deprehensi

102 2385 186 2416 sunt
202 2382 357 2416 flammis
373 2382 510 2417 traditi.

452 2461 619 2505 Epitome
642 2460 816 2495 Andreae
842 2459 951 2493 Silvia·
977 2460 1122 2504 prioris
1152 2456 1454 2492 Marchz'ancnsis
1484 2455 1528 2488 dc
1555 2456 1667 2499 qestis
1695 2459 1730 2488 et

493 2518 717 2550 successione
744 2527 874 2559 reyum
902 2516 1134 2549 Francorwn
1162 2515 1210 2556 bij
1243 2514 1333 2548 Dom
1363 2514 1538 2554 Bouquet,
1565 2509 1727 2550 Recuezl,

494 2569 572 2604 deel
588 2568 723 2610 XVIII,
743 2568 814 2602 blz.
836 2570 900 2603 555
916 2579 960 2602 en
977 2569 1058 2602 556.

875 2703 964 2747 52.

164 2830 302 2881 1183,
340 2830 637 2874 Vlaanderen.
664 2829 904 2873 Uittreksel
938 2829 1000 2872 uit
1032 2828 1083 2871 de
1115 2827 1294 2886 kronijk
1327 2842 1410 2871 van
1443 2828 1620 2872 Willem
1643 2841 1726 2870 van

101 2898 267 2957 Nangis
289 2913 395 2943 over
416 2899 604 2943 dezelfde
626 2899 1046 2955 kettervervolging.
1078 2923 1124 2929 -·
1153 2899 1356 2954 Degenen
1380 2897 1516 2941 onder
1547 2897 1599 2940 de
1633 2911 1730 2940 ver-

1558 2993 1577 3024 4
