2097 3466
887 227 1019 264 ANNO
1046 223 1145 263 1368
1764 226 1827 264 207

200 325 298 380 zegt
319 322 510 380 gehoord
532 325 576 366 te
597 322 780 374 hebben,
801 323 876 367 dat
898 323 966 367 die
989 323 1161 381 ketterij
1188 323 1230 366 in
1248 322 1397 366 hunne
1420 324 1643 379 gewesten
1660 323 1821 376 woedt,

199 408 253 437 en
270 393 329 450 hij
351 391 517 436 beveelt
539 392 629 435 hun
647 392 975 450 uitdrukkelijk‚
998 392 1072 437 dat
1089 393 1140 448 zij
1162 392 1306 449 zijnen
1331 391 1587 447 inquisiteur
1606 392 1828 450 Lodewijk

199 462 251 505 de
268 461 430 518 Caliga,
447 461 719 517 predikheer‚
743 461 929 504 alsmede
947 462 1030 504 den
1049 462 1238 505 anderen
1258 460 1525 517 pauselijken
1545 461 1825 517 inquisiteurs

133 547 135 549 ·
199 544 252 574 en
275 531 453 573 hunnen
475 530 711 573 vicarissen
730 530 1010 588 vrijgeleiden
1030 530 1194 573 zouden
1212 529 1446 572 verleenen
1466 543 1518 572 en
1540 530 1602 573 uit
1622 530 1661 572 al
1680 530 1828 573 hunne

198 600 344 643 macht
377 598 564 656 bijStaan
589 600 629 642 in
658 599 733 642 het
756 613 928 656 vangen
963 613 1014 642 en
1040 599 1246 642 bewaren
1280 597 1357 640 der
1380 598 1549 641 ketters
1574 612 1657 642 van
1682 598 1830 642 beider

197 668 360 720 kunne,
398 681 451 710 en
494 668 567 711 dat
610 669 661 725 zij
702 669 850 711 hunne
887 668 1070 711 kerkers
1114 671 1183 712 ter
1225 666 1514 723 beschikking
1549 667 1626 710 der
1661 667 1828 711 ketter-

197 740 406 780 meesters
449 737 613 780 zouden
656 738 828 789 stellen,
875 737 1018 781 totdat
1063 737 1114 780 de
1157 735 1382 792 Inquisitie
1435 736 1476 779 in
1522 735 1574 778 de
1621 736 1826 780 Duitsche

196 806 355 850 landen
378 806 422 849 in
455 807 485 851 't
505 805 618 850 bezit
643 820 727 849 van
750 807 901 863 eigene
924 806 1108 850 kerkers
1133 805 1345 862 gekomen
1371 804 1442 861 zij.

240 936 408 972 Urbanus
423 936 621 980 episeopus,
637 948 759 972 servus
775 948 960 972 servorum
977 937 1054 978 Dei,
1070 936 1336 972 venerabilibus
1353 935 1526 971 fratribus
1541 935 1822 980 archiepiscopis

195 995 231 1028 et
246 992 421 1036 episcopis
437 1004 479 1027 ac
495 992 635 1028 dilectis
652 992 736 1027 filiis
752 992 833 1027 aliis
849 993 1018 1038 praelatis
1033 996 1069 1029 et
1091 993 1253 1037 personis
1268 991 1520 1028 ecclesiasticis
1536 1003 1676 1026 necnon
1694 992 1823 1027 nobili-

195 1048 260 1082 bus
291 1047 378 1082 viris
410 1047 652 1091 principibus,
686 1047 854 1088 ducibus,
887 1048 1174 1089 marchionibuS,
1205 1047 1409 1088 comitibus,
1443 1046 1638 1081 baronibus
1669 1046 1822 1090 ahisque

194 1105 375 1137 terrarum
392 1102 546 1137 dominis
562 1114 604 1137 ac
621 1102 916 1137 universitatibus
938 1106 973 1138 et
996 1102 1196 1138 rectoribus
1220 1102 1422 1143 ciuitatum,
1441 1101 1667 1146 oppidorum,
1687 1105 1819 1136 castro-

194 1169 276 1192 rum
291 1161 327 1193 et
342 1158 511 1193 villarum
529 1170 592 1204 per
615 1159 879 1194 Allemanniam
897 1159 1111 1201 constitutis,
1137 1160 1289 1194 salutem
1305 1162 1340 1194 et
1355 1158 1589 1203 apostolicam
1606 1158 1821 1193 benedictio-

195 1225 289 1248 nem.

237 1269 450 1305 Imminente
467 1269 568 1305 nobis
585 1282 666 1305 cum
688 1269 809 1315 gregis
826 1269 1006 1304 Dominici
1027 1281 1071 1305 ex
1087 1269 1205 1304 officio
1221 1269 1391 1313 pastorali
1409 1269 1572 1304 sollerter
1587 1268 1740 1313 vigilare
1759 1281 1822 1304 nos

193 1324 375 1366 conuenit,
392 1336 437 1360 ne
452 1325 577 1369 lupina
593 1326 711 1360 rabies
726 1326 928 1361 haereticae
942 1325 1132 1369 prauitatis
1147 1326 1213 1359 sub
1227 1325 1336 1360 ouino
1352 1325 1484 1359 vellere
1500 1324 1646 1359 latitans
1663 1325 1822 1360 maculet

193 1380 389 1415 crudeliter
418 1392 460 1415 ac
490 1380 673 1424 disperdat
703 1392 791 1424 quos
822 1380 904 1415 fidei
937 1380 1100 1415 viuificat
1127 1383 1415 1422 sacramentum;
1448 1391 1530 1414 cum
1561 1378 1696 1423 itaque,
1730 1379 1824 1414 sicut

192 1435 407 1479 accepimus,
436 1436 543 1480 pestis
570 1436 717 1470 illorum
744 1436 1021 1477 haereticorum,
1049 1436 1111 1479 qui
1140 1435 1323 1480 Beghardi
1354 1438 1541 1474 vocantur,
1571 1433 1609 1468 in
1637 1435 1823 1468 nonnullis

192 1490 441 1526 Allemannjae
465 1490 638 1535 partibus,
657 1494 874 1534 procurante
897 1491 1047 1525 humani
1072 1491 1215 1535 generis
1239 1489 1399 1531 inimico,
1419 1489 1562 1524 dicatur
1585 1491 1733 1531 exortag
1760 1500 1824 1524 nos

191 1545 386 1589 cupientes,
405 1546 501 1590 quod
518 1545 625 1590 pestis
649 1545 737 1590 ipsa,
757 1557 848 1589 quae
871 1546 1026 1581 multum
1049 1549 1166 1589 posset
1188 1557 1262 1580 esse
1279 1545 1481 1589 periculosa
1498 1544 1676 1584 fidelibus,
1694 1544 1724 1577 si
1750 1555 1822 1579 non

189 1600 406 1644 exstirpetur
421 1601 586 1636 celeriter
599 1602 642 1636 de
659 1602 772 1636 caulis
788 1601 960 1642 fidelium,
980 1601 1213 1645 propellatur,
1231 1604 1267 1636 et
1285 1601 1381 1644 quod
1397 1599 1556 1635 officium
1573 1599 1822 1643 Inquisitionis

190 1655 321 1691 dilecto
350 1656 425 1691 filio
454 1657 636 1692 Ludovico
665 1657 708 1692 de
737 1657 874 1701 Caliga,
904 1657 1040 1691 ordinis
1068 1657 1223 1691 fratrum
1250 1655 1542 1701 praedicatorum
1572 1654 1609 1689 in
1639 1654 1823 1690 nonnullis

190 1710 399 1746 ciuitatibus
423 1715 458 1747 et
484 1712 685 1748 diocesibus
709 1712 866 1756 partium
890 1711 1158 1756 praedictarum
1182 1710 1390 1756 inquisitori
1419 1710 1536 1745 dictae
1576 1709 1768 1754 prauitatis
1788 1713 1824 1744 et

189 1765 270 1800 aliis
286 1765 559 1810 inquisitoribus
575 1767 765 1811 prauitatis
780 1767 939 1802 eiusdem
963 1766 1160 1810 apostolica
1177 1766 1392 1801 auctoritate
1416 1764 1646 1799 commissum
1669 1764 1715 1798 ad
1732 1775 1811 1808 pro-

188 1820 321 1856 fectum
345 1821 429 1856 fidei
456 1826 492 1857 et
513 1822 718 1856 animarum
741 1823 893 1857 salutem
917 1824 1063 1857 auctore
1089 1821 1242 1856 Domino
1266 1823 1520 1865 prosperetur3
1548 1818 1820 1853 universitatem

187 1879 343 1911 vestram
370 1888 541 1921 rogamus
566 1880 602 1912 et
630 1877 819 1912 hortamur
844 1880 990 1918 attente,
1016 1888 1080 1921 per
1107 1876 1304 1921 apostolica
1331 1874 1432 1910 vobis
1459 1873 1594 1918 scripta
1620 1873 1660 1908 in
1682 1873 1817 1908 virtute

187 1934 332 1967 sanctae
355 1932 579 1967 obedientiae
602 1932 763 1967 districte
787 1932 1039 1976 praecipiendo
1064 1932 1285 1972 mandantes,
1305 1934 1481 1975 quatenus
1506 1930 1550 1964 ob
1574 1928 1817 1964 reuerentiam

188 1986 414 2021 Dominicam
441 1991 476 2022 et
503 1988 719 2031 apostolicae
747 1988 839 2022 sedis
866 1991 901 2022 et
928 1991 1084 2022 vestram
1111 1999 1154 2021 ac
1181 1997 1341 2021 amorem
1369 1985 1451 2020 fidei
1477 1985 1697 2030 praelibatae
1725 1985 1820 2029 ipsos

186 2041 416 2085 inquisitores
439 2046 473 2078 et
496 2055 578 2077 suos
594 2043 748 2077 vicarios
772 2042 927 2087 benigne
952 2042 1164 2086 recipientes
1189 2045 1224 2077 et
1246 2041 1393 2076 honeste
1417 2044 1612 2076 tractantes
1636 2052 1678 2075 ac
1701 2040 1753 2075 eis
1775 2040 1815 2074 in

186 2098 463 2141 prosequutione
481 2097 616 2143 negotii
631 2098 748 2133 dictae
771 2098 866 2139 fidei,
886 2098 923 2132 in
947 2097 1121 2142 capiendo
1137 2100 1172 2133 et
1189 2097 1422 2132 custodiendo
1440 2095 1647 2131 huiusmodi
1664 2095 1816 2130 haeret-i-

187 2164 246 2188 cos
269 2165 331 2188 seu
359 2157 540 2197 suspectos
566 2154 609 2188 de
636 2153 777 2188 haeresi
804 2154 992 2197 utriusque
1016 2165 1131 2194 sexus,
1158 2156 1285 2188 contra
1312 2163 1400 2196 quos
1428 2151 1496 2195 ipsi
1525 2150 1755 2195 inquisitores
1781 2154 1818 2186 et

185 2220 310 2243 eorum
327 2209 455 2243 vicarii
478 2209 672 2253 procedent
696 2220 760 2252 pro
784 2212 943 2253 tempore
959 2212 992 2244 et
1017 2208 1107 2243 alias
1130 2210 1238 2252 prout
1263 2207 1472 2252 expedierit,
1492 2206 1694 2248 consilium,
1714 2205 1814 2240 auxi·

184 2263 275 2298 lium
291 2268 327 2299 et
350 2265 511 2300 fauorem
527 2265 610 2300 tot-is
628 2265 765 2299 viribus
781 2264 991 2308 deuotisque
1009 2264 1189 2300 mentibus
1214 2263 1409 2299 efficaciter
1432 2262 1660 2307 impendatis,
1681 2265 1816 2297 vestros

185 2330 357 2359 carcereS.
377 2319 507 2363 quibus
530 2320 568 2354 in
591 2320 724 2355 eisdem
748 2320 910 2364 partibus
926 2331 1049 2354 carere
1072 2319 1208 2354 dicitur
1231 2318 1392 2353 officium
1417 2317 1666 2362 Inquisitionis
1692 2316 1815 2351 huius-

183 2374 292 2416 modi,
306 2378 523 2418 praestantes
536 2375 680 2416 eisdem,
699 2375 812 2409 donec
825 2374 942 2409 officio
956 2374 1139 2419 praedicto
1151 2375 1194 2409 de
1208 2373 1315 2409 certis
1329 2373 1535 2408 carceribus
1547 2372 1593 2408 sit
1610 2371 1809 2416 prouisum,

183 2440 226 2463 ac
242 2429 281 2463 in
296 2430 425 2470 eundo,
441 2430 566 2464 stando
583 2433 618 2464 et
632 2430 814 2464 redeundo
831 2441 999 2465 securum
1011 2430 1228 2465 conductum
1245 2428 1446 2464 liberaliter
1461 2427 1629 2463 tribuatis
1647 2427 1812 2470 quotiens

183 2484 293 2519 fuerit
316 2488 544 2528 oportunum,
572 2488 760 2528 potestates
785 2487 820 2519 et
843 2485 1013 2520 mandata
1036 2487 1156 2519 nostra
1179 2484 1387 2519 huiusmodi
1410 2484 1532 2519 taliter
1555 2480 1753 2526 impleturi,
1774 2484 1815 2516 ut

182 2551 327 2574 causam
344 2538 426 2574 fidei
453 2540 647 2575 videamini
672 2539 878 2574 cordialiter
893 2551 1073 2575 assumere
1095 2543 1131 2575 et·
1158 2540 1281 2575 fouere
1305 2551 1347 2574 ac
1374 2539 1470 2583 apud
1487 2539 1601 2574 Deum
1628 2541 1663 2574 et
1689 2538 1808 2573 sedem

182 2594 402 2638 praedictam
419 2594 559 2639 possitis
575 2595 703 2630 exinde
720 2594 848 2629 merito
864 2594 1125 2630 commendari.

227 2650 356 2684 Datum
382 2649 520 2685 Romae
542 2650 637 2693 apud
662 2648 697 2684 S.
726 2649 885 2691 Petrum,
912 2649 1016 2685 XVII
1033 2649 1176 2686 kalend.
1202 2648 1304 2691 Maii,
1324 2648 1553 2694 pontificatus
1579 2647 1692 2684 nostri
1717 2658 1812 2683 anno

184 2709 293 2740 sexu,-
529 2749 718 2790 Mosheim,
748 2749 813 2783 blz.
837 2750 901 2783 336
923 2760 968 2784 en
995 2751 1070 2784 337.
1100 2768 1144 2775 —
1171 2749 1222 2784 De
1250 2748 1468 2793 prcdikheer
1485 2747 1629 2783 Walter
1656 2745 1810 2791 Kerling

574 2804 724 2848 ontving
748 2806 781 2838 te
802 2803 957 2848 gelijker
974 2804 1039 2846 tijd
1056 2815 1142 2839 eene
1158 2804 1269 2839 zelfde
1285 2803 1502 2848 aanstelling
1518 2803 1570 2837 als
1594 2802 1812 2846 inquisiteur

572 2859 610 2892 in
625 2859 668 2893 de
687 2858 857 2894 Duitsche
873 2858 1015 2893 landen.
1034 2859 1108 2901 (Zie
1124 2859 1260 2900 aldaar‚
1280 2859 1346 2893 blz.
1365 2861 1440 2899 335,
1460 2857 1584 2893 alsook
1602 2857 1730 2892 verder
1745 2856 1808 2892 het

573 2914 674 2949 bevel
697 2925 766 2949 van
788 2913 908 2950 keizer
935 2913 1046 2950 Karel
1069 2913 1131 2957 IV,
1158 2925 1228 2949 van
1246 2916 1286 2950 10
1308 2913 1327 2949 J
1333 2913 1395 2949 uni
1420 2913 1531 2959 1369.)
1557 2930 1602 2940 -
1627 2911 1804 2949 Mosheim
