2097 3466
303 256 365 290 234
988 255 1121 291 ANNO
1148 257 1247 291 1418

304 350 408 408 lijke
430 350 610 406 graden,
636 353 724 394 met
757 351 837 395 den
861 352 1023 394 kerker
1045 365 1101 395 en
1125 351 1285 394 andere
1307 351 1620 410 gebruikelijke
1641 353 1930 412 lichamelijke

304 419 500 462 straffen.
527 421 616 462 Den
639 420 1092 471 berouwhebbendem
1119 420 1186 463 die
1208 421 1249 463 in
1281 422 1312 463 't
1339 421 1557 476 openbaar
1579 422 1726 465 hunne
1748 423 1930 467 dwalin-

302 501 385 543 gen
408 488 664 544 herroepen,
701 490 766 532 zal
799 490 904 532 door
935 490 987 532 de
1019 489 1502 544 geloofsonderzoekers
1525 504 1630 533 eene
1652 490 1931 550 betamelijke

304 556 618 614 boetedoening
652 558 950 616 (levenslange
983 558 1029 600 os
1052 558 1265 616 tijdelijke
1300 559 1535 615 opsluiting
1567 559 1615 602 of
1641 559 1723 602 iets
1754 560 1931 619 anders)

301 626 510 681 opgelegd
533 626 727 670 worden.
756 628 836 670 Tot
868 627 930 670 dit
959 626 1067 670 alles
1100 628 1182 678 zal,
1210 640 1287 670 zoo
1317 627 1490 684 noodig,
1517 628 1569 670 de
1591 628 1697 684 hulp
1730 642 1815 672 van
1848 629 1931 673 den

303 694 601 752 wereldlijken
625 709 717 738 arm
749 696 1011 752 ingeroepen
1036 695 1230 739 worden.
1259 697 1406 752 Tegen
1436 696 1488 739 de
1521 696 1779 754 bepalingen
1802 697 1931 741 dezer

301 762 374 805 bul
405 762 584 806 kunnen
616 778 752 822 geene
788 765 970 808 verdere
1002 765 1238 822 pauselijke
1277 764 1325 807 of
1352 765 1512 809 andere
1554 768 1721 810 wetten
1755 767 1930 810 worden

301 845 578 888 ingeroepen.

344 955 525 991 Martinus
541 957 740 1001 episcopus,
759 969 883 992 servus
899 968 1086 993 servorum
1103 957 1180 1000 Dei,
1199 958 1467 994 venerabilibus
1490 958 1666 994 fratribus
1689 958 1933 1004 archiepisco-

301 1011 356 1055 pis
379 1023 421 1046 ac
446 1011 721 1055 inquisitoribus
744 1012 949 1047 haereticae
972 1013 1162 1056 pravitatis
1185 1014 1339 1049 ubilibet
1372 1014 1590 1056 constitutis,
1624 1014 1670 1048 ad
1693 1024 1782 1057 quos
1804 1014 1933 1049 literae

301 1070 504 1110 praesentes
521 1067 765 1110 pervenerint,
784 1068 937 1102 salutem
955 1072 991 1102 et
1005 1068 1242 1112 apostolicam
1257 1069 1565 1104 benedictionem.

346 1122 444 1157 Inter
459 1127 608 1157 cunctas
623 1123 814 1165 pastoralis
831 1134 939 1158 curae
957 1123 1217 1166 solicitudines,
1243 1125 1373 1167 quibus
1396 1124 1597 1167 premimur
1619 1123 1854 1162 incessanter.
1868 1123 1934 1159 illa

300 1177 484 1220 potissime
514 1177 645 1212 fortius
675 1189 740 1212 nos
771 1181 885 1222 angit,
913 1181 954 1212 ut
983 1178 1177 1213 haereticis
1200 1178 1244 1213 de
1275 1178 1408 1213 finibus
1433 1178 1734 1213 Christicolarum
1757 1178 1930 1222 expulsis,

300 1232 444 1276 suisque
461 1233 560 1268 falsis
575 1233 751 1268 doctrinis
769 1238 803 1267 et
820 1232 1004 1267 erroribus
1021 1233 1198 1276 perversis
1221 1233 1365 1277 penitus
1387 1237 1563 1276 quantum
1581 1233 1684 1268 nobis
1700 1244 1744 1268 ex
1760 1232 1834 1267 alto
1850 1243 1931 1267 con-

302 1289 454 1329 ceditur,
473 1288 673 1332 extirpatis,
691 1288 892 1323 orthodosa
909 1291 944 1322 et
960 1287 1140 1322 catholica
1163 1287 1251 1322 fides
1267 1288 1411 1332 integra
1428 1292 1462 1323 et
1486 1287 1627 1322 illibata
1650 1291 1872 1331 permaneat,
1890 1298 1932 1322 ac

299 1343 453 1386 populus
481 1343 707 1378 Christianus
736 1343 775 1376 in
798 1343 947 1386 eJusden
970 1342 1054 1377 fidei
1080 1342 1299 1384 sinceritate,
1325 1343 1488 1386 quolibet
1514 1342 1778 1378 obscurationis
1793 1345 1930 1378 semoto

299 1395 492 1437 velamine,
511 1397 709 1431 immobilis
725 1400 759 1432 et
775 1397 972 1432 inviolatus
989 1397 1173 1441 persistat.

346 1452 440 1486 Sane
470 1452 606 1486 dudum
630 1452 835 1495 plusquam
866 1453 1033 1487 omnibus
1065 1451 1255 1488 retroactis
1281 1453 1506 1497 temporibus
1535 1453 1574 1487 in
1597 1453 1785 1488 nonnullis
1814 1452 1931 1497 regio-

299 1505 405 1540 nibus
429 1511 464 1541 et
486 1507 668 1548 dominiis,
694 1507 907 1551 praesertim
932 1508 970 1541 in
993 1519 1109 1552 regno
1133 1507 1330 1542 Bohemiae
1348 1512 1382 1542 et
1409 1507 1663 1543 marchionatu
1679 1507 1866 1543 Moraviae
1889 1519 1932 1543 ac

298 1560 388 1594 10015
404 1564 439 1595 et
455 1561 679 1596 districtibus
700 1562 774 1596 illis
791 1562 935 1601 vicinis,
954 1563 1125 1597 adversus
1149 1563 1232 1597 fidei
1249 1562 1450 1597 catholicae
1467 1563 1639 1607 dogmata
1657 1561 1933 1598 insurrexerunt

302 1615 484 1658 quondam
500 1616 775 1652 haeresiarchae
791 1617 1338 1659 circuncelliones,schismatici
1347 1621 1382 1652 et
1397 1617 1557 1652 seditiosi
1570 1618 1750 1652 luciferna
1765 1618 1934 1661 superbia

302 1676 337 1705 et
356 1671 456 1706 rabie
479 1671 605 1714 lupina
629 1672 755 1713 evecti,
782 1672 1056 1707 daemoniorum
1087 1673 1276 1707 fraudibus
1305 1672 1417 1714 illusi,
1444 1673 1488 1708 de
1511 1673 1688 1708 varietate
1711 1673 1751 1708 in
1775 1673 1934 1716 idipsum

301 1726 401 1767 (licet
424 1727 542 1761 forent
558 1727 601 1761 de
617 1727 767 1762 diversis
783 1727 909 1761 mundi
934 1728 1098 1771 partibus
1122 1728 1282 1771 oriundi)
1298 1728 1552 1763 convenientes
1568 1730 1602 1762 et
1625 1728 1758 1762 caudas
1783 1727 1932 1772 colliga-

302 1785 356 1815 tas
368 1781 747 1823 habentes,damnatae
756 1782 924 1817 videlicet
934 1783 1129 1817 memoriae
1142 1783 1161 1817 J
1166 1783 1456 1818 oannesWicleff
1464 1783 1508 1817 de
1515 1782 1660 1827 Anglia,
1670 1783 1689 1818 J
1695 1794 1829 1818 oannes
1838 1781 1934 1817 Husz

299 1837 343 1871 de
367 1837 542 1872 Bohemia
573 1843 607 1873 et
631 1838 873 1882 Hieronymus
897 1839 940 1873 de
964 1838 1097 1883 Praga,
1123 1839 1185 1881 qui
1207 1839 1349 1873 utinam
1377 1838 1467 1873 alios
1493 1850 1616 1873 secum
1636 1838 1682 1872 ad
1705 1837 1934 1872 infidelitatis

301 1891 490 1927 interitum
508 1904 581 1928 non
607 1893 817 1928 traxissent.
840 1894 932 1928 Nam
949 1893 1012 1928 ubi
1024 1893 1232 1937 hujusmodi
1249 1894 1458 1937 pestilentes
1473 1904 1646 1937 personae
1663 1903 1832 1936 perversa
1847 1892 1933 1937 dog-

303 1951 400 1982 mata
424 1948 659 1991 pertinaciter
682 1949 920 1991 seminabant,
946 1949 985 1983 in
1008 1960 1093 1984 suae
1115 1948 1303 1984 doctrinae
1327 1949 1518 1993 pestiferae
1548 1948 1750 1992 primordio
1779 1947 1935 1991 praelati

304 2006 339 2037 et
365 2002 429 2036 alii
456 2002 676 2046 judiciariae
707 2003 893 2046 potestatis
931 2004 1112 2048 regimina
1150 2007 1372 2045 exercentes,
1389 2007 1576 2046 tamquam
1604 2013 1710 2037 canes
1739 2002 1833 2037 muti
1860 2013 1934 2037 non

303 2059 463 2093 valentes
478 2059 613 2094 latrare
636 2071 702 2094 nec
718 2059 931 2094 ulciscentes
948 2070 1031 2093 cum
1048 2059 1207 2103 apostolo
1231 2058 1270 2093 in
1285 2062 1458 2103 promptu
1480 2069 1624 2093 omnem
1651 2056 1933 2092 inobedientiam

304 2112 576 2147 haeresiarchas
607 2113 703 2157 ipsos
726 2113 913 2157 pestiferos
942 2116 977 2148 et
1003 2113 1155 2154 dolosos,
1183 2124 1309 2148 eorum
1333 2113 1497 2156 lupinam
1525 2111 1665 2146 rabiem
1687 2111 1933 2146 truculentam

302 2168 424 2202 statim
442 2172 483 2203 ut
505 2168 669 2203 adstricti
684 2171 829 2203 fuerant
846 2166 1019 2204 canonice
1043 2171 1210 2203 coercere
1238 2179 1369 2211 eosque
1393 2168 1437 2202 de
1461 2168 1567 2202 domo
1596 2165 1744 2201 Domini
1766 2176 1933 2210 corpora-

302 2223 387 2257 liter
417 2223 549 2266 ejicere
578 2234 651 2258 non
681 2227 870 2265 curarunt,
899 2224 961 2258 sed
984 2223 1229 2267 sacrilegium,
1265 2223 1391 2256 salsam
1427 2225 1462 2256 et
1498 2221 1735 2265 pernitiosam
1770 2220 1933 2264 ipsorum

302 2277 505 2312 doctrinam
541 2289 603 2321 per
636 2278 765 2322 longas
795 2290 914 2313 moras
941 2279 1168 2322 negligentes
1199 2277 1391 2312 convalere
1424 2276 1685 2320 permiserunt3
1714 2276 1932 2319 populorum

303 2332 499 2367 multitudo
514 2332 662 2367 illorum
679 2333 910 2376 opinionibus
933 2333 1032 2368 falsis
1057 2334 1204 2376 decepta
1220 2344 1284 2376 pro
1308 2331 1402 2366 veris
1426 2332 1577 2375 accepit,
1602 2341 1694 2374 quae
1710 2331 1773 2365 diu
1788 2331 1934 2366 menda-

301 2386 392 2421 citer
416 2391 451 2422 et
477 2388 675 2431 pernitiose
698 2399 740 2422 ac
764 2388 1020 2422 damnabiliter
1043 2386 1313 2422 seminaverunt
1337 2386 1459 2429 eisque
1482 2385 1660 2420 credendo
1690 2397 1709 2420 a
1739 2389 1839 2421 recta
1862 2385 1934 2420 fide

303 2443 435 2477 cecidit
451 2443 558 2476 turba
570 2443 686 2478 multa
702 2447 737 2477 et
750 2454 872 2478 errore
892 2443 997 2477 devio
1013 2442 1223 2483 involvitur,
1240 2441 1331 2485 proh
1348 2441 1461 2482 dolor,
1476 2451 1715 2484 paganorum,
1733 2441 1821 2476 adeo
1837 2441 1933 2484 quod

302 2508 366 2540 per
397 2497 537 2532 diversa
567 2498 715 2533 illarum
752 2498 957 2541 eisdemque
996 2497 1271 2532 convicinarum
1310 2495 1469 2540 partium
1508 2495 1655 2530 climata
1684 2506 1767 2530 oves
1798 2494 1933 2531 Christi

304 2554 500 2589 catholicas
515 2553 792 2588 haeresiarchae
814 2554 884 2597 ipsi
908 2553 1106 2588 successive
1129 2552 1333 2587 infecerunt
1361 2554 1396 2586 et
1419 2551 1458 2586 in
1481 2553 1638 2586 stercore
1660 2550 1933 2586 mendaciorum

304 2612 528 2652 putrescere.

349 2663 575 2707 Quapropter
602 2663 783 2708 generalis
807 2661 1094 2698 Constantiensis
1118 2661 1276 2705 synodus
1303 2663 1442 2695 tantam
1467 2659 1629 2695 fidelium
1653 2662 1688 2695 et
1705 2659 1788 2695 fidei
1810 2659 1933 2694 ortho-

303 2718 417 2752 doxae
456 2719 602 2762 plagam
633 2722 668 2753 et
705 2718 850 2752 ruinam
881 2717 1006 2752 videns
1038 2717 1241 2751 exclamare
1278 2715 1463 2758 compulsa
1497 2718 1549 2750 est
1579 2725 1663 2749 cum
1690 2715 1928 2759 Augustino:

305 2772 399 2812 Quid
417 2773 524 2807 faciet
548 2773 720 2807 ecclesiae
747 2772 940 2813 medicina,
959 2772 1112 2806 salutem
1135 2770 1298 2804 omnium
1321 2774 1485 2804 materna
1508 2769 1686 2804 charitate
1702 2769 1930 2813 conquirens,

306 2832 491 2869 tamquam
509 2828 604 2862 inter
619 2827 851 2870 phreneticos
867 2830 902 2860 et
925 2826 1143 2869 lethargicos
1159 2824 1347 2858 aestuans?
1364 2823 1548 2866 Numquid
1565 2826 1806 2864 contemnere,
1824 2834 1930 2858 num-

311 2882 398 2924 quid
414 2882 582 2917 desistere
599 2883 654 2917 vel
671 2882 776 2916 debet
798 2882 855 2916 vel
877 2881 1014 2925 potest?
1032 2881 1135 2915 Certe
1159 2891 1232 2914 non
1253 2879 1451 2914 secundum
1474 2879 1652 2921 eumdem,
1670 2879 1744 2914 imo
1767 2879 1932 2923 utrisque

307 2936 353 2971 sit
368 2947 510 2971 necesse
526 2941 579 2972 est
600 2936 762 2978 molesta,
788 2947 880 2980 quae
904 2935 1042 2971 neutris
1065 2939 1118 2970 est
1140 2933 1302 2969 inimica.
1327 2933 1420 2968 Nam
1445 2936 1479 2968 et
1501 2933 1671 2969 molestus
1695 2937 1749 2969 est
1770 2933 1931 2969 medicus
