2097 3466
338 257 400 291 322
1064 253 1196 288 ANNO
1223 254 1319 287 1431

338 347 589 383 municationis
618 356 679 380 seu
709 345 798 380 alias
827 345 1018 380 sententias
1043 345 1099 380 vel
1131 356 1261 389 poenas
1285 343 1526 388 promulgare,
1551 342 1779 378 decernentes
1809 353 1950 378 exnunc

338 402 458 437 irritos
474 404 508 436 et
524 400 647 435 inanes
663 410 783 434 omnes
806 403 842 434 et
867 399 1026 443 singulos
1050 409 1234 442 processus
1249 395 1640 437 excommunicationis,
1662 396 1900 440 suspensionis
1915 399 1952 432 et

339 455 518 494 interdicti
535 453 725 489 sententias
741 453 817 488 siue
834 464 975 496 poenas,
994 464 1082 496 quos
1097 453 1152 487 vel
1169 464 1256 496 quas
1271 453 1391 486 forsan
1407 453 1532 485 contra
1548 450 1790 494 exceptionem
1806 454 1842 486 et
1863 449 1949 486 libe·

338 512 510 548 rationem
542 508 741 552 praedictas
769 507 1018 551 quoquomodo
1049 507 1241 551 contigerit
1272 505 1497 550 promulgari
1527 505 1583 540 vel
1609 505 1745 540 haberi.
1775 505 1951 540 Nolumus

338 572 455 603 tamen
471 564 570 598 vobis
593 566 738 607 propter
752 562 819 596 hoc
836 561 1058 596 juridictioni
1085 566 1222 596 vestrae
1251 560 1456 595 ordinariae
1484 560 1521 594 in
1545 559 1666 603 aliquo
1681 559 1866 604 derogare,
1890 559 1952 594 sed

339 621 454 666 potius
478 629 651 663 pauperes
674 617 767 661 ipsos
790 617 828 650 in
856 616 1020 650 omnibus
1047 619 1082 651 ct
1111 628 1172 660 pcr
1199 615 1319 651 omnia
1347 618 1485 650 vestrae
1515 613 1754 649 iurisdictioni
1780 617 1951 658 tanquam

340 674 507 721 praelatis
522 676 557 708 et
581 671 753 716 plebanis,
779 670 912 705 curatis
935 673 969 705 et
991 670 1190 705 rectoribus
1213 681 1337 704 eorum
1362 669 1514 710 subesse,
1533 667 1677 703 obedire
1691 670 1727 703 et
1753 667 1949 703 intendere.

383 730 547 764 Ceterum
563 727 592 761 si
609 726 670 770 qui
686 725 871 770 utriusque
887 737 989 760 sexus
1006 724 1083 759 siue
1098 723 1317 768 paupertatis
1333 726 1368 758 et
1390 723 1533 758 habitus
1554 722 1759 758 huiusmodi
1774 722 1952 758 velamine

338 785 543 820 oberrantes
558 784 658 817 extra
674 779 988 825 congregationem
1012 779 1189 814 dictorum
1216 789 1414 822 pauperum
1437 777 1514 811 siue
1536 777 1724 812 manifesta
1739 779 1774 812 et
1789 776 1952 822 legitima

339 850 445 874 causa
460 837 498 872 in
522 836 728 872 ciuitatibus
751 838 787 870 et
809 835 1008 870 diocesibus
1031 834 1157 870 vestris
1183 833 1316 878 reperti
1344 832 1490 874 fuerint,
1516 832 1616 867 vobis
1643 832 1865 877 iniungimus
1887 843 1952 877 per

337 896 538 939 praesentes
552 894 593 926 ut
612 890 749 926 easdem
768 889 968 933 praedictas
984 899 1152 923 censuras
1167 891 1203 923 et
1218 887 1308 922 alias
1324 898 1457 931 poenas
1473 887 1683 930 temporales
1699 890 1734 922 et
1747 886 1952 931 spirituales

336 947 572 994 quammerito
595 945 845 985 formidentur,
862 945 906 980 de
933 943 1152 985 ciuitatibus,
1181 942 1382 978 diocesibus
1409 946 1444 977 et
1469 942 1557 977 locis
1579 945 1614 977 et
1639 942 1830 978 territoriis
1852 942 1952 978 vobis

337 1003 487 1039 subditis
517 1001 691 1037 eiiciendo
722 999 885 1044 protinus
915 999 1100 1043 expellatis
1126 1001 1189 1034 aut
1212 997 1301 1033 alias
1328 998 1470 1033 eosdem
1499 998 1705 1032 oberrantes
1732 996 1953 1041 compellatis

336 1058 471 1093 dictum
487 1056 651 1091 habitum
667 1055 842 1098 deponere
858 1055 914 1089 vel
930 1054 1023 1098 ipsos
1037 1057 1129 1089 stare
1145 1056 1180 1089 et
1196 1053 1412 1088 commorari
1428 1053 1467 1087 in
1480 1053 1758 1097 congregatione
1770 1051 1952 1087 communi

336 1123 534 1157 pauperum
550 1109 803 1154 praefatorum,
828 1108 936 1143 etiam
961 1120 1042 1142 cum
1058 1108 1297 1149 inuocatione,
1323 1107 1353 1142 si
1377 1107 1529 1151 expedit,
1556 1106 1683 1141 auxilii
1698 1104 1839 1141 brachii
1853 1116 1951 1140 secu·

336 1167 443 1210 laris3
461 1178 503 1201 ac
525 1165 633 1200 etiam
649 1163 743 1207 ipsos
759 1166 794 1198 et
809 1174 1039 1206 quoscunque
1055 1162 1143 1197 alios
1160 1162 1360 1206 praedictos
1379 1173 1554 1206 pauperes
1569 1159 1815 1205 gubernatori,
1834 1159 1951 1204 provi-

337 1222 408 1257 sori
435 1221 492 1256 vel
518 1219 741 1264 procuratori
766 1231 901 1260 eorum,
920 1231 1026 1262 quem
1052 1219 1147 1254 inter
1162 1230 1199 1253 se
1223 1218 1393 1254 duxerint
1410 1218 1627 1262 eligendum,
1646 1216 1747 1252 iuxta
1762 1215 1953 1250 canonicas

337 1276 535 1312 sanctiones
548 1279 582 1311 et
595 1275 834 1319 prouinciales
849 1278 883 1310 et
896 1275 1081 1318 synodales
1094 1273 1365 1310 constitutiones
1377 1276 1412 1309 et
1424 1276 1623 1308 vestrorum
1637 1270 1903 1306 ordinariorum
1917 1273 1954 1306 et

338 1331 582 1368 obseruantias
598 1333 633 1365 et
647 1330 875 1365 honorabiles
890 1329 981 1364 ritus
997 1341 1121 1363 eorum
1137 1329 1232 1364 inter
1245 1328 1338 1372 ipsos
1351 1328 1395 1362 ab
1408 1327 1556 1371 antiquo
1569 1326 1782 1370 approbatos
1793 1325 1830 1360 in
1843 1324 1953 1360 licitis

338 1392 374 1423 et
387 1387 556 1427 honestis,
574 1388 614 1420 ut
629 1384 798 1429 congruit
819 1395 945 1419 eorum
967 1383 1075 1419 statui
1098 1386 1133 1418 et
1149 1383 1358 1424 conditioni,
1385 1393 1513 1427 parere
1540 1384 1575 1417 et
1600 1381 1784 1416 intendere
1798 1378 1951 1421 faciatis,

338 1445 444 1487 prout
456 1441 650 1476 secundum
664 1440 777 1474 Deum
791 1438 943 1483 singulis
956 1437 1246 1480 circumstantiis,
1259 1449 1350 1482 quae
1363 1437 1460 1472 circa
1471 1436 1665 1481 praemissa
1677 1433 1955 1470 considerandae

340 1501 434 1538 sunt,
460 1495 602 1531 attentis
629 1494 802 1529 noueritis
830 1493 1008 1537 expedire,
1034 1496 1074 1528 ut
1100 1493 1227 1528 exinde
1254 1493 1457 1527 animarum
1484 1502 1630 1526 suarum
1657 1490 1806 1525 salutem
1833 1499 1952 1523 conse·

340 1554 496 1596 quantur
521 1554 556 1585 et
583 1549 672 1584 alias
698 1549 902 1583 uberrimus
928 1549 1066 1583 fructus
1094 1548 1132 1582 in
1160 1547 1363 1583 Christiano
1391 1547 1522 1591 populo
1551 1547 1687 1580 crescat
1713 1547 1819 1587 atque
1845 1552 1970 1593 opera‘

339 1605 605 1642 misericordiae
619 1605 751 1648 absque
763 1603 1017 1647 impedimento
1030 1601 1068 1636 in
1079 1602 1281 1645 exemplum
1293 1602 1449 1636 salutare
1461 1601 1604 1635 valeant
1619 1598 1769 1634 ubilibet
1780 1595 1951 1632 exerceri.

382 1661 560 1703 Quocirca
576 1657 793 1694 fraternitati
820 1660 958 1692 vestrae
981 1667 1045 1701 per
1060 1656 1254 1705 apostolica
1272 1655 1405 1699 scripta
1421 1653 1678 1690 committimus
1693 1654 1729 1687 et
1743 1651 1954 1687 mandamus

340 1719 514 1762 quatenus
529 1726 590 1750 vos
614 1716 649 1749 et
663 1715 821 1748 vestrum
837 1711 972 1755 singuli
989 1723 1052 1755 per
1066 1723 1128 1746 vos
1143 1711 1199 1746 vel
1215 1710 1327 1745 alium
1344 1722 1405 1745 seu
1431 1709 1519 1745 alios
1535 1708 1668 1744 eisdem
1684 1705 1901 1751 pauperibus
1916 1705 1955 1740 in

339 1770 541 1817 praemissis
565 1768 729 1804 omnibus
745 1770 780 1802 et
795 1766 959 1810 singulis,
979 1765 1191 1800 auctoritate
1208 1765 1381 1809 praefata,
1399 1763 1554 1799 efficacis
1577 1760 1803 1798 deffensionis
1818 1759 1954 1795 auxilio

339 1825 521 1866 assistatis,
540 1835 611 1858 non
626 1822 870 1866 permittentes
887 1821 981 1864 ipsos
993 1823 1118 1855 contra
1133 1821 1378 1863 exceptionem
1391 1822 1426 1854 et
1438 1817 1684 1853 liberationem
1698 1828 1740 1851 ac
1752 1815 1954 1851 litterarum

340 1884 542 1915 nostrarum
558 1881 717 1913 tenorem
733 1874 939 1910 huiusmodi
955 1886 1019 1918 per
1035 1874 1264 1918 inquisitores
1289 1876 1325 1909 et
1347 1874 1476 1909 fratres
1499 1871 1699 1916 praedictos
1721 1882 1783 1906 seu
1810 1868 1955 1914 quosuis

340 1935 429 1969 alios
444 1933 578 1973 vexari,
597 1930 801 1976 perturbari
817 1933 852 1964 et
867 1930 939 1964 illis
954 1929 1180 1974 grauamina,
1198 1928 1377 1963 molestias
1393 1928 1470 1962 siue
1492 1928 1623 1962 damna
1648 1924 1816 1970 irrogari,
1833 1924 1954 1959 turba-

340 1992 434 2024 tores
450 1991 485 2023 et
508 1987 752 2022 molestatores
774 1983 981 2018 huiusmodi
1005 1995 1144 2018 necnon
1171 1983 1348 2026 quoslibet
1375 1982 1655 2017 contradictores
1683 1982 1718 2015 et
1742 1979 1892 2014 rebelles
1917 1977 1956 2012 in

338 2041 541 2087 praemissis
553 2041 676 2076 eadem
689 2039 903 2074 auctoritate
916 2050 979 2082 per
991 2049 1179 2073 censuram
1192 2037 1482 2079 ecclesiasticam,
1497 2035 1736 2080 appellatione
1748 2033 1953 2078 postposita,

339 2096 606 2141 compescendo,
624 2106 696 2129 non
711 2095 873 2129 obstante
889 2092 1075 2137 quibusuis
1090 2091 1172 2126 aliis
1187 2091 1426 2127 communiter
1441 2092 1499 2126 vel
1522 2089 1668 2125 diuisim
1683 2100 1705 2123 a
1721 2088 1802 2123 sede
1818 2089 1955 2132 aposto-

341 2151 412 2186 lica
428 2150 607 2185 indultum
623 2149 762 2190 existat,
782 2149 876 2192 quod
892 2147 1070 2188 interdici,
1086 2147 1252 2191 suspendi
1269 2147 1325 2181 vel
1341 2143 1646 2181 excommunicari
1659 2155 1731 2179 non
1743 2142 1878 2187 possint
1892 2152 1957 2186 per

341 2206 478 2240 litteras
493 2203 704 2248 apostolicas
721 2215 792 2238 non
808 2202 979 2238 facientes
996 2202 1139 2246 plenam
1155 2204 1191 2236 et
1206 2212 1407 2244 expressam
1424 2211 1466 2234 ac
1482 2200 1525 2235 de
1541 2200 1649 2234 verbo
1673 2199 1719 2233 ad
1740 2197 1890 2233 verbum
1912 2196 1957 2231 de

342 2259 483 2294 indulto
497 2258 704 2293 huiusmodi
720 2257 936 2292 mentionem
961 2259 994 2291 et
1018 2255 1099 2290 aliis
1125 2255 1164 2290 in
1193 2254 1413 2290 contrarium
1435 2254 1648 2289 facientibus
1671 2251 1954 2297 quibuscunque.

343 2313 414 2347 Per
446 2312 535 2346 haec
565 2315 684 2346 autem
715 2314 847 2346 statum
878 2309 1143 2354 praedictorum
1175 2311 1215 2343 ut
1245 2308 1406 2343 ordinem
1429 2306 1617 2351 religionis
1644 2306 1861 2351 approbatae
1883 2315 1956 2340 non

342 2367 560 2402 intendimus
575 2365 785 2410 approbare,
804 2365 864 2399 sed
880 2375 938 2398 eos
955 2375 1018 2407 per
1033 2375 1094 2398 vos
1110 2362 1310 2398 ordinarios
1325 2362 1491 2397 volumus
1506 2361 1701 2403 exhortari,
1720 2363 1760 2396 ut
1774 2361 1840 2396 sub
1852 2361 1958 2395 firma

338 2424 374 2456 et
390 2421 560 2456 continua
576 2420 761 2455 Romanae
776 2418 947 2454 ecclesiae
964 2417 1167 2453 obedientia
1183 2420 1217 2452 et
1232 2417 1423 2452 deuotione
1437 2416 1488 2450 sic
1503 2416 1696 2459 persistant
1710 2415 1804 2460 quod
1828 2414 1957 2450 merito

339 2487 417 2510 eam
437 2476 583 2510 inducat
598 2475 644 2509 ad
660 2474 928 2509 concedendum
944 2473 995 2508 eis
1010 2472 1197 2507 ulteriores
1212 2471 1348 2516 gratias
1364 2473 1398 2506 et
1413 2471 1566 2505 fauores.

386 2530 517 2565 Datum
534 2529 671 2564 Romae
687 2529 782 2572 apud
798 2541 824 2562 s.
845 2528 1006 2568 Petrum,
1026 2539 1120 2562 anno
1137 2526 1396 2562 incarnationis
1420 2525 1628 2559 Dominicae
1654 2524 1844 2560 millesimo
1870 2534 1956 2568 qua-

345 2583 625 2628 dringentesimo
653 2582 861 2628 [tricesimo]
885 2582 1014 2626 primo,
1033 2592 1083 2616 1111
1109 2581 1189 2616 idus
1204 2580 1305 2621 Maii,
1324 2580 1552 2624 pontificatus
1568 2579 1679 2615 nostri
1705 2591 1800 2614 anno
1825 2578 1954 2624 primo.

685 2659 874 2701 Mosheim,
898 2659 964 2693 blz.
989 2661 1146 2694 668-673.
1171 2677 1214 2684 -
1236 2657 1298 2693 Zie
1319 2668 1405 2692 onze
1428 2662 1479 2691 11¹·s
1497 2659 1570 2699 171,
1597 2658 1670 2698 172,
1693 2657 1768 2698 175,
1784 2656 1861 2697 220,
1879 2655 1954 2697 225,

729 2715 804 2755 238,
823 2715 886 2748 239
901 2724 947 2748 en
963 2715 1038 2748 241.
