2097 3466
394 252 434 283 64
997 255 1129 289 ΛΝΝΟ
1155 257 1268 297 1210,
1295 257 1393 291 1213

392 346 575 403 vrijheid
598 345 683 389 had
719 346 827 390 doen
851 348 1023 400 stenen,
1067 349 1254 406 hetgeen
1278 351 1375 394 dien
1410 351 1598 407 priester
1630 352 1722 396 niet
1755 350 1915 396 belette
1939 352 2002 396 als

392 428 574 469 vroeger
596 415 707 472 zijne
729 416 900 473 ketterij
925 418 1036 460 aloni
1060 421 1102 460 te
1125 419 1350 474 prediken.

984 539 1157 585 Episcopo
1173 543 1409 577 Atrebatensi.

435 614 523 648 Cum
535 615 639 659 juxta
655 615 844 650 canonicas
860 616 1058 652 sanctiones
1074 617 1136 652 ubi
1152 619 1348 654 multorum
1363 622 1500 665 strages
1515 622 1578 663 est,
1597 620 1779 657 severitati
1795 621 1842 657 sit
1864 621 2003 666 aliquid

391 670 682 709 subtrahendum.
712 674 751 706 ut
781 673 975 711 usurarios,
1006 673 1067 715 qui
1095 676 1234 709 tantum
1261 674 1299 709 in
1323 675 1467 710 civitate
1493 687 1535 711 ac
1558 675 1689 711 diocesi
1716 678 1779 711 tua
1805 675 2002 712 excrevisse

390 724 571 765 dicuntur,
590 726 684 768 quod
705 725 734 759 si
751 738 901 761 censura
922 727 959 761 in
977 728 1207 763 Laterano-nsi
1226 730 1386 765 Concilio
1409 731 1549 774 prodita
1571 733 1695 766 contra
1716 731 1804 766 tales
1827 732 2000 776 proferre-

390 781 450 813 tur
466 779 503 814 in
519 791 650 822 omnes,
669 781 814 816 omnino
831 782 949 816 claudi
965 783 1132 818 ecclesias
1156 795 1241 828 prae
1264 785 1494 821 multitudine
1510 788 1700 830 oporteret,
1715 797 1798 820 cum
1813 796 1856 821 ea
1870 784 2003 830 poteris

390 834 529 868 cautela
546 835 736 878 procedere
758 839 798 871 ut
821 836 1004 871 universos
1027 837 1173 872 insimul
1197 850 1267 873 non
1292 839 1463 881 involvas,
1482 840 1543 875 sed
1568 842 1671 875 tuum
1694 837 1847 881 incipias
1869 837 1914 872 ab
1937 836 2002 872 ali-

389 888 518 931 quibus
533 889 690 923 officium
707 901 883 932 exercere,
902 891 999 925 illius
1016 892 1211 927 instructus
1234 894 1394 938 exemplo
1411 897 1536 929 contra
1553 905 1658 938 quem
1681 905 1764 928 cum
1788 891 2002 936 accipientes

388 942 575 977 denarium
591 949 870 986 murmurarent,
889 957 959 981 non
976 947 1141 982 omnibus
1162 949 1222 983 sed
1244 949 1306 983 uni
1329 961 1454 984 eorum
1474 950 1604 985 dixisse
1625 950 1801 985 refertur:
1830 961 1846 975 ‘⁶
1863 945 2000 987 Amice,

388 1008 459 1031 non
477 998 569 1032 facio
584 998 649 1033 tibi
666 999 850 1044 injuriam.
869 1000 996 1035 Nonne
1011 1013 1055 1036 ex
1070 1002 1217 1036 denario
1235 1003 1432 1038 convenisti
1447 1003 1613 1039 mecum?
1629 1006 1695 1039 etc.
1717 1018 1734 1033 w

432 1053 684 1096 Presbyterum
710 1065 794 1089 vero
822 1055 860 1089 in
888 1056 1048 1090 custodia
1074 1057 1142 1090 sibi
1170 1057 1280 1091 facias
1302 1058 1471 1102 deputata
1497 1070 1652 1101 manere,
1668 1057 1731 1102 qui
1755 1055 1945 1102 quondam,
1962 1057 2003 1091 ut

387 1108 525 1148 asseris,
543 1109 586 1143 de
602 1108 774 1143 canonico
796 1110 957 1153 regulari
980 1112 1177 1146 monachus
1194 1112 1438 1148 Cisterciensis
1460 1114 1605 1149 effeetus
1628 1126 1670 1148 ac
1693 1112 1821 1148 deinde
1844 1112 1890 1146 ad
1911 1111 2003 1146 ordi-

387 1173 465 1196 nem
484 1162 628 1206 nigrum
645 1164 785 1199 rediens
807 1167 843 1200 et
865 1165 1008 1199 demum
1031 1166 1077 1200 ad
1099 1167 1277 1201 secularia
1298 1168 1496 1210 devolutus,
1517 1171 1662 1212 propter
1684 1167 1876 1208 haeresim,
1895 1176 2008 1210 quam>

387 1215 529 1257 publice
545 1216 783 1259 praedicabat,
804 1230 825 1252 a
840 1222 902 1254 tuo
926 1220 995 1254 fuit
1010 1221 1279 1262 praedecessore
1295 1233 1359 1265 per·
1373 1225 1505 1265 septem
1526 1234 1638 1257 annos
1654 1222 1692 1256 in
1708 1221 1869 1257 custodia
1887 1231 2002 1255 carce·

385 1269 454 1303 rali
470 1271 643 1313 detentus,
658 1284 679 1306 a
696 1284 766 1316 qua
782 1275 925 1309 tandem
942 1277 977 1309 te
994 1275 1061 1308 sibi
1078 1275 1315 1319 compatiente
1331 1279 1518 1319 retractus,
1537 1280 1697 1312 retrusus
1709 1280 1762 1313 est
1777 1276 2002 1321 postmodum

384 1324 423 1359 in
449 1327 608 1368 eandem,
639 1328 809 1371 quoniam
837 1329 930 1363 sicut
952 1329 1051 1372 prius
1077 1329 1242 1365 haereses
1266 1330 1474 1366 seminebat.

428 1381 558 1416 Datum
575 1382 743 1418 Laterani
759 1383 860 1418 XIII.
879 1384 952 1418 kal.
970 1383 1071 1427 Maij,
1090 1396 1185 1419 anno
1201 1385 1402 1421 undecimo.

729 1458 877 1499 Baluze,
910 1458 1162 1503 Epistolarum
1192 1460 1398 1494 Innocentii
1423 1460 1487 1495 III
1511 1459 1600 1495 libri
1629 1460 1820 1502 undecim,
1849 1458 1928 1495 deel
1953 1457 1999 1500 ΙΙ,

770 1512 837 1548 blz.
857 1515 930 1548 162.
949 1514 1137 1556 (Potthast.‚
1155 1514 1233 1550 deel
1249 1515 1276 1557 I,
1295 1515 1361 1550 blz.
1382 1517 1457 1557 289,
1477 1523 1515 1550 nr
1531 1517 1644 1558 3382.)

1153 1643 1236 1693 65.

443 1769 577 1819 1210,
598 1771 770 1827 Pariy's.
799 1772 1037 1817 Uittreksel
1055 1774 1117 1818 uit
1135 1774 1187 1817 de
1203 1774 1404 1817 deereten
1423 1773 1527 1816 door
1546 1772 1693 1816 Pieter
1710 1771 1762 1815 de
1781 1770 1996 1824 Gorbeuil,

377 1838 695 1895 aartsbissehop
733 1854 819 1884 van
855 1842 976 1894 Sens,
1003 1857 1057 1886 en
1093 1842 1208 1900 zijne
1230 1840 1510 1898 suffraganen
1544 1845 1587 1884 te
1624 1842 1766 1898 Parijs
1787 1840 1998 1896 afgekon-

380 1906 493 1961 digd,
521 1921 624 1950 over
646 1908 697 1950 de
714 1909 963 1954 kettersche
996 1911 1163 1954 boeken
1197 1925 1282 1954 van
1315 1911 1450 1954 David
1481 1924 1567 1954 van
1589 1910 1765 1953 Dinant.
1804 1933 1861 1941 -
1879 1907 1999 1953 Voor

379 1975 597 2032 Kerstdag
619 1980 789 2020 moeten
806 1979 858 2036 zij
893 1980 935 2022 in
958 1980 1130 2023 handen
1154 1994 1239 2023 van
1263 1980 1346 2022 den
1368 1979 1568 2034 bisschop
1586 1993 1671 2022 van
1694 1978 1835 2035 Par-ijs
1858 1978 1998 2034 uitge-

377 2043 524 2086 lever-d
546 2045 630 2102 zijn
653 2060 720 2088 om
756 2047 973 2091 ver-brand
995 2052 1039 2092 te
1070 2049 1264 2091 worden.
1298 2049 1439 2092 Alwie
1474 2062 1521 2090 er
1543 2061 1599 2090 na
1622 2047 1721 2091 dien
1743 2047 1826 2103 dag
1845 2060 1932 2103 nog
1953 2047 1998 2089 in

378 2113 463 2170 zijn
485 2113 597 2156 bezit
615 2115 681 2158 zal
704 2114 886 2169 hebben,
924 2120 1038 2160 meet
1061 2131 1166 2161 voor
1200 2132 1338 2160 eenen
1360 2118 1509 2160 ketter
1548 2117 1775 2172 gehouden
1798 2116 1992 2159 worden.

419 2237 570 2272 Decreta
596 2240 770 2284 mayistri
797 2237 903 2275 Petri
926 2241 971 2275 de
1000 2240 1177 2283 Corbolio,
1210 2241 1429 2276 Senonensz‘s
1458 2241 1739 2286 archiepiscopi,
1766 2241 1997 2277 Parisiensis

375 2294 534 2337 episcopi
565 2299 597 2328 et
631 2296 794 2329 aliorum
824 2299 1077 2342 episcoporum
1107 2299 1274 2340 Parisiis
1314 2303 1620 2343 congregatorum
1654 2307 1766 2342 super
1802 2296 1997 2332 haereticis

374 2347 627 2382 comburendis
651 2354 683 2382 et
707 2350 814 2385 libris
836 2363 911 2386 ozon
934 2352 1125 2388 catholicis
1142 2356 1293 2397 penitus
1320 2353 1566 2387 destruendis.

490 2401 701 2441 Quaternuli
718 2407 881 2449 magistri
899 2405 1016 2442 David
1039 2408 1082 2442 de
1099 2408 1234 2443 Dinant
1257 2408 1353 2442 infra
1369 2408 1487 2442 natale
1503 2407 1669 2450 episcopo
1693 2405 1890 2441 Parisiensi
1915 2405 1997 2440 affe-

373 2457 500 2489 rantur
515 2459 549 2491 et
572 2459 883 2494 comburantur....
902 2461 1010 2504 Apud
1033 2473 1138 2505 quem
1162 2461 1393 2496 invenientur
1416 2461 1623 2504 quaternuii
1646 2460 1812 2505 magistri
1837 2459 1953 2495 David
1975 2470 1998 2492 a

374 2510 484 2544 natali
502 2511 646 2547 Domini
662 2513 701 2548 in
718 2516 834 2555 antea,
853 2525 918 2558 pro
934 2514 1119 2550 haeretico
1135 2516 1340 2551 habebitur.

718 2587 848 2631 Mansi,
868 2588 947 2624 deel
966 2590 1086 2632 XXII,
1105 2590 1171 2625 blz.
1191 2593 1265 2626 811.

1132 2710 1214 2758 66;

435 2833 558 2882 1213
569 2837 736 2888 Μαανί,
756 2839 834 2889 14,
851 2837 1100 2884 Lateraan.
1128 2840 1209 2883 Bul
1222 2852 1307 2882 van
1318 2836 1665 2882 InnocentiusIII
1677 2839 1744 2882 tot
1760 2837 1990 2896 (Alberik)‚

369 2906 688 2963 aartsbisschop
710 2921 796 2951 van
818 2909 979 2962 ReimS,
1002 2923 1056 2952 en
1080 2911 1149 2955 tot
1168 2909 1280 2965 ziJne
1299 2906 1575 2964 suffraganen
1596 2921 1699 2951 over
1721 2907 1798 2951 het
1820 2921 1994 2951 zweren
