2097 3466
832 231 967 268 ANNO
992 234 1090 268 1281
1721 235 1784 268 145

913 366 1024 413 152.

211 492 352 544 1281,
383 491 569 537 October·
589 494 665 544 21,
707 494 901 539 Orvz'eto.
929 495 1009 538 Bul
1034 507 1116 537 van
1150 492 1367 536 Martinus
1389 492 1466 543 IV,
1509 493 1680 552 gericht
1716 495 1784 537 tot

147 561 200 606 de
221 561 630 619 aartsbisschoppen
653 577 706 606 en
729 563 1016 620 bissehoppen
1039 577 1123 606 van
1147 563 1222 606 het
1245 561 1504 618 koninkrijk
1526 563 1779 619 Frankrijk,

147 644 252 675 over
272 631 350 675 het
387 632 646 676 aanhouden
679 633 758 676 der
795 633 964 677 ketters
1002 632 1046 676 in
1083 632 1135 675 de
1173 631 1357 675 kerken.
1385 655 1442 662 -
1465 632 1524 674 De
1549 631 1787 688 pauselijke

146 700 429 756 inquisiteurs
450 715 536 745 van
569 702 642 746 dat
664 701 920 760 koninkrijk
944 700 1114 744 hebben
1147 701 1230 744 den
1270 702 1384 744 Paus
1417 701 1687 757 verwittigd‚
1714 701 1788 744 dat

146 770 243 814 veel
260 770 431 814 ketters
453 785 509 814 en
531 770 758 814 hervallen
779 773 804 815 J
808 771 916 815 oden
936 785 1045 814 naar
1061 770 1248 828 geWijde
1266 770 1466 826 plaatsen
1486 770 1689 813 vluchten
1716 784 1786 813 om

145 853 229 883 aan
252 839 305 883 de
327 839 735 898 kettervervolging
758 843 800 884 te
825 843 1116 896 ontsnappen.
1143 841 1327 882 Daarom
1351 838 1470 882 heeft
1505 839 1556 881 de
1589 852 1696 895 paus
1728 837 1786 896 bij

147 921 253 952 eene
270 908 344 952 bul
362 923 444 953 aan
463 909 514 953 de
533 909 814 966 inquisiteurs
835 909 1034 961 bevolen,
1057 909 1131 952 dat
1149 909 1201 966 zij
1227 908 1391 959 over-al,
1413 907 1519 951 zelfs
1538 908 1580 950 in
1599 907 1784 960 kerken,

147 977 199 1021 de
220 978 390 1022 ketters
414 982 585 1022 moeten
608 979 882 1029 aanhouden‚
905 992 957 1021 en
978 979 1186 1021 verzoekt
1208 978 1266 1034 hij
1293 978 1344 1020 de
1365 977 1564 1033 prelaten
1589 976 1787 1020 uitdruk-

149 1047 302 1104 kelijk,
329 1048 403 1092 dat
425 1048 477 1106 zij
504 1048 556 1092 de
578 1049 859 1104 inquisiteurs
881 1048 1024 1092 hierin
1048 1048 1137 1092 niet
1161 1047 1327 1090 zouden
1351 1046 1660 1090 verhinderen.

194 1173 377 1210 Martinus
392 1172 592 1218 episcopus,
605 1184 729 1208 servus
745 1184 932 1208 servorum
947 1173 1024 1215 Dei,
1036 1171 1305 1208 venerabilibus
1321 1171 1496 1207 fratribus
1507 1170 1791 1215 archiepiscopis

151 1231 188 1265 et
209 1229 386 1274 episcopis
410 1240 475 1274 per
500 1241 656 1274 regnum
684 1229 862 1264 Franciae
886 1228 1102 1270 constitutis,
1128 1228 1282 1263 salutem
1306 1230 1341 1262 et
1367 1227 1601 1272 apostolicam
1625 1227 1791 1262 benedie-

149 1285 297 1320 tionem.

195 1341 249 1375 Ex
273 1343 375 1384 parte
397 1340 613 1375 dilectorum
637 1339 796 1374 filiorum
823 1339 1080 1384 inquisitorum
1103 1337 1308 1374 haereticae
1333 1336 1520 1382 pravitatis
1543 1348 1607 1381 per
1633 1348 1789 1381 regnum

151 1395 330 1431 Franciae
353 1396 631 1430 constitutorum
655 1394 726 1429 fuit
753 1406 868 1439 nuper
891 1395 1115 1439 propositum
1144 1406 1267 1429 coram
1295 1393 1408 1434 nobis,
1435 1392 1531 1436 quod
1555 1391 1721 1427 nonnulli
1745 1393 1790 1427 de

150 1449 335 1486 haeretica
350 1450 529 1495 pravitate
552 1451 750 1495 culpabiles
774 1452 830 1487 vel
858 1452 1014 1496 suspecti
1038 1456 1102 1487 aut
1127 1451 1288 1487 accusati
1312 1463 1374 1486 seu
1399 1450 1563 1485 conversi
1580 1450 1623 1485 de
1639 1449 1794 1484 Judaica

131 1547 134 1552 ι
152 1506 327 1542 coecitate
342 1508 388 1541 ad
405 1507 512 1542 fidem
529 1507 746 1542 catholicam
768 1509 994 1551 postmodum
1011 1511 1214 1552 apostantes
1236 1509 1281 1542 ab
1305 1507 1382 1551 ipsa
1406 1507 1451 1540 ad
1476 1505 1644 1540 ecclesias
1668 1506 1791 1539 confu-

151 1561 258 1606 giunt
282 1574 354 1596 non
379 1563 423 1597 ad
446 1563 573 1597 salutis
596 1563 808 1605 remedium,
827 1564 888 1599 sed
910 1566 950 1598 ut
972 1576 1097 1598 eorum
1122 1575 1251 1597 manus
1266 1562 1443 1606 effugiant
1460 1565 1494 1597 et
1518 1574 1665 1597 suorum
1683 1562 1790 1596 scele-

150 1628 234 1652 rum
251 1617 365 1653 vitent.
375 1618 557 1662 judicium
575 1619 744 1662 ultionis3
763 1631 872 1662 super
887 1630 958 1662 quo
975 1619 1193 1662 apostolicae
1211 1618 1303 1652 sedis
1320 1617 1586 1661 providentiam
1602 1617 1792 1651 humiliter

152 1673 479 1718 implorav[erunt].
498 1675 571 1709 Nos
594 1674 710 1719 igitur
725 1675 770 1709 ad
787 1675 1019 1718 extirpandos
1043 1674 1263 1709 orthodoxae
1282 1673 1365 1707 fidei
1393 1672 1559 1706 inimicos
1583 1675 1618 1706 et
1641 1672 1792 1706 herbam

152 1731 226 1763 tam
244 1728 389 1763 noxiam
411 1732 556 1773 tamque
574 1730 779 1774 pestiferam
803 1731 846 1764 de
870 1730 975 1764 horto
993 1729 1182 1764 Dominico
1206 1729 1379 1763 radicitus
1396 1728 1617 1763 evellendam
1641 1727 1792 1762 solicitis

153 1783 282 1818 studiis
308 1783 545 1825 intendentes,
564 1785 697 1819 eisdem
723 1785 1000 1829 inquisitoribus
1024 1785 1155 1819 nostris
1179 1785 1305 1818 damus
1330 1782 1445 1817 literis
1472 1783 1510 1816 in
1538 1782 1727 1823 mandatis,
1754 1784 1796 1816 ut

154 1838 247 1880 illos,
278 1851 365 1882 quos
393 1840 436 1874 de
463 1839 671 1884 hujusmodi
703 1840 888 1875 haeretica
916 1839 1095 1884 pravitate
1120 1838 1318 1883 culpabiles
1343 1838 1400 1871 vel
1428 1838 1471 1872 de
1499 1838 1563 1871 illa
1591 1837 1801 1871 notabiliter

156 1898 338 1939 suspectos
366 1906 442 1930 esse
468 1895 555 1939 ipsis
585 1895 807 1937 eonstiterit,
838 1898 1024 1930 accusatos
1053 1895 1163 1930 etiam
1191 1895 1235 1928 de
1266 1894 1347 1928 labe
1378 1893 1580 1937 praedicta,
1611 1903 1801 1927 conversos

155 1963 298 1995 quoque
325 1951 481 1986 ‚Iudaeos
509 1954 545 1986 et
571 1952 798 1995 postmodum
827 1954 994 1995 patenter
1020 1952 1077 1986 vel
1101 1949 1361 1985 verisimilibus
1384 1948 1529 1983 indiciis
1552 1952 1755 1993 apostantes
1778 1960 1800 1982 a

155 2007 225 2042 fide
236 2008 343 2051 juxta
360 2007 571 2050 qualitatem
589 2006 712 2042 delicti
729 2007 843 2041 libere
857 2007 967 2041 officii
984 2006 1040 2041 sui
1057 2006 1220 2041 debitum
1234 2007 1470 2048 exequantur,
1483 2004 1557 2039 acsi
1574 2005 1618 2039 ad
1633 2004 1801 2039 ecclesias

155 2064 213 2099 vel
236 2063 316 2098 loca
339 2063 523 2107 praedicta
540 2063 689 2097 minime
706 2063 963 2107 confugissent.
985 2062 1165 2104 Quocirca
1188 2060 1408 2096 fraternitati
1426 2064 1564 2096 vestrae
1581 2072 1645 2105 pcr
1661 2064 1800 2104 aposto-

156 2120 228 2154 lica
251 2119 386 2163 scripta
403 2119 628 2159 mandamus,
648 2122 826 2162 quatenus
851 2119 994 2154 eosdem
1019 2118 1252 2162 inquisitores
1276 2129 1348 2152 non
1372 2115 1588 2161 impediatiS,
1608 2114 1802 2159 quominus

155 2174 364 2219 hujusmodi
396 2174 606 2208 mandatum
635 2176 798 2209 nostrum
830 2173 981 2218 implere
1012 2174 1173 2214 valeant,
1208 2173 1269 2207 sed
1300 2172 1419 2216 potius
1451 2172 1496 2206 ad
1526 2170 1800 2214 requisitionem

156 2229 317 2274 ipsorum
339 2229 378 2263 in
400 2229 444 2263 iis
460 2229 634 2265 assistatis
649 2229 782 2264 eisdem
800 2229 894 2264 sicut
910 2229 1070 2264 extiterit
1087 2231 1342 2273 opportunum.

202 2284 334 2319 Datum
358 2284 455 2329 apud
479 2283 615 2319 Urbem
640 2284 820 2326 Veterem,
847 2283 919 2319 XII
947 2284 1020 2318 kal.
1052 2283 1279 2325 Novembris,
1298 2283 1529 2328 pontificatus
1560 2280 1674 2316 nostri
1701 2292 1796 2315 anno

159 2351 287 2385 primo.
510 2383 646 2428 Ripon,
663 2383 742 2419 deel
758 2384 804 2425 Π,
823 2384 889 2419 blz.
907 2387 938 2425 1,
955 2391 993 2418 nr
1007 2387 1038 2418 1.
1058 2383 1340 2426 (Potthast,dee1
1357 2384 1484 2425 11,biz.
1501 2384 1596 2423 1763,
1613 2388 1651 2416 nr
1665 2382 1800 2423 21806.)

552 2458 596 2463 —
612 2438 748 2474 Achter
771 2439 855 2473 dezc
882 2438 944 2473 bul
968 2439 1042 2473 laat
1068 2439 1245 2474 Odoricus
1262 2439 1473 2484 Raynaldus
1497 2439 1674 2481 (Annales
1699 2438 1804 2472 eccle-

555 2496 711 2535 siastici,
730 2494 809 2529 deel
823 2494 924 2535 XIV,
942 2494 1007 2528 blz.
1028 2497 1103 2535 328,
1123 2495 1168 2529 ad
1185 2506 1320 2529 annum
1336 2498 1431 2536 1281,
1447 2497 1469 2536 ἓ
1488 2496 1540 2536 18)
1557 2495 1640 2529 deze
1656 2493 1804 2529 toelich-

554 2548 634 2593 ting
651 2548 806 2592 volgen:
827 2563 842 2575 κ
864 2548 929 2582 His
954 2548 1200 2592 subjiciuntur
1223 2549 1261 2583 in
1285 2549 1471 2593 pontificio
1495 2552 1636 2593 regesto
1661 2548 1799 2588 literae,

556 2617 643 2649 quas
667 2605 847 2640 Martinus
871 2606 916 2640 ad
941 2617 1105 2640 censores
1132 2605 1214 2640 fidei
1242 2618 1278 2640 se
1302 2606 1485 2650 scripsisse
1509 2609 1672 2640 testatur.
1694 2621 1709 2634 ’ν
1742 2605 1803 2640 Dit

555 2661 638 2695 stuk
666 2660 806 2695 hebben
835 2663 892 2703 wij
923 2673 1077 2705 uergens
1104 2662 1363 2705 aangetroffen.
1382 2681 1425 2686 —-
1451 2662 1519 2696 Dat
1547 2662 1591 2695 de
1620 2661 1802 2695 Fransehe

557 2715 795 2760 bisschoppen
820 2727 892 2760 nog
916 2717 1048 2751 andere
1073 2716 1352 2758 moeilijklieden
1378 2720 1450 2751 met
1473 2718 1517 2751 de
1540 2715 1804 2760 predikheeren

558 2770 712 2812 haddon,
732 2772 871 2813 bewijst
887 2784 952 2806 een
978 2772 1202 2816 provinciaal
1221 2772 1374 2806 concilio
1392 2777 1426 2807 te
1455 2772 1580 2807 Reims
1597 2772 1635 2807 in
1654 2774 1810 2808 October

562 2829 646 2861 1287
663 2826 854 2871 gehouden
871 2828 960 2862 door
975 2828 1044 2863 den
1061 2827 1327 2871 aartsbisschop
1341 2827 1464 2863 Pieter
1477 2829 1610 2863 Barbet
1627 2832 1700 2863 niet
1715 2830 1807 2871 zijne

557 2881 790 2926 suffraganen
817 2893 887 2916 van
920 2882 1037 2924 Laon,
1067 2883 1263 2924 Beauvais,
1294 2883 1440 2927 Noyon,
1471 2883 1638 2926 Amiens‚
1673 2883 1813 2925 Senlis,.

559 2937 736 2973 Terwaan
753 2949 799 2973 en
816 2937 991 2980 Doornik,
1006 2938 1131 2973 alsook
1155 2941 1228 2973 met
1248 2937 1308 2973 het
1331 2938 1550 2974 medeweten
1566 2950 1611 2974 en
1627 2939 1671 2974 de
1694 2939 1800 2983 goed-

1697 3019 1736 3051 10
