2097 3466
806 202 939 238 ANNO
967 206 1068 238 1403
1687 209 1748 241 ‘261

159 300 291 334 Datum
322 298 460 334 Romae
492 297 589 342 apud
619 309 645 332 S.
682 298 843 339 Petrum,
870 296 976 333 XIIII
1000 297 1073 332 kal.
1107 297 1208 339 Julii,
1251 297 1480 342 pontificatus
1510 298 1622 333 nostri
1651 310 1747 335 anno

110 353 263 390 decimo.

456 397 647 437 Moshoim,
660 397 726 431 blz.
739 399 896 432 225-228.
915 417 958 422 —
975 398 1072 432 Ovci·
1088 397 1131 432 de
1145 396 1415 438 verrichtingen
1431 409 1499 431 van
1516 397 1583 431 den
1596 397 1742 441 inquisi-

499 456 580 487 teur
597 452 731 496 Hylai-d
750 452 973 487 Sehonovvld
992 453 1029 487 in
1056 452 1307 493 Duitscliland,
1328 453 1477 487 vooiilut
1505 453 1554 494 hij
1585 466 1673 487 naar
1699 454 1742 488 dc

499 507 749 542 Nederlandcn
767 508 986 549 ovcrkwam,
1006 508 1058 543 zie
1074 509 1199 543 aldaar
1220 509 1284 542 blz.
1304 511 1379 549 225,
1398 511 1474 549 223,
1493 512 1567 543 222).
1594 510 1634 544 In
1660 513 1743 545 1402

498 563 560 598 liet
576 565 625 607 hij
643 569 677 600 te
697 563 843 599 Lubcck
859 575 903 598 cn
921 564 959 598 in
988 565 1070 599 1403
1101 566 1134 599 to
1151 563 1340 599 Wcismar
1359 563 1485 608 cenigc
1510 564 1643 600 kcttcis
1667 577 1742 600 vcr-

503 619 677 654 brandcn.

862 751 984 794 245.

166 877 305 927 1403,
332 878 447 920 Jum'
464 877 541 928 30,
569 879 743 931 Parz‘js.
782 878 955 922 Vonnis
978 877 1085 921 door
1105 877 1137 918 's
1159 874 1348 932 konings
1382 875 1630 921 Parlement
1658 880 1743 922 uit-

103 947 347 1003 gesproken
391 959 495 989 over
537 947 612 990 het
657 947 840 1003 geschil‚
898 947 971 990 dat
1013 946 1218 989 tusschen
1267 945 1350 988 den
1403 945 1602 1003 bissehop
1656 961 1741 992 van

103 1015 331 1073 Kamerijk
368 1029 422 1058 en
455 1015 664 1059 Nikolaas
687 1030 772 1059 van
795 1014 1011 1066 Pe'ronne,
1038 1014 1196 1057 vicaris
1219 1027 1303 1057 van
1337 1014 1419 1057 den
1458 1016 1738 1071 algemeenen

101 1084 375 1139 inquisiteur,
403 1087 472 1127 ter
494 1099 639 1134 eener,
669 1098 720 1127 en
756 1085 837 1128 den
872 1083 1196 1139 aartsbisschop
1219 1097 1303 1126 van
1335 1084 1481 1127 Reims
1517 1099 1570 1127 en
1593 1086 1737 1143 zijnen

101 1152 280 1197 officiaal
305 1158 375 1196 ter
397 1153 561 1196 andere
586 1153 695 1209 zijde
718 1167 961 1210 opgerezen
983 1167 1076 1195 was
1109 1152 1363 1208 aangaande
1385 1153 1460 1196 het
1493 1155 1617 1210 geva}
1651 1169 1736 1198 van

98 1221 238 1265 Maria
259 1223 490 1266 Ducanech
515 1236 598 1265 van
622 1223 868 1280 Kamerijk,
897 1222 1041 1265 welke
1063 1235 1149 1265 van
1173 1221 1350 1279 ketterij
1375 1223 1495 1265 werd
1529 1224 1737 1268 verdacht

99 1305 152 1334 en
174 1291 400 1348 vervolgd.
429 1317 486 1325 —-
507 1292 567 1334 De
602 1294 718 1334 twee
755 1294 931 1335 eersten
970 1290 1244 1342 beweerden,
1284 1290 1359 1334 dat
1396 1291 1735 1349 bovengemelde

97 1359 236 1404 Maria
256 1359 311 1418 bij
338 1361 421 1403 den
444 1359 766 1416 aartsbisschop
785 1374 872 1403 van
896 1361 1041 1404 Reims
1065 1363 1194 1416 tegen
1218 1359 1309 1402 hun
1334 1361 1488 1403 vonnis
1515 1362 1558 1404 in
1577 1361 1734 1420 beroep

95 1429 187 1472 niet
209 1429 354 1473 mocht
385 1443 523 1486 gaan;
554 1443 675 1472 maar
697 1431 773 1473 het
804 1430 1056 1472 Parlement
1079 1427 1197 1485 geeft
1219 1428 1309 1472 hun
1332 1430 1526 1488 ongelijk
1560 1445 1612 1474 en
1636 1445 1732 1475 ver-

95 1497 288 1542 oordeelt
312 1499 398 1542 hen
421 1499 464 1541 in
488 1499 540 1542 de
562 1498 721 1543 kosten
746 1512 831 1542 van
854 1499 930 1543 het
953 1498 1128 1555 geding.

138 1622 230 1658 Cum
245 1622 400 1658 dilectus
424 1634 466 1657 ac
497 1623 615 1659 fidelis
639 1623 870 1659 consiliarius
900 1626 1022 1659 noster
1042 1624 1312 1660 Cameracensis
1339 1625 1528 1670 episcopus
1555 1629 1591 1662 et
1621 1627 1733 1663 frater
1767 1616 1771 1631 x

94 1679 267 1715 Nicolaus
289 1679 334 1714 de
358 1679 538 1721 Peronna,
557 1679 696 1714 ordinis
728 1680 887 1714 fratrum
912 1680 1197 1724 predicatorum,
1231 1692 1267 1715 se
1297 1681 1526 1724 inquisitoris
1554 1684 1735 1726 generalis

91 1746 200 1779 super
211 1734 330 1770 heresi
347 1735 391 1769 ab
408 1734 607 1779 apostolica
624 1735 708 1770 sede
723 1735 886 1779 deputati
904 1735 1085 1770 vicarium
1101 1747 1278 1778 asserens,
1296 1736 1335 1771 in
1350 1736 1418 1771 hac
1437 1741 1541 1781 parte
1554 1742 1735 1774 consortes

90 1790 194 1825 nobis
220 1790 406 1834 conquesti
433 1790 596 1829 fuissent,
618 1790 726 1834 quod,
746 1791 831 1825 licet
860 1790 930 1834 ipsi
962 1795 1237 1834 conquerentes,
1264 1791 1456 1836 episcopus
1486 1793 1657 1829 videlicet
1687 1796 1731 1829 ad

90 1857 236 1880 causam
251 1845 308 1880 sui
322 1845 548 1889 episcopatus
563 1849 598 1880 et
617 1845 782 1880 vicarius
797 1845 1016 1880 auctoritate
1033 1845 1102 1880 sibi
1119 1857 1140 1880 a
1156 1846 1254 1880 dicta
1271 1847 1355 1882 sede
1372 1848 1572 1890 apostolica
1588 1848 1731 1884 indulta

91 1905 127 1936 et
148 1912 328 1944 concessa,
346 1900 505 1935 habeant
523 1903 584 1944 jus
608 1900 731 1944 eisque
749 1901 858 1936 liceat
874 1904 1003 1935 contra
1019 1900 1112 1942 illos,
1129 1901 1244 1944 quiin
1261 1902 1358 1937 dicto
1377 1902 1586 1947 episcopatu
1605 1904 1728 1940 Came-

89 1958 229 1991 racensi
245 1956 289 1991 de
305 1955 459 1990 crimine
474 1955 610 1990 heresis
634 1959 670 1991 et
686 1961 814 1991 contra
839 1956 947 1990 fidem
964 1967 1029 2000 pro
1058 1957 1233 2000 suspectis
1265 1957 1459 2000 habentur,
1487 1959 1672 2002 inquirere
1695 1965 1730 1996 et

87 2011 282 2055 procedere
298 2015 333 2045 et
348 2011 392 2045 ad
410 2022 555 2045 causam
573 2010 783 2055 huiusmodi
801 2014 838 2046 et
855 2011 946 2046 alias
961 2011 1082 2047 debite
1099 2012 1240 2047 fuerint
1259 2016 1294 2048 et
1312 2012 1385 2048 sint
1406 2014 1441 2048 in
1458 2014 1678 2057 possessione
1694 2020 1729 2051 et

87 2064 240 2109 saisina3
258 2066 353 2109 quod
370 2066 507 2101 tociens
522 2067 697 2110 quociens
724 2066 926 2111 supradicti
955 2067 1144 2111 episcopus
1163 2071 1198 2102 et
1215 2068 1414 2112 inquisitor
1430 2080 1491 2104 seu
1507 2069 1666 2105 vicarius
1681 2073 1726 2107 ab

85 2120 163 2165 ipso
176 2121 368 2164 deputatus
384 2121 421 2157 in
439 2133 523 2157 casu
540 2121 678 2157 heresis
693 2134 754 2157 seu
771 2122 843 2156 alio
857 2122 1074 2157 catholicam
1090 2123 1198 2158 fidem
1216 2127 1388 2168 tangente
1405 2124 1513 2159 simul
1526 2127 1726 2168 procedunt

86 2179 213 2211 contra
228 2175 387 2220 aliquam
413 2187 603 2220 personam
627 2177 670 2210 de
696 2176 792 2211 dicto
813 2177 1065 2212 Cameracensi
1090 2178 1315 2222 episcopatu,
1334 2179 1378 2213 ab
1403 2179 1489 2222 ipsis
1513 2191 1585 2215 non
1611 2186 1728 2225 potest

84 2241 201 2274 neque
219 2231 324 2266 debet
339 2230 516 2274 appellari
532 2242 599 2266 nec
616 2242 680 2274 per
697 2231 794 2265 viam
811 2231 1065 2275 appellationis
1082 2244 1200 2276 neque
1218 2233 1309 2267 alias
1324 2245 1540 2277 quocunque
1556 2237 1662 2271 modo
1679 2237 1723 2271 ad

83 2285 257 2320 dilectum
273 2290 307 2321 et
323 2286 466 2321 fidelem
479 2286 730 2320 consiliarium
749 2290 914 2321 nostrum
933 2285 1148 2322 Remensem
1169 2288 1482 2333 archiepiscopum
1498 2302 1563 2325 nec
1580 2294 1624 2328 ad
1641 2305 1724 2328 suos

83 2340 255 2376 officiales
269 2353 332 2376 seu
356 2341 512 2376 vicarios
527 2353 610 2376 suos
627 2353 796 2376 recursus
812 2341 962 2385 haberi;
980 2342 1019 2376 in
1036 2343 1260 2386 possessione
1276 2348 1311 2379 et
1327 2344 1460 2380 saisina
1475 2348 1569 2389 quod
1587 2359 1722 2383 memo·

82 2396 152 2430 rati
169 2395 473 2440 archiepiscopus,
491 2396 621 2431 vicarii
638 2400 701 2431 aut
725 2396 898 2431 officiales
922 2408 1039 2441 neque
1069 2398 1131 2433 alii
1165 2399 1333 2434 officiarii
1366 2400 1421 2435 sui
1451 2401 1658 2446 quicunque
1685 2404 1723 2439 in

81 2449 188 2485 dictis
203 2450 345 2485 casibus
369 2451 505 2486 heresis
535 2453 642 2486 fidem
668 2451 904 2496 tangentibus
933 2464 1042 2496 supra
1073 2454 1168 2496 ipsos
1194 2455 1404 2498 episcopum
1431 2460 1465 2491 et
1481 2457 1525 2491 de
1552 2457 1721 2493 Peronna

80 2515 297 2549 cognoscere
314 2517 430 2549 neque
446 2518 528 2541 suas
545 2506 777 2542 inhibitorias
794 2507 938 2542 litteras
955 2508 993 2542 in
1010 2519 1094 2544 casu
1113 2509 1375 2552 appellacionis
1393 2521 1459 2545 nec
1475 2511 1565 2546 alias
1591 2518 1719 2548 contra

79 2559 175 2603 ipsos
201 2559 408 2603 episcopum
433 2567 469 2597 et
485 2561 663 2597 vicarium
684 2572 798 2604 neque
824 2562 986 2605 ipsorum
1012 2562 1172 2606 aliquem
1190 2575 1233 2599 ex
1251 2564 1574 2609 appellacionibus‚
1589 2577 1659 2610 que
1673 2569 1717 2602 ab

78 2615 165 2659 ipsis
180 2615 451 2660 archiepiscopo
477 2615 553 2651 sive
569 2615 643 2651 suis
659 2616 875 2650 officialibus
892 2616 986 2651 datis
1003 2629 1066 2652 seu
1083 2617 1212 2652 dandis
1230 2629 1303 2653 non
1319 2619 1524 2661 obediendi,
1542 2632 1663 2664 ymmo
1679 2622 1717 2656 in

77 2671 295 2715 supradictis
321 2671 464 2706 casibus
487 2672 530 2706 ad
556 2672 676 2706 sedem
709 2675 869 2706 sanctam
903 2671 1107 2708 Romanam
1141 2678 1175 2708 et
1207 2685 1280 2709 non
1311 2675 1398 2709 alibi
1429 2675 1709 2718 ressortissandi,

76 2725 252 2771 dictisque
280 2725 563 2770 possessionibus
587 2730 621 2761 et
649 2725 793 2761 saisinis
828 2726 940 2761 iidem
975 2726 1163 2771 episcopus
1193 2732 1229 2763 et
1259 2728 1303 2763 de
1331 2728 1501 2763 Peronna
1520 2730 1576 2764 usi
1606 2734 1713 2775 atque

75 2781 191 2825 gavisi
216 2781 366 2825 pacifice
394 2781 530 2816 fuerint
560 2793 581 2815 a
610 2785 711 2815 tanto
737 2785 911 2825 tempore,
931 2782 975 2817 de
991 2787 1097 2827 cujus
1121 2784 1304 2818 contrario
1321 2783 1510 2819 hominum
1536 2787 1710 2822 memoria

75 2846 148 2871 non
163 2836 296 2877 existit,
314 2841 377 2872 aut
393 2836 521 2871 saltem
540 2836 635 2880 quod
659 2836 704 2870 ad
732 2836 861 2871 bonam
890 2838 1152 2881 possessionem
1184 2843 1220 2873 et
1242 2839 1413 2873 saisinam
1441 2841 1709 2884 acquirendam,

74 2890 300 2927 retinendam
317 2896 352 2928 et
367 2891 652 2927 conservandam
669 2891 804 2927 sufficit
820 2904 862 2927 ac
881 2893 1047 2929 sufficere
1065 2894 1171 2929 debet
1188 2898 1226 2929 et
1240 2905 1304 2939 per
1329 2894 1458 2930 ultima
1482 2900 1645 2943 tempora
1672 2903 1707 2935 et
