2097 3466
670 286 802 321 ANNO
829 287 940 327 1235,
969 288 1204 322 1234-1236
1716 291 1758 322 95

125 387 226 411 suam
251 388 272 411 a
295 377 471 421 sanguine
495 377 697 422 prohibere,
718 391 761 414 ne
784 379 813 414 si
838 392 938 415 secus
966 383 1101 425 ageret,
1117 392 1189 415 non
1212 379 1407 415 custodiret
1432 380 1604 424 populum
1623 380 1746 421 Israel,

124 431 203 475 [nec
219 443 326 476 super
348 444 458 477 grege
481 445 546 467 suo
570 434 684 469 noetis
700 434 845 479 vigilias
861 435 1042 480 vigilare,]
1058 435 1118 470 sed
1142 435 1301 470 dormire
1324 446 1385 470 seu
1410 435 1606 470 dormitare
1631 436 1750 479 potius

124 486 318 522 videretur.
339 488 453 523 Porro
469 500 534 523 nec
559 489 628 524 fuit
652 490 855 524 mandantis
872 491 1023 526 intentio
1041 503 1106 526 nce
1122 491 1287 525 voluntas
1303 490 1492 525 scribentis
1517 491 1585 525 hoc
1611 491 1749 531 habuit,

124 545 164 576 ut
178 553 286 586 super
302 543 383 577 aliis
407 543 602 587 provinciis
621 548 870 588 praeterquam
888 547 931 580 de
957 546 1095 581 haeresi
1118 545 1300 580 infamatis
1324 546 1369 580 ad
1390 557 1448 580 eos
1472 546 1605 590 scripta
1630 546 1751 591 hujus-

124 597 220 631 modi
237 601 459 638 emanarent,
479 598 559 632 etsi
583 599 674 634 forte
698 600 902 635 contrarius
927 601 1037 635 suerit.
1052 601 1263 635 subsecutus
1287 603 1446 640 eventus,
1465 601 1644 635 credimus
1660 601 1755 644 quod

123 652 192 687 hoc
208 653 337 697 ignara
353 654 542 697 occupatio
559 655 682 689 fecerit
699 656 755 690 vel
777 656 899 690 dolosa
915 656 1098 699 subreptio
1116 655 1331 699 procurarit,
1350 667 1392 689 ac
1416 655 1496 689 ideo
1519 668 1561 690 ca
1586 656 1752 690 volumus

122 707 251 742 effectu
269 719 403 748 carcre,
423 708 552 751 quibus
569 708 705 752 [causa]
723 721 793 743 non
811 709 880 744 fuit,
895 709 1054 744 efficiens
1071 709 1223 744 intentio
1240 709 1477 744 mandatoris,

167 761 302 796 Verum
320 762 405 806 quia
422 762 516 797 inter
532 767 691 797 caeteras
704 763 906 807 provincias
919 764 1050 808 [vestra
1066 763 1278 807 (provincia)
1293 764 1537 798 sinceritatem
1555 763 1754 798 catholicae

123 817 218 858 fidei,
244 821 362 853 vestra
393 822 428 853 et
454 822 654 854 vestrorum
687 820 1000 863 praedecessorum
1031 819 1286 861 sollicitudine,
1320 820 1501 864 perpetuis
1532 821 1754 864 temporibus

122 873 353 917 observavit‚]
370 874 587 908 fraternitati
613 877 751 909 vestrae
782 886 844 918 per
867 875 1063 919 apostolica
1086 874 1219 918 scripta
1244 875 1468 916 mandamus,
1488 878 1664 918 quatenus
1682 886 1753 909 non

122 930 345 966 obstantibus
368 930 497 965 litteris
525 943 632 975 super
659 931 862 975 praemissis
891 932 1002 976 priori
1037 931 1250 975 provinciali
1283 931 1436 966 fratrum
1465 931 1754 975 praedicatorum

122 984 159 1019 in
190 986 345 1020 Francia
368 986 566 1026 destinatis,
597 998 686 1030 quas
709 990 883 1030 quantum
908 987 953 1021 ad
982 987 1094 1030 ipsam
1119 986 1343 1030 provinciam
1367 997 1590 1026 revocamus,
1621 986 1755 1030 singuli

121 1043 279 1075 vestrum
297 1040 335 1075 in
351 1040 504 1075 dioecesi
521 1052 585 1075 sua
602 1045 820 1084 opponentes
836 1053 897 1075 vos
922 1053 1066 1075 murum
1084 1052 1148 1084 pro
1163 1041 1270 1075 domo
1287 1040 1461 1085 [Domini]
1482 1040 1757 1075 ascendentibus

121 1107 165 1130 ex
191 1096 352 1136 adverso,
383 1099 508 1130 eontra
534 1096 735 1131 haereticos
766 1096 974 1141 hujusmodi
1003 1096 1175 1131 studeatis
1198 1095 1351 1130 sollicite
1378 1095 1539 1130 debitum
1565 1095 1754 1139 pastoralis

121 1150 230 1184 officii
247 1162 414 1185 exercere
438 1154 473 1186 et
496 1162 555 1185 eos
578 1151 814 1186 reconciliare
833 1152 998 1190 Domino.
1018 1162 1172 1195 quorum
1197 1154 1333 1185 mentes
1357 1150 1508 1194 angelus
1525 1150 1755 1184 tenebrarum

120 1217 316 1240 excaecans
342 1218 364 1240 a
387 1206 593 1250 cognitione
616 1206 693 1241 veri
717 1207 864 1241 luminis
891 1207 1048 1242 reddidit
1074 1207 1222 1246 alienas,
1246 1209 1286 1241 ut
1310 1217 1381 1240 non
1406 1205 1500 1239 sicut
1525 1216 1660 1245 servus,
1692 1205 1753 1248 qui

120 1260 188 1295 sibi
211 1261 386 1296 talentum
403 1261 580 1296 creditum
598 1273 670 1296 non
693 1262 843 1296 tradidit
866 1261 1120 1296 nummulariis
1137 1261 1182 1295 ad
1206 1272 1346 1300 usuras,
1363 1261 1424 1294 sed
1448 1260 1486 1294 in
1509 1259 1655 1294 sudario
1672 1259 1754 1294 reli-

120 1315 232 1360 gavit,
248 1315 404 1360 [possitis
420 1316 591 1361 redargui
605 1329 612 1359 ;
632 1316 955 1360 quinpotius,sieut
970 1316 1042 1356 ille,
1054 1327 1160 1359 quem
1177 1315 1316 1350 invenit
1333 1314 1508 1349 Dominus
1520 1325 1628 1358 super
1641 1325 1757 1357 pauca

121 1371 275 1412 fidelem,
293 1383 402 1415 super
417 1372 531 1406 multa
547 1371 717 1406 constitui
742 1374 777 1406 et
800 1371 846 1405 ad
861 1374 1009 1406 aeterna
1026 1369 1237 1405 mereamini
1254 1369 1389 1414 gaudia
1405 1368 1614 1413 sublevari]
1633 1370 1753 1403 Coete-

119 1437 202 1462 rum
219 1427 315 1470 quod
338 1427 425 1462 dicti
450 1428 579 1462 fratres
595 1438 637 1461 οο
653 1430 736 1461 sunt
759 1427 804 1461 ad
829 1426 1067 1461 confutandos
1090 1425 1291 1460 haereticos
1307 1425 1476 1469 aptiores,
1495 1436 1566 1468 quo
1583 1424 1698 1468 magis
1715 1424 1753 1458 in

120 1481 172 1516 eis
188 1482 348 1517 vivificat
362 1482 437 1518 vita
458 1482 661 1517 doctrinam
677 1486 713 1517 et
735 1482 900 1517 doctrina
916 1482 1027 1516 vitam
1052 1481 1235 1522 informat,
1254 1481 1340 1515 dum
1357 1480 1426 1515 hoc
1450 1480 1487 1514 in
1504 1490 1630 1513 eorum
1648 1478 1754 1513 mori·

120 1537 186 1571 bus
202 1537 338 1582 legitur
359 1538 455 1581 quod
472 1537 698 1572 sermonibus
714 1537 927 1581 explicatur,
955 1536 1100 1581 negotio
1128 1536 1210 1571 fidei
1235 1535 1417 1570 credimus
1433 1534 1613 1578 expedire,
1640 1536 1681 1568 ut
1696 1544 1755 1568 eos

119 1590 166 1625 ad
182 1591 412 1635 extirpandos
425 1603 566 1627 errores
579 1603 831 1636 perversorum
847 1592 1070 1636 dogmatum,
1087 1590 1180 1625 sicut
1192 1590 1361 1635 expedire
1374 1589 1547 1631 videritis,
1560 1588 1753 1624 advocetis.

166 1647 298 1682 Datum
315 1648 497 1689 Laterani,
517 1648 590 1682 kal.
610 1648 813 1689 Februarii,
833 1647 1063 1692 pontificatus
1081 1647 1193 1682 nostri
1211 1658 1306 1681 anno
1324 1645 1487 1690 septimo.

473 1725 598 1760 pierre
615 1725 742 1765 Varin,
761 1723 937 1759 Archives
962 1724 1281 1759 administrativa
1306 1723 1351 1757 de
1375 1723 1412 1757 la
1436 1722 1524 1756 ville
1549 1722 1593 1756 de
1619 1722 1755 1764 Reims,

516 1781 594 1815 deel
611 1781 638 1821 Ι,
657 1781 793 1815 tweede
806 1780 901 1821 stuk,
922 1780 987 1814 blz.
1007 1782 1070 1814 573
1087 1791 1131 1814 en
1148 1782 1223 1815 574.
1242 1778 1433 1821 (Potthast,
1453 1778 1531 1812 deel
1548 1777 1575 1817 Ι,
1596 1778 1661 1812 blz.
1681 1780 1756 1819 802,

518 1843 556 1870 nr
572 1838 682 1877 9386).
700 1855 743 1860 -
760 1835 924 1869 Dezelfde
937 1835 1000 1869 bul
1016 1835 1114 1869 werd
1131 1846 1200 1869 aan
1216 1834 1286 1868 den
1302 1833 1566 1876 aartsbisschop
1583 1844 1652 1867 van
1670 1832 1758 1867 Sens

517 1902 561 1925 en
588 1902 658 1924 aan
682 1892 772 1933 zijne
799 1889 1031 1933 suffraganen
1055 1889 1237 1933 gezonden
1262 1900 1306 1932 op
1329 1888 1399 1922 den
1423 1892 1441 1922 4
1467 1887 1641 1922 Februari
1661 1889 1756 1922 1234.

517 1945 568 1980 Te
583 1945 716 1980 vinden
739 1945 786 1987 bij
811 1944 946 1988 Ripoll,
964 1944 1044 1979 deel
1059 1943 1087 1984 Ι,
1109 1944 1174 1978 blz.
1193 1946 1247 1984 66,
1266 1942 1421 1977 waaruit
1443 1944 1501 1985 wij
1522 1942 1663 1977 Varin’s
1679 1954 1760 1977 zeer

516 2001 654 2045 slordig
670 2000 887 2044 uitgegeven
903 1999 988 2034 stuk
1006 1998 1195 2033 verbeterd
1211 2009 1255 2032 en
1273 1997 1479 2042 aangevuld
1495 1997 1648 2032 hebben.

894 2124 984 2168 94.

188 2239 326 2290 1235,
351 2241 594 2297 Kamerzjh
611 2254 665 2284 en
684 2240 890 2284 Dowaaz‘.
910 2239 1151 2283 Uittreksel
1171 2239 1234 2282 uit
1259 2239 1334 2282 het
1352 2239 1500 2281 Breve
1516 2237 1760 2280 chronicon

124 2307 344 2352 Lobz‘ense
375 2323 480 2352 over
511 2310 562 2352 de
595 2309 866 2365 ontdekking
898 2323 952 2352 en
985 2307 1281 2363 verbranding
1314 2321 1397 2350 van
1433 2307 1600 2350 ketters
1623 2307 1666 2349 in
1690 2307 1758 2349 die

125 2381 238 2421 twee
259 2378 429 2423 steden.

169 2478 427 2514 MCCXXXV.
449 2478 525 2513 Hoc
541 2490 636 2513 anno
654 2478 791 2513 inventi
808 2482 891 2512 sunt
909 2477 1021 2522 Bogri
1034 2477 1130 2521 apud
1145 2477 1380 2512 Cameracum
1394 2479 1429 2510 et
1442 2476 1604 2510 Duacum
1619 2477 1653 2509 et
1666 2486 1760 2509 com-

126 2532 220 2568 bum
237 2537 331 2568 sunt'
475 2579 592 2612 Breve
614 2576 813 2612 chronicon
840 2577 1019 2612 Lobiense
1046 2577 1093 2620 bij
1122 2576 1298 2618 Martene,
1333 2575 1566 2616 Thesaurus,
1592 2575 1671 2610 deel
1695 2573 1758 2615 ΙΙΙ,

520 2634 584 2668 blz.
606 2635 700 2668 1427.

899 2710 987 2754 95.

188 2827 506 2882 (1234-1236),
534 2826 790 2882 Kameraejk,
819 2825 1016 2869 Dowaai
1048 2838 1102 2868 en
1136 2823 1408 2868 omscrelcen.
1434 2823 1673 2866 Uittreksel
1698 2822 1759 2865 uit

126 2895 178 2938 de
210 2896 483 2953 rijmkronijk
518 2909 603 2938 van
637 2895 720 2937 den
743 2894 986 2951 tijdgenoot
1008 2894 1172 2950 Philips
1197 2891 1400 2936 Mouskes
1423 2891 1491 2949 (of
1509 2892 1708 2936 Mousket
1720 2891 1758 2948 2²)

126 2978 230 3008 over
262 2965 312 3008 de
345 2965 637 3020 handelingen
670 2977 754 3007 van
787 2962 970 3007 broeder
1002 2962 1166 3006 Robert
1197 2963 1262 3005 als
1285 2960 1558 3017 inquisiteur.
1586 2986 1642 2992 —
1665 2960 1757 3003 Met
