2097 3466
793 245 926 280 ANNO
955 247 1052 279 1266
1697 252 1759 285 1:33

880 388 990 431 141.

187 516 328 566 1266,
350 514 582 558 Februarz·
612 515 690 566 26,
719 516 934 558 Perusia.
963 515 1041 557 Bul
1066 529 1149 558 van
1175 514 1373 559 Clemens
1398 517 1459 558 IV
1492 518 1662 573 gei-iclit
1693 520 1759 561 tot

125 583 204 627 den
232 585 349 640 prior
371 584 448 626 der
466 583 778 638 predikheeren
795 588 838 627 te
857 585 1014 641 Parijs,
1042 598 1108 626 om
1133 584 1230 627 hem
1250 587 1293 627 te
1312 585 1490 628 bevelen
1512 587 1605 629 vier
1623 588 1759 642 inqui·

124 654 284 696 siteurs
317 667 423 695 over
445 653 522 695 het
552 652 807 708 koninkrijk
831 652 1070 711 Frankrijk
1105 667 1187 696 aan
1222 657 1265 696 te
1304 654 1476 696 stellen.
1512 677 1566 684 —-
1603 656 1670 698 Na
1708 656 1759 698 ‹le

123 736 306 779 gewone
331 721 540 777 iuleiding
563 735 667 763 over
689 722 769 763 den
791 722 899 778 ijver
922 735 1005 764 van
1030 723 1111 764 den
1138 723 1190 764 H.
1213 722 1329 765 Stoel
1352 728 1480 778 tegeri
1501 723 1552 765 de
1570 723 1754 773 kettem,

124 791 348 834 verklaart
373 791 424 833 de
448 804 554 846 paus
577 790 725 832 vooral
751 794 794 833 te
818 791 966 833 willeri
1001 790 1158 833 waken
1183 805 1288 833 over
1319 792 1395 835 het
1428 792 1513 848 rijk
1554 806 1638 836 van
1676 793 1757 835 den

124 874 223 903 zeer
245 859 428 916 vurigen
448 858 614 914 koning
636 858 860 916 Lodewijk
886 860 966 902 IX.
994 861 1175 902 Daarom
1201 864 1316 902 moet
1338 860 1390 903 de
1414 861 1533 916 prior
1564 860 1641 904 der
1665 876 1760 918 pre-

123 929 364 972 dikheeren
399 931 443 972 te
476 928 618 985 Parijs
650 928 744 970 vier
782 929 921 983 zijner
954 928 1264 971 ordebroeders
1299 929 1516 972 uitkiezen
1551 943 1619 972 om
1642 930 1685 972 in
1710 931 1761 973 de

124 998 281 1041 landen
305 1011 389 1040 van
413 996 496 1040 den
530 997 785 1039 Fransehen
821 1001 941 1040 vorst
974 997 1048 1040 het
1081 996 1200 1041 ambt
1231 1011 1316 1040 van
1349 998 1687 1043 kettermeester
1718 1003 1762 1043 te

121 1067 375 1118 bekleeden‚
402 1066 681 1122 uitgenomen
705 1066 747 1109 in
772 1067 994 1109 Provence
1017 1080 1068 1109 en
1103 1066 1146 1109 in
1180 1067 1209 1109 't
1231 1067 1491 1124 graafsehap
1529 1068 1757 1112 Toulouse.

122 1135 183 1194 Zij
209 1136 351 1179 zullen
376 1132 567 1179 dezelfde
599 1134 801 1178 machten
826 1134 1017 1178 bezitten
1041 1135 1106 1178 als
1128 1135 1180 1178 de
1203 1135 1485 1191 inquisiteurs
1523 1136 1601 1180 der
1638 1137 1758 1188 orde,

120 1205 189 1248 die
215 1218 399 1261 vroeger
421 1204 527 1247 door
555 1203 637 1246 den
657 1204 710 1247 H.
738 1203 854 1247 Steel
880 1204 920 1246 in
945 1204 1014 1247 die
1035 1207 1260 1260 gewesten
1286 1205 1465 1248 werden
1487 1207 1758 1262 aangesteld.

121 1275 180 1318 De
199 1287 307 1330 paus
325 1276 514 1330 vergunt
533 1273 633 1316 hem
650 1275 805 1316 tevens
824 1273 875 1316 de
898 1273 1114 1329 toelating
1135 1287 1272 1317 eenen
1291 1273 1340 1317 of
1351 1288 1469 1318 meer
1486 1274 1580 1318 dier
1596 1275 1762 1319 ketter-

121 1347 331 1386 meesters
355 1342 404 1385 af
420 1346 463 1386 te
486 1343 644 1385 stellen
669 1356 723 1385 en
747 1341 798 1384 de
820 1342 1155 1398 afgestorvenen
1189 1342 1325 1386 onder
1358 1343 1444 1386 hen
1483 1343 1592 1388 door
1625 1356 1762 1388 eenen

120 1411 169 1455 of
186 1425 304 1455 meer
321 1411 605 1468 inquisiteurs
628 1414 716 1454 met
739 1411 900 1469 gelijke
926 1411 1128 1454 machten
1147 1417 1190 1455 te
1208 1426 1478 1469 vervangen,
1501 1413 1563 1456 dit
1581 1413 1688 1456 alles
1708 1427 1764 1456 na

120 1495 169 1524 er
191 1486 278 1524 met
301 1481 452 1537 eenige
475 1480 754 1537 verstandige
778 1479 982 1524 broeders
1006 1480 1145 1538 zijner
1177 1480 1281 1523 crde
1314 1495 1417 1525 over
1449 1481 1761 1540 beraadslaagd

120 1555 164 1594 te
195 1549 380 1593 hebben.

165 1662 328 1697 Clemens
353 1660 552 1704 episeopus,
571 1671 695 1694 servus
719 1671 906 1695 servorum
932 1659 1009 1701 Dei,
1036 1660 1167 1695 dilecto
1193 1660 1269 1695 filio
1298 1660 1411 1705 priori
1441 1661 1597 1696 fratrum
1625 1661 1763 1697 ordinis

120 1717 410 1762 praedicatorum
430 1715 622 1757 parisien„
641 1716 793 1750 salutem
811 1716 845 1751 et
861 1716 1096 1759 apostolicam
1113 1716 1414 1751 benedictionem.

164 1773 258 1808 Prae
274 1771 414 1807 eunetis
431 1775 574 1807 nostrae
590 1772 720 1806 mentis
736 1771 1035 1807 desiderabilibus
1052 1772 1254 1807 catholicae
1271 1772 1538 1808 incrementum
1556 1772 1639 1808 fidei
1657 1773 1761 1808 affec-

120 1831 236 1864 tantes
265 1827 377 1862 nimio
413 1827 538 1871 utique
573 1828 697 1862 dolore
731 1828 927 1871 replemur,
955 1839 1038 1862 cum
1073 1827 1242 1862 audimus
1269 1828 1411 1872 aliquos
1439 1829 1495 1864 vel
1519 1829 1693 1864 sentimus
1717 1828 1763 1863 ad

119 1883 219 1918 illius
246 1881 510 1927 depressionem
539 1883 783 1926 qualicunque
814 1882 1042 1927 malignitate
1067 1886 1244 1927 satagere,
1272 1884 1329 1918 vel
1353 1884 1621 1919 damnabilibus
1648 1884 1762 1928 ipsam

120 1939 350 1983 depravando
377 1938 718 1982 reprehensionibus
746 1940 809 1972 aut
840 1937 1164 1973 detractationibus
1191 1938 1224 1973 ei
1254 1939 1528 1983 abrogabilibus
1555 1940 1763 1984 derogando

120 2006 183 2030 seu
200 1993 412 2029 commentis
423 1994 576 2028 eandem
593 1993 827 2028 mendacibus
844 1994 1081 2037 pervertendo
1098 2006 1106 2036 ς
1124 1994 1170 2028 ad
1187 2005 1343 2037 quorum
1360 1994 1486 2038 iniqua
1503 1995 1764 2030 consternenda

122 2049 311 2084 molimina
334 2061 376 2084 eo
400 2049 598 2083 animosius
622 2049 835 2092 aspiramuS,
863 2060 934 2092 quo
962 2048 1000 2083 in
1028 2048 1235 2083 animarum
1260 2052 1419 2094 stragem
1443 2049 1681 2094 perniciosius
1704 2061 1764 2084 eos

121 2104 352 2149 agnoscimus
384 2103 603 2148 conspirare.
635 2104 729 2138 Sane
757 2103 841 2138 licet
869 2103 1022 2138 ubilibet
1053 2103 1146 2138 sedis
1175 2104 1393 2148 apostolieae
1419 2105 1610 2150 diligentia
1638 2107 1764 2139 contra

122 2161 250 2197 talium
267 2161 426 2196 dolosam
443 2160 626 2202 astutiam,
646 2172 690 2195 ne
706 2160 872 2194 diffusius
889 2160 1097 2204 hujusmodi
1113 2164 1234 2204 serpat
1254 2162 1413 2202 morbus,
1433 2161 1633 2196 remedium
1650 2161 1763 2196 liben-

122 2221 178 2253 ter
192 2217 362 2252 adliibeat
378 2220 620 2260 opportunum
645 2216 684 2250 in
701 2215 1002 2250 christianissimo
1026 2227 1140 2260 regno
1166 2216 1402 2257 Francorum,
1415 2216 1454 2251 in
1476 2228 1547 2260 quo
1572 2216 1764 2260 praecipue

123 2273 210 2308 fides
233 2272 413 2307 catholica
436 2271 560 2316 vigere
588 2270 826 2315 dignoscitur,
843 2270 1028 2314 cupientes
1051 2271 1169 2312 anxie,
1196 2274 1236 2306 ut
1261 2271 1446 2315 negotium
1472 2272 1554 2306 fidei
1577 2271 1661 2316 jugi
1684 2283 1763 2316 pro-

123 2329 230 2369 fectu,
246 2327 343 2363 elisis
359 2326 507 2361 omnino
525 2325 745 2368 quibuslibet
761 2324 959 2365 erroribus,
979 2325 1108 2359 fortius
1130 2325 1357 2360 convalescat
1378 2325 1532 2369 vigilare
1548 2326 1594 2360 ad
1616 2325 1683 2360 hoc
1702 2337 1765 2369 per

123 2395 186 2419 nos
209 2386 244 2418 et
267 2383 356 2417 alios
380 2393 422 2416 eo
446 2381 631 2416 studemus
655 2380 828 2415 attentius
853 2391 924 2423 quo
949 2380 1202 2414 charissimum
1229 2380 1266 2414 in
1290 2380 1433 2415 Christo
1459 2381 1574 2415 filium
1601 2384 1763 2416 nostrum

123 2437 376 2483 L[udovicuml
394 2437 572 2471 illustrem
597 2437 823 2470 Francorum
849 2447 970 2479 regem
996 2435 1250 2470 ferventiorem
1274 2436 1448 2470 sentimus
1471 2437 1516 2470 ad
1542 2436 1636 2471 idem
1655 2448 1762 2480 nego-

122 2494 213 2529 tium
229 2493 425 2528 efficaciter
454 2491 751 2536 promovendum.
772 2490 1003 2525 Providimus
1030 2490 1146 2535 igitur
1167 2490 1301 2525 ibidem
1331 2491 1376 2525 ad
1402 2502 1569 2535 praesens
1596 2503 1764 2535 personas

121 2549 262 2592 aliquas
285 2548 564 2591 circumspectas
590 2558 654 2590 pro
679 2549 779 2581 tanto
808 2545 954 2589 negotio
977 2545 1157 2589 deputari,
1183 2557 1338 2590 quarum
1362 2546 1513 2581 honesta
1536 2547 1764 2582 conversatio

121 2604 325 2648 exemplum
353 2602 491 2638 tribuat
517 2602 687 2646 puritatis
715 2605 750 2636 et
777 2601 981 2635 doctrinam
1013 2601 1168 2636 fundant
1194 2601 1338 2636 erudita
1366 2601 1464 2636 labia
1494 2602 1691 2637 salutarem
1724 2606 1765 2637 ut

121 2671 224 2694 sacro
251 2659 411 2703 ipsarum
440 2657 642 2692 ministerio
671 2657 873 2700 praefatum
901 2667 1056 2700 regnum
1084 2656 1246 2691 immune
1273 2657 1319 2690 ab
1346 2657 1555 2700 hujusmodi
1584 2657 1764 2701 contagiis

122 2718 385 2759 praeservetur.
405 2713 541 2747 Verum
558 2713 643 2756 quia
661 2713 703 2746 de
721 2711 933 2755 prudentiae
957 2716 1041 2746 tuac
1066 2711 1245 2746 industria
1268 2712 1410 2746 firmam
1436 2712 1473 2746 in
1499 2711 1653 2746 Domino
1672 2713 1762 2746 fidu-

123 2770 216 2804 ciam
243 2769 459 2809 obtinemus,
485 2767 693 2802 discretioni
723 2771 805 2801 tuae
835 2778 898 2810 per
925 2766 1122 2809 apostolica
1150 2767 1284 2811 scripta
1322 2767 1475 2801 firmiter
1509 2767 1764 2811 praecipiendo

123 2826 346 2865 mandamus,
374 2831 551 2868 quatenus
580 2824 624 2858 dc
656 2822 806 2857 consilio
837 2823 1043 2865 aliquorum
1076 2822 1314 2857 discretorum
1345 2824 1497 2858 fratrum
1535 2822 1585 2857 tui
1627 2822 1764 2857 ordinis

123 2881 238 2925 eligas,
271 2884 427 2924 quatuor
449 2880 493 2914 de
518 2879 690 2914 fratribus
713 2879 871 2922 ejusdcm
897 2878 1033 2912 ordinis
1057 2882 1140 2913 tuae
1165 2879 1372 2922 provinciae
1397 2879 1543 2913 idoneos
1568 2879 1612 2913 ad
1640 2878 1763 2922 hujus-

124 2936 221 2974 modi
243 2947 331 2983 opus
348 2934 579 2970 Dominicum
597 2933 858 2978 exequendum,
878 2932 1000 2978 eisque
1026 2932 1062 2968 in
1086 2933 1219 2968 virtute
1243 2933 1470 2969 obedientiae
1485 2933 1647 2968 districte
1663 2944 1763 2978 apos-
