2097 3466
841 223 975 259 ANNO
1002 224 1103 258 1458
1729 222 1793 255 339

147 319 266 364 lupus,
284 318 345 354 sed
362 318 462 353 canis
484 330 559 353 esse
584 318 764 354 credatur.
785 318 900 354 Canes
924 318 989 353 Dei
1005 320 1089 352 sunt
1112 316 1357 361 predicatores
1380 315 1441 359 qui
1466 314 1601 349 habent
1624 313 1790 358 linguam

146 373 412 410 medicinalem.
432 373 492 408 Sic
508 373 658 408 heretici
676 384 713 408 se
729 373 873 418 fingunt
897 372 1094 416 aliquando
1109 371 1244 406 habere
1257 371 1368 405 verba
1386 369 1655 414 predicatorum
1671 368 1792 402 dicen-

145 432 199 464 tes
223 428 347 473 aliqua
374 429 480 470 bona,
506 431 547 463 ut
570 427 622 462 sic
646 428 794 463 trahant
817 429 863 462 ad
887 428 989 468 falsa,
1027 426 1333 471 quemadmodum
1371 424 1508 459 Paulus
1536 423 1718 467 apostolus
1750 423 1798 458 ad

147 485 331 520 Romanos
347 483 474 518 scribit
486 483 610 518 dicens
626 483 786 527 capitulo
803 486 902 518 sexto
919 483 1059 517 decimo
1075 495 1082 516 :
1099 497 1114 509 ιι
1135 482 1222 516 Post
1238 481 1361 515 dulces
1376 490 1557 514 sermones
1575 483 1610 514 et
1627 478 1791 514 benedic-

146 539 262 575 tiones
278 538 455 573 seducunt
471 538 581 573 corda
605 537 853 572 innocentum.
876 554 891 566 „
912 537 1031 572 Etiam
1054 536 1115 571 hic
1139 536 1295 570 habebat
1317 536 1516 571 secundum
1540 537 1797 581 apparcnciam

147 593 457 628 conversationem
474 594 618 634 bonam,
634 593 721 637 quia
737 593 841 628 valde
858 597 1041 627 austeram
1057 591 1170 626 vitam
1184 591 1350 631 ducebat,
1366 592 1622 627 abstinentiam
1637 592 1801 636 corporis

144 648 353 684 sectabatur
379 648 631 692 orationesque
656 649 782 693 longas
807 651 842 683 et
865 647 1117 683 deuotissimas
1145 647 1311 682 faciebat.
1342 647 1446 682 Undc
1471 651 1505 682 et
1528 647 1649 681 adhuc
1673 647 1711 681 in
1735 646 1801 681 tali

146 704 242 739 facto
254 703 406 739 heretici
423 707 572 748 possunt
587 703 781 738 assimilari
798 704 896 748 lupo.
914 704 1068 748 Legitur
1083 703 1181 738 enim
1199 703 1294 747 quod
1311 703 1418 746 lupus
1436 704 1562 738 subtus
1579 703 1666 737 folia
1682 703 1799 737 viren-

146 758 204 793 cia
218 770 256 794 se
272 758 461 794 abscondit
477 762 518 793 ut
530 770 616 793 oues
633 759 817 794 venientes
833 759 953 803 capiat
969 763 1004 794 et
1020 758 1172 794 occidat.
1190 758 1294 793 Folia
1310 758 1471 792 virencia
1489 762 1573 793 sunt
1592 761 1801 793 sanctorum

144 813 308 850 virorum
336 825 446 858 opera
473 813 512 848 in
541 814 719 849 charitate
745 815 841 850 facta
867 816 933 850 sub
957 815 1088 859 quibus
1113 814 1265 850 heretici
1291 826 1328 849 se
1360 815 1598 855 abscondunt,
1618 815 1705 850 dum
1733 815 1801 849 hec

145 869 272 904 eadem
288 868 428 903 faciunt
441 873 482 904 ut
495 869 677 913 simplices
693 870 890 914 decipiant.

190 920 310 966 Igitur
325 921 411 965 quia
430 922 492 957 hic
509 922 586 957 Edo
602 923 726 958 dulces
742 935 924 959 sermones
939 926 975 959 et
991 926 1173 958 austeram
1198 922 1312 958 vitam
1338 923 1506 965 habebat,
1526 923 1607 959 ideo
1633 924 1739 959 multi
1756 924 1801 958 ab

146 988 188 1012 eo
205 977 482 1019 seducebantur,
497 977 538 1012 in
550 980 692 1013 tantum
705 981 747 1014 ut
760 990 887 1014 rumor
899 979 942 1014 de
956 979 1033 1014 eius
1046 978 1212 1014 doctrina
1229 982 1439 1023 augeretur.
1458 980 1620 1024 Cumque
1634 979 1802 1014 officiarii

147 1030 391 1067 Traiectensis
405 1031 559 1067 diocesis
575 1032 707 1076 prefati
724 1033 858 1067 famam
875 1033 952 1068 eius
969 1033 1166 1074 audissent,
1186 1033 1422 1076 captiuarunt
1445 1046 1528 1069 eum
1553 1037 1588 1069 et
1605 1037 1803 1078 posuerunt

145 1098 230 1122 eum
245 1086 285 1121 in
301 1087 408 1121 firma
431 1087 595 1122 custodia
610 1091 706 1122 uteo
729 1088 860 1123 melius
883 1089 1166 1123 examinaretur.
1188 1088 1293 1129 Quod
1309 1093 1498 1124 cernentes
1524 1090 1693 1134 discipuli
1711 1091 1800 1131 eius,

146 1141 210 1186 qui
225 1141 429 1177 doctrinam
445 1143 611 1178 insanam
628 1144 673 1178 ab
686 1155 728 1178 eo
745 1144 950 1186 audierant,
971 1144 1196 1179 occultantes
1221 1143 1355 1187 seipsos
1379 1145 1599 1187 resilierunt,
1618 1154 1660 1181 ut
1682 1157 1801 1190 spera-

145 1209 240 1238 mUS,
257 1197 304 1232 ab
320 1196 399 1232 eius
415 1197 596 1233 doctrina.

191 1252 288 1287 Huic
304 1251 422 1287 Edoni
445 1253 606 1289 heretico
623 1256 701 1289 erat
717 1254 866 1298 quidam
890 1254 1104 1298 discipulus,
1124 1265 1198 1288 non
1214 1253 1426 1298 discipulus,
1447 1255 1509 1290 sed
1522 1255 1674 1300 collega,
1692 1255 1744 1291 ita
1760 1259 1802 1291 ut

145 1306 268 1342 verius
283 1306 414 1349 dicam,
433 1308 600 1344 defensor
615 1320 742 1344 eorum
759 1321 828 1353 que
844 1310 890 1344 ab
914 1309 992 1354 ipso
1009 1308 1238 1344 dicebantur.
1261 1309 1331 1344 Hic
1354 1310 1544 1345 dicebatur
1568 1311 1742 1346 Nicolaus
1758 1311 1802 1345 de

146 1363 327 1404 Naerden,
343 1363 510 1398 sacerdos
522 1367 558 1399 et
573 1364 749 1409 magister
764 1365 913 1406 artium,
932 1364 995 1409 qui
1011 1365 1131 1399 locum
1150 1364 1387 1400 habitationis
1404 1365 1560 1401 habebat
1576 1366 1615 1400 in
1629 1366 1802 1400 Aemstel-

145 1418 284 1452 redam.
304 1418 552 1454 Consueuerat
575 1419 674 1454 enim
697 1419 764 1454 iste
780 1419 950 1454 dominus
974 1422 1010 1454 et
1034 1419 1210 1464 magister
1235 1420 1408 1455 Nicolaus
1432 1420 1551 1464 sepius
1577 1420 1694 1455 Edoni
1717 1423 1802 1455 ante

145 1484 248 1508 suam
271 1473 521 1517 captiuitatem
549 1474 589 1509 in
614 1474 784 1510 Haerlem
800 1475 948 1510 visitare
965 1478 1000 1510 et
1016 1487 1085 1519 que
1109 1476 1154 1509 ab
1179 1475 1256 1519 ipso
1281 1476 1498 1510 dicebantur
1521 1476 1713 1511 defendere
1737 1487 1801 1520 per

144 1528 259 1563 malos
271 1528 441 1564 rationes.
453 1529 701 1564 Nihilominus
714 1533 750 1565 et
762 1530 965 1574 sepedictus
977 1531 1053 1565 Edo
1067 1534 1144 1565 erat
1157 1531 1314 1565 multum
1328 1531 1539 1576 ingeniosus
1552 1532 1598 1565 ad
1608 1532 1799 1566 defenden-

144 1584 232 1618 dum
248 1583 347 1620 dicta
362 1596 439 1619 sua.
459 1586 567 1619 Nunc
585 1588 707 1620 autem
724 1585 900 1630 magister
915 1585 1090 1620 Nicolaus
1104 1587 1288 1629 predictus
1304 1587 1455 1621 audiens
1474 1587 1637 1621 Edonem
1653 1590 1799 1630 captum

144 1639 245 1674 venit
261 1639 394 1674 iterum
409 1639 579 1675 Haerlem
597 1641 758 1675 Edonem
773 1640 952 1675 consolari
967 1640 1118 1684 cupiens
1132 1652 1273 1676 necnon
1288 1644 1323 1676 et
1339 1642 1418 1676 eius
1443 1641 1640 1685 discipulos
1657 1642 1798 1676 confor-

144 1699 223 1732 tare
246 1695 466 1737 desiderans,
485 1696 582 1731 unde
599 1699 635 1730 et
657 1696 755 1730 fama
770 1696 848 1731 eius
872 1696 1019 1740 publica
1038 1696 1134 1730 facta
1153 1696 1271 1730 iussus
1288 1700 1339 1731 est
1356 1704 1392 1731 et
1414 1696 1490 1740 ipse
1507 1697 1728 1741 apprehendi
1754 1698 1799 1731 ab

145 1751 332 1786 officiariis
360 1751 519 1795 episcopi
546 1751 800 1787 Traiectensis.
834 1752 940 1792 Quod
971 1754 1006 1786 et
1037 1751 1089 1786 ita
1114 1751 1282 1786 celeriter
1305 1752 1443 1786 factum
1465 1756 1530 1788 est.
1562 1753 1639 1787 Edo
1663 1756 1797 1794 autem,

144 1806 232 1850 quia
243 1817 382 1850 pauper
394 1807 476 1847 fuit,
491 1805 629 1841 victum
645 1806 683 1840 in
700 1806 913 1850 captiuitate
930 1807 1048 1841 nendo
1068 1807 1274 1849 acquisivit.

188 1861 347 1896 Vocatus
362 1865 416 1897 est
430 1862 547 1906 igitur
554 1862 800 1897 hereticorum
816 1861 1044 1896 examinator
1053 1862 1097 1896 de
1107 1862 1342 1907 Groeningia,
1355 1863 1482 1898 doctor
1490 1875 1592 1898 sacre
1602 1863 1799 1908 theologie,

143 1917 283 1952 ordinis
298 1917 581 1961 predicatorum.
603 1917 675 1958 Qui
691 1917 842 1952 veniens
867 1917 1037 1951 Haerlem
1061 1923 1096 1951 et
1113 1928 1172 1951 eos
1189 1917 1403 1952 examinans
1418 1919 1578 1962 repperit
1600 1919 1640 1953 in
1664 1919 1800 1954 eisdem

142 1972 398 2015 subsequentes
414 1971 588 2007 articulos
606 1971 690 2006 fidei
703 1983 789 2006 sane
802 1971 1080 2006 contrariantes.
1101 1972 1250 2006 Primus
1263 1973 1440 2007 articulus
1457 1974 1527 2009 fuit
1543 1975 1639 2017 quod
1652 1979 1799 2009 sanctus

144 2027 262 2061 Lucas
278 2026 505 2071 euangelista
532 2038 604 2061 non
621 2027 739 2061 debite
756 2026 849 2061 dixit
867 2027 1058 2061 scribendo
1076 2039 1082 2060 :
1112 2042 1127 2053 ει
1155 2027 1273 2061 Maria
1298 2027 1438 2071 peperit
1461 2028 1578 2063 filium
1603 2041 1708 2063 suum
1728 2030 1798 2073 pri-

142 2080 381 2126 mogenitum,
404 2097 419 2110 22
437 2093 481 2116 ex
504 2081 574 2116 hoc
589 2082 788 2126 allegantes
807 2081 909 2124 quasi
935 2089 1059 2125 postea
1084 2082 1204 2125 plures
1228 2083 1347 2125 proles
1372 2083 1567 2124 habuisset,
1588 2084 1798 2128 ignorantes

143 2136 240 2181 quod
254 2136 336 2170 ideo
354 2136 470 2170 Lucas
481 2136 532 2170 sic
541 2136 685 2179 scripsit
700 2144 738 2170 ut
751 2147 795 2171 ex
808 2136 877 2170 hoc
890 2136 1059 2171 innueret
1072 2137 1168 2180 quod
1182 2143 1266 2171 ante
1281 2137 1299 2171 J
1304 2149 1404 2171 esum
1419 2138 1614 2172 Dominum
1634 2142 1797 2173 nostrum

143 2204 216 2227 non
231 2192 416 2227 habuisset
439 2192 590 2236 prolem.
610 2191 786 2226 Dicebant
801 2202 890 2235 ergo
907 2190 966 2225 isti
984 2191 1080 2234 quod
1097 2191 1298 2235 scripsisset
1315 2203 1321 2225 :
1344 2207 1359 2219 «ι
1381 2193 1425 2227 Et
1442 2194 1581 2237 peperit
1594 2205 1700 2227 suum
1717 2193 1796 2227 uni-

142 2247 321 2293 genitum.
342 2264 358 2277 n
375 2247 466 2283 Item
482 2246 577 2281 alius
592 2246 769 2281 articulus
785 2246 856 2281 fuit
872 2246 968 2290 quod
985 2246 1103 2281 oratio
1121 2258 1211 2290 eque
1230 2248 1319 2282 bene
1336 2253 1451 2291 posset
1476 2248 1555 2282 fieri
1574 2248 1612 2283 in
1629 2249 1797 2283 domibus

142 2304 237 2339 sicut
252 2303 292 2338 in
304 2303 467 2345 ecclesia,
492 2302 578 2347 quia
592 2303 688 2337 Deus
703 2306 757 2337 est
780 2302 913 2345 ubique
927 2314 935 2345 3
953 2305 988 2336 et
1002 2302 1097 2345 quod
1115 2302 1196 2336 ideo
1213 2303 1367 2337 ecclesia
1392 2304 1545 2347 populus
1560 2316 1632 2338 non
1656 2304 1795 2348 indige-

142 2359 216 2394 bat.
233 2358 325 2394 Item
342 2357 512 2393 dicebant
524 2358 620 2401 quod
632 2357 752 2392 Maria
769 2360 886 2391 mater
903 2356 1051 2398 Christi,
1073 2368 1163 2391 crux
1179 2358 1326 2392 Domini
1344 2359 1527 2403 ceterique
1543 2371 1666 2394 omnes
1680 2359 1796 2394 sancti

143 2425 215 2449 non
247 2414 427 2449 debebant
457 2412 604 2448 adorari
640 2424 757 2456 neque
788 2411 945 2453 exorari,
980 2412 1042 2446 sed
1075 2413 1172 2446 solus
1205 2413 1300 2447 Deus
1325 2413 1477 2449 debebat
1501 2415 1667 2457 adorari3
1694 2414 1795 2459 igno-

141 2471 264 2504 rantes
295 2468 478 2512 triplicem
507 2479 583 2502 esse
609 2467 870 2508 adorationem,
904 2467 1075 2502 videlicet
1105 2467 1223 2509 latrie,
1256 2468 1365 2512 dulye
1396 2472 1431 2503 et
1464 2471 1673 2515 yperdulye.
1704 2471 1796 2506 Item

142 2525 291 2570 sanguis
308 2524 443 2560 Christi
460 2524 659 2558 secundum
683 2534 809 2558 eorum
833 2523 1097 2558 estimationem
1122 2523 1191 2558 fuit
1217 2524 1354 2558 nullius
1369 2525 1542 2558 efficacie.
1561 2524 1651 2559 Item
1676 2535 1794 2558 sacra-

142 2585 305 2616 mentum
322 2579 541 2616 eucharistie
556 2579 773 2623 reputabant
791 2581 931 2613 tantum
950 2590 1080 2622 panem
1106 2579 1384 2614 sanctificatum.
1405 2579 1494 2614 ltcm
1514 2580 1609 2623 quod
1634 2585 1795 2623 tempore

144 2636 318 2680 passionis
336 2634 471 2670 Christi
487 2635 601 2670 deitas
620 2634 768 2669 omnino
785 2636 830 2669 ab
847 2635 1076 2670 humanitate
1102 2635 1225 2669 fuisset
1244 2640 1420 2679 separata.
1441 2636 1530 2670 Item
1555 2636 1650 2679 quod
1667 2636 1794 2669 suffra-

144 2691 207 2736 gia
223 2703 288 2736 pro
301 2690 481 2726 defunctis
498 2694 577 2735 post
600 2694 754 2725 mortem
771 2691 867 2725 facta
891 2702 963 2725 non
981 2691 1189 2734 prodessent
1215 2690 1302 2734 ipsis
1319 2691 1509 2726 defunctis.
1527 2691 1615 2725 Item
1641 2691 1702 2735 qui
1717 2691 1794 2725 sine

144 2749 292 2791 peccato
308 2745 454 2781 mortali
478 2745 628 2785 viveret,
652 2756 724 2780 non
748 2746 941 2780 tenebatur
964 2746 1074 2780 semel
1103 2745 1141 2780 in
1164 2757 1260 2780 anno
1286 2746 1463 2786 confiteri,
1490 2750 1523 2781 et
1549 2745 1631 2781 talis
1656 2750 1795 2790 poterat

144 2802 343 2837 secundum
369 2813 496 2837 eorum
524 2801 791 2837 estimationem
815 2803 950 2846 absque
973 2802 1198 2837 confessione
1221 2801 1347 2845 previa
1369 2802 1540 2836 accedere
1564 2802 1610 2835 ad
1634 2813 1792 2836 commu-

144 2855 302 2899 nionem,
321 2856 408 2900 quia
420 2857 579 2893 venialia
594 2857 816 2893 tollebantur
831 2868 896 2902 per
912 2857 1156 2902 aspersionem
1173 2867 1266 2900 aque
1284 2857 1471 2892 benedicte
1487 2860 1522 2892 et
1538 2857 1620 2892 aliis
1635 2868 1791 2892 ceremo-

144 2911 216 2948 niis
233 2912 427 2949 consuetis.
