2097 3466
367 247 428 279 304
1046 243 1177 278 ANNO
1203 244 1304 278 1423

367 335 481 370 dictos
496 335 694 370 haereticos
717 336 867 381 profecti
883 335 1029 377 fuerint,
1048 335 1091 370 de
1115 334 1368 379 omnipotentis
1388 334 1453 369 Dei
1469 332 1716 369 misericordia
1731 334 1767 367 et
1781 334 1986 368 sanctorum

368 401 409 424 ac
426 394 631 425 sanctarum
648 395 850 426 nostrorum
867 394 1099 434 patronorum
1116 393 1152 424 et
1177 392 1410 433 patronarum
1426 387 1564 423 meritis
1579 391 1642 423 aut
1665 385 1831 431 precibus
1847 385 1985 427 confisi,

367 446 402 478 xl
433 445 508 479 dics
530 445 837 489 indulgentiarum
861 445 904 479 dc
935 443 1108 487 injunctis
1135 443 1186 478 eis
1214 442 1440 487 poenitentiis
1464 441 1743 477 misericorditer
1771 439 1810 475 in
1834 439 1987 476 Domino

369 499 582 539 relaxamus,
600 500 844 543 suffraganeos
866 498 1072 542 provinciae
1095 501 1236 532 nostrae
1252 498 1448 539 hortantes,
1467 501 1506 532 ut
1527 497 1584 531 his
1600 495 1730 531 nostris
1753 493 1987 540 indulgentiis

372 554 505 587 similes
522 553 557 587 in
575 554 647 587 suis
663 553 868 588 civitatibus
884 556 918 587 ct
936 553 1158 587 dioecesibus
1173 553 1425 596 superaddant.

418 608 630 642 Mandantes
653 608 799 650 insuper
823 607 988 641 omnibus
1005 610 1039 641 et
1054 607 1206 650 singulis
1229 607 1461 642 ecclesiarum
1485 606 1684 642 rectoribus
1699 608 1734 641 et
1749 616 1874 640 eorum
1896 603 1989 640 vica-

372 662 435 696 riis
448 674 508 697 seu
527 663 741 706 presbyteris
758 662 909 705 aliisque
927 661 1233 705 praedicatoribus
1247 673 1309 705 per
1325 661 1546 705 provinciam
1565 661 1823 702 Coloniensem,
1842 659 1937 703 quod
1948 659 1987 694 in

368 717 521 761 singulis
537 718 760 752 sermonibus
783 718 856 752 suis
871 718 916 751 ad
931 718 1102 761 populum
1119 718 1291 752 faciendis
1306 718 1571 753 exhortationes
1594 717 1727 752 faciant
1751 715 1922 760 speciales
1941 715 1988 750 ad

366 770 607 805 inducendum
636 772 806 815 populum
832 771 1001 815 congruis
1026 772 1150 812 modis,
1181 775 1221 806 ut
1243 771 1433 813 orationes,
1457 772 1599 817 jejunia
1622 775 1658 807 ct
1686 773 1759 808 alia
1781 772 1841 817 pia
1864 783 1984 817 opera,

367 837 559 869 omnesque
576 826 774 869 presbyteri
790 826 906 861 dictae
924 825 1130 869 provinciae
1147 829 1288 860 nostrae
1304 826 1494 861 missarum
1511 827 1548 861 in
1565 827 1747 862 solemniis
1763 825 1986 862 celebrandis

368 881 537 924 speciales
568 881 734 915 collectas
764 885 799 915 et
827 880 1001 924 suffragia
1034 883 1154 915 nostro
1187 880 1339 916 offerant
1378 881 1567 922 Salvatori,
1609 884 1784 925 quatenus
1816 880 1988 916 ecclesiae

366 939 509 970 sanctae
537 939 571 971 et
598 935 690 970 veris
715 935 938 970 Christicolis
962 938 1087 970 contra
1111 947 1353 979 quoscumque
1376 939 1619 979 persecutores
1642 938 1706 971 aut
1726 936 1877 972 rebelles
1898 937 1988 981 eJus-

366 990 445 1024 dem
464 990 673 1034 praesertim
696 990 829 1025 dictam
846 990 951 1024 fidem
975 990 1228 1034 impugnantes
1250 990 1378 1035 largiri
1402 991 1571 1035 dignetur
1593 990 1783 1026 victoriam
1806 993 1842 1026 et
1862 989 1988 1026 trium-

366 1045 488 1089 phum·
710 1088 841 1130 mansi,
860 1089 940 1124 decl
958 1089 1130 1131 xxvm,
1149 1089 1214 1123 blz.
1234 1091 1318 1124 1055
1333 1100 1378 1124 en
1395 1092 1490 1125 1056-

1111 1217 1236 1261 266.

430 1342 566 1393 1423,
592 1343 689 1385 Julz'
707 1342 783 1393 22,
810 1342 1028 1385 Doornz'k.
1057 1342 1295 1385 Uittreksel
1328 1343 1390 1386 uit
1427 1357 1506 1385 een
1545 1342 1852 1398 stadsregister
1883 1355 1988 1386 over

365 1411 489 1454 Gillis
508 1411 732 1462 Mersaust,
756 1410 822 1453 die
841 1425 892 1466 op
917 1411 968 1453 de
990 1414 1141 1466 groote
1160 1412 1303 1454 markt
1320 1411 1546 1467 bepredikt
1570 1411 1687 1454 werd
1705 1412 1749 1455 in
1767 1412 1818 1454 de
1835 1414 1987 1468 tegen-

365 1479 660 1535 woordigheid
700 1494 782 1522 van
817 1480 899 1522 den
941 1479 1140 1536 bisschop
1178 1494 1262 1525 van
1301 1481 1505 1531 Doornik,
1543 1494 1628 1523 van
1670 1484 1783 1523 twee
1825 1478 1987 1522 andere

365 1548 650 1604 hisschoppen
683 1552 730 1592 in
753 1549 968 1606 partibus
1001 1564 1053 1592 en
1077 1564 1159 1592 van
1184 1549 1275 1592 drie
1296 1548 1442 1600 ahten,
1470 1562 1523 1590 en
1545 1548 1609 1591 als
1630 1548 1777 1592 ketter
1808 1562 1987 1606 over-ge-

365 1618 513 1660 leverd
535 1618 654 1660 werd
679 1632 760 1661 aan
784 1619 865 1661 den
889 1619 1162 1675 magistraat,
1191 1620 1257 1662 die
1279 1619 1378 1661 hem
1401 1619 1476 1661 liet
1496 1618 1783 1663 verbi-auden.

413 1744 464 1776 De
483 1742 601 1777 Gilles
618 1744 814 1778 Meo-saule.
828 1763 872 1768 —
888 1743 1049 1788 Lejuedi
1065 1744 1156 1785 xxije
1167 1744 1254 1787 jour
1266 1742 1313 1776 du
1330 1753 1430 1786 moys
1445 1742 1489 1777 de
1503 1742 1616 1778 Jullet
1629 1743 1691 1777 lan
1706 1741 1770 1777 mil
1787 1754 1870 1778 cccc
1881 1741 1984 1786 xxiij,

366 1797 476 1832 Gilles
491 1797 676 1838 Mersaum
695 1797 757 1841 qui
773 1798 872 1842 prins
889 1798 986 1833 avoit
1001 1802 1072 1833 este
1089 1809 1226 1832 comme
1246 1797 1445 1832 incredulle
1461 1800 1496 1832 et
1510 1808 1603 1841 pour
1617 1797 1684 1832 fait
1697 1797 1844 1840 deresie,
1862 1809 1884 1832 a
1906 1800 1986 1834 tout

366 1851 544 1895 pluiseurs
567 1853 693 1887 breues
716 1856 750 1887 et
774 1853 930 1888 cedulles
953 1856 1146 1888 contenans
1168 1863 1310 1887 err-curs
1333 1855 1457 1887 contre
1480 1853 1539 1896 foy
1556 1852 1760 1896 catholique
1774 1854 1810 1888 et
1832 1853 1947 1888 rendu
1963 1864 1986 1888 a

366 1917 606 1950 monsegneur
628 1907 796 1950 leuesque
819 1908 862 1942 de
886 1908 1067 1951 Tournay‚
1084 1911 1118 1942 et
1133 1919 1177 1942 en
1200 1919 1264 1941 son
1280 1919 1404 1951 proces
1418 1919 1481 1942 sur
1493 1919 1533 1942 ce
1549 1907 1625 1949 fait,
1643 1918 1724 1941 sans
1740 1917 1781 1942 ce
1805 1918 1874 1950 que
1897 1906 1925 1941 il
1947 1917 1985 1942 se

364 1962 487 1996 volsis-t
502 1962 704 2006 reuoquier,
731 1962 767 1995 fu
793 1973 895 1996 mene
918 1974 980 1996 sur
996 1974 1042 1997 on
1057 1962 1243 1997 escaffault
1265 1962 1330 1997 fait
1353 1964 1476 1996 contre
1498 1962 1533 1996 le
1554 1961 1651 1996 halle
1673 1973 1712 1996 as
1735 1961 1840 2005 draps
1863 1972 1928 1996 sur
1949 1961 1984 1996 16

364 2020 472 2060 grant
484 2017 643 2051 marchie
659 2017 702 2051 de
717 2017 897 2060 Tournay.
914 2018 958 2051 Et
974 2018 1020 2058 la,
1035 2029 1079 2051 en
1095 2017 1131 2051 la
1147 2028 1314 2061 presence
1327 2016 1429 2052 dudit
1441 2028 1682 2061 monsegneur
1696 2017 1864 2060 leuesque
1876 2018 1912 2052 et
1923 2016 1985 2052 des

362 2082 529 2114 evesques
545 2072 588 2106 de
604 2071 776 2106 Bethleen
791 2072 881 2106 etde
898 2071 1122 2106 Ghehedincs
1138 2074 1173 2106 et
1195 2071 1289 2105 aussi
1313 2072 1373 2106 des
1397 2072 1504 2105 abbes
1527 2071 1571 2106 de
1595 2070 1698 2106 Saint
1713 2071 1861 2113 Martin,
1881 2069 1986 2106 Saint

364 2128 497 2161 Amant
519 2130 555 2161 et
578 2126 678 2161 Saint
696 2127 857 2170 Nic-olax,
876 2127 1206 2175 predicationAfaite
1229 2131 1264 2162 et
1287 2127 1388 2161 audit
1411 2126 1520 2161 Gilles
1544 2129 1701 2161 monstre
1725 2128 1761 2161 et
1782 2123 1987 2161 raniontree

364 2181 542 2225 pluiseurs
558 2181 701 2216 articles
714 2192 757 2215 en
775 2193 868 2225 quoy
884 2181 911 2215 il
924 2182 1023 2216 auoit
1038 2193 1128 2216 erre.
1140 2183 1184 2216 Et
1197 2193 1235 2215 66
1249 2181 1325 2222 fait,
1340 2182 1377 2215 fu
1394 2182 1508 2216 rendu
1523 2185 1558 2216 et
1573 2181 1667 2216 liure
1679 2191 1700 2215 a
1713 2192 1802 2216 nous
1815 2181 1987 2216 Preuostz

364 2238 399 2269 et
415 2235 531 2276 Jurez,
557 2235 674 2279 apries
689 2240 853 2271 sentence
877 2249 938 2271 sur
961 2249 1000 2272 ce
1016 2238 1058 2271 dc
1082 2248 1147 2281 par
1163 2237 1249 2272 ledit
1272 2237 1527 2281 monseigneur
1550 2237 1718 2280 leuesque
1742 2236 1786 2271 de
1811 2236 1985 2280 Tournay

365 2290 600 2333 pronunchie‚
627 2302 719 2334 pour
742 2303 786 2326 en
802 2293 892 2326 faire
908 2291 1109 2327 lexecution
1126 2303 1263 2326 comme
1280 2303 1325 2326 au
1341 2303 1399 2326 cas
1422 2291 1656 2336 appertenoit,
1674 2290 1828 2335 lequelle
1842 2291 1882 2325 fu
1900 2289 1986 2325 faite

364 2355 401 2377 as
422 2344 509 2378 Pres
527 2356 565 2378 as
578 2345 750 2387 Nonains,
766 2346 809 2381 de
821 2358 885 2380 son
902 2357 1004 2389 corps
1020 2345 1143 2380 ardoir
1156 2346 1243 2380 ledit
1254 2347 1352 2390 jour.

709 2410 955 2445 Stadsarchief
967 2422 1035 2445 van
1053 2410 1226 2452 Doornik,
1247 2411 1334 2454 Req.
1354 2410 1398 2443 de
1415 2410 1452 2443 za
1470 2410 1548 2453 Loy
1566 2421 1577 2444 .·
1597 2410 1794 2452 1413-4424,
1822 2409 1985 2455 chapitre

747 2465 807 2498 des
823 2476 1013 2508 personnes
1029 2465 1263 2499 condamnecs
1279 2467 1314 2498 et
1329 2463 1434 2498 mises
1450 2466 1471 2498 a
1487 2467 1592 2499 mort.
1611 2484 1654 2489 —
1670 2464 1781 2500 Korte
1797 2463 1985 2508 ontleding

754 2520 801 2561 bij
820 2520 928 2563 graaf
941 2520 981 2554 G.
1008 2520 1051 2554 de
1067 2519 1285 2560 Nedonchel,
1306 2519 1375 2552 Des
1392 2521 1589 2553 anciennes
1607 2519 1676 2553 lois
1694 2518 1920 2553 ‹trimi-elles
1937 2529 1982 2553 en

752 2585 868 2618 usaye
886 2575 980 2608 dans
998 2574 1035 2608 Za
1051 2576 1140 2608 ville
1155 2575 1200 2608 de
1222 2574 1397 2616 Touo-nai,
1416 2574 1481 2608 blz.
1502 2577 1577 2609 287.

1116 2698 1236 2744 267.

425 2826 562 2876 1426,
595 2826 787 2869 Utrecht.
815 2827 1053 2869 Uittreksel
1085 2826 1149 2869 uit
1186 2825 1219 2868 ’s
1242 2827 1378 2868 Raets
1417 2825 1808 2882 merkwaerdiyhe
1839 2826 2012 2869 Smin--

357 2892 476 2949 qhen
499 2893 591 2935 dier
611 2893 705 2937 stad
739 2907 842 2937 over
871 2894 1080 2938 Frederik
1113 2893 1473 2946 Frederikszoon,
1501 2893 1567 2937 die
1607 2907 1675 2937 om
1714 2893 1981 2950 blasphemie

2093 2098 2097 2135 ἱ

2095 2140 2097 2157 1

2094 2167 2097 2182 1
