2097 3466
849 215 981 252 ANNO
1008 217 1107 252 1369
1734 219 1796 252 215

155 312 223 358 die
245 327 294 357 er
316 313 438 358 mede
461 313 505 357 in
529 313 656 372 strijd
679 311 844 356 zouden
862 312 964 369 zijn.
987 311 1084 355 Alle
1103 313 1380 357 overtreders
1402 313 1546 357 zullen
1571 326 1676 356 eene
1697 311 1798 357 boet

156 397 240 427 van
262 383 459 427 honderd
484 383 606 426 mark
631 383 766 439 gouds
801 381 988 433 betalen,
1017 396 1226 425 waarvan
1260 383 1311 425 de
1344 383 1454 426 helft
1489 386 1564 426 ten
1597 381 1696 426 bate
1721 382 1798 426 der

159 452 408 511 keizerlijke
432 452 644 495 schatkist
669 466 721 494 en
757 450 809 494 de
842 451 1002 494 andere
1037 451 1148 494 helst
1170 454 1245 494 ten
1277 451 1375 495 bate
1399 452 1474 494 der
1497 449 1791 506 inquisiteurs.

156 521 242 578 (Na
274 522 349 565 het
383 521 605 578 keizerlijk
627 522 812 577 siymcm
845 523 969 563 staan
1003 520 1196 563 dezelfde
1228 521 1433 577 getuigen
1457 533 1706 578 opgegeven
1732 520 1794 564 als

157 591 200 634 in
223 591 275 634 de
298 591 467 634 edicten
490 604 574 634 van
603 591 656 634 lO
677 604 730 633 en
759 590 811 633 18
833 589 936 633 Juni
965 588 1114 646 1369.)

199 709 240 745 In
258 708 402 744 nomine
420 711 564 744 sanctae
580 712 616 744 et
633 708 841 745 individuae
859 709 1049 745 Trinitatis
1067 710 1222 745 feliciter
1238 722 1354 746 amen.

201 765 351 800 Carolus
379 768 546 808 quartus,
576 764 700 814 divina
738 765 878 800 favente
918 765 1110 800 clementia
1144 766 1394 801 Romanorum
1427 765 1623 808 imperator
1655 776 1795 809 semper

155 824 330 866 augustus
351 823 385 855 et
410 819 579 855 Boemiae
602 832 675 859 rex.
695 821 739 854 ad
758 824 965 865 perpetuam
984 821 1035 856 rei
1053 821 1275 856 memoriam.

199 875 479 911 Honorabilibus
495 880 530 910 et
547 874 726 919 religiosis
743 876 830 910 viris
847 876 1040 911 XValthero
1059 876 1222 921 Kerling.
1240 888 1364 911 sacrae
1382 875 1585 919 theologiae
1603 876 1788 921 magistro,

156 931 342 975 capellano
368 933 500 970 nostro,
521 930 764 971 commensali,
784 931 991 972 domestico,
1018 931 1161 973 dilecto,
1189 933 1330 972 devoto,
1358 931 1563 975 inquisitori
1589 932 1793 968 haereticae

155 985 343 1030 pravitatis
359 984 557 1029 apostolica
579 985 794 1020 auctoritate
819 985 984 1020 instituto
1007 986 1045 1020 in
1070 987 1177 1021 certis
1194 987 1357 1030 partibus
1374 986 1636 1027 Allemanniae,
1656 987 1792 1022 ordinis

153 1041 206 1075 f.s.
233 1039 534 1084 praedicatorum,
568 1040 763 1074 Ludowico
787 1040 829 1075 de
856 1041 993 1085 Caliga,
1021 1043 1056 1075 et.
1082 1041 1164 1075 aliis
1190 1042 1330 1075 duobus
1358 1041 1542 1082 fratribus,
1569 1053 1633 1085 per
1655 1042 1793 1076 dictum

155 1095 386 1130 waltherum
405 1095 635 1129 nominandis
659 1096 736 1139 ejus
761 1095 899 1129 ordinis
927 1095 1202 1139 inquisitoribus
1220 1095 1424 1140 praedictae
1448 1096 1652 1131 haereticae
1677 1096 1794 1140 pravi·

157 1150 241 1186 tatis
272 1150 311 1184 in
342 1149 506 1194 partibus
538 1149 788 1184 Allemanniae
819 1151 1036 1185 auctoritate
1074 1151 1258 1194 praedicta
1289 1150 1485 1194 apostolica
1526 1150 1719 1192 institutis,
1753 1162 1795 1186 ae

157 1217 305 1240 suorum
334 1216 579 1239 successorum
608 1205 704 1239 dicta
731 1205 948 1241 auctoritate
979 1205 1223 1247 instituendis,
1256 1206 1432 1247 fidelibus,
1459 1206 1608 1247 devotis,
1639 1206 1792 1248 dilectis,

155 1261 311 1306 gratiam
328 1272 429 1295 suam
447 1264 479 1295 et
498 1272 603 1294 omne
621 1261 767 1295 bouum.

200 1317 293 1351 Prae
310 1315 450 1351 cunctis
467 1315 596 1350 mentis
614 1319 756 1350 nostrae
772 1315 1070 1349 desiderabilibus
1086 1318 1161 1351 tota
1178 1318 1297 1350 mente
1313 1318 1475 1359 optantes
1494 1315 1576 1350 fidei
1591 1315 1790 1352 catholicae

153 1371 375 1406 incrementa
391 1374 426 1406 et
442 1382 521 1405 eam
540 1382 561 1404 a
578 1370 821 1414 malignorum
839 1373 873 1405 et
897 1382 1091 1413 pravorum
1109 1370 1375 1405 haereticorum
1401 1374 1435 1405 et
1460 1371 1654 1412 fautorum,
1673 1372 1790 1407 defen-

154 1438 275 1461 sorum
299 1437 341 1461 ac
365 1429 630 1470 receptatorum
659 1425 817 1469 ipsorum
843 1425 974 1459 dolosis
998 1425 1138 1460 insidiis
1154 1429 1189 1461 et
1207 1426 1445 1460 fraudulentis
1474 1426 1638 1467 fallaciis,
1658 1427 1789 1471 quibus

153 1481 296 1516 vineam
328 1481 472 1516 Domini
509 1481 668 1515 Sabaoth
708 1480 874 1524 nequiter
900 1480 1066 1515 demoliri
1099 1484 1284 1525 satagunt,
1316 1493 1381 1525 pro
1412 1480 1550 1515 viribus
1579 1494 1791 1518 conservare

154 1537 324 1572 adversus
340 1548 464 1571 eorum
482 1536 609 1580 iniqua
626 1535 814 1570 molimina
830 1535 1028 1570 animosius
1041 1536 1255 1580 aspiramus,
1272 1548 1342 1580 quo
1360 1536 1396 1570 in
1411 1536 1615 1571 animarum
1633 1541 1791 1582 stragem

154 1591 360 1637 hujusmodi
379 1591 583 1635 pestilentes
601 1591 798 1625 animosius
815 1590 1044 1635 agnoscimus
1062 1592 1234 1635 aspirare.
1256 1592 1349 1626 Sane
1367 1592 1453 1635 quia
1472 1591 1507 1625 in
1526 1603 1615 1636 agro
1634 1593 1790 1634 Domini,

155 1647 215 1681 ubi
236 1646 452 1682 seminatum
469 1649 519 1681 est
544 1646 717 1686 triticum,
739 1646 907 1680 inimicus
923 1646 1031 1681 homo
1048 1646 1312 1690 superseminat
1328 1657 1433 1690 saepe
1449 1647 1597 1689 zizania,
1615 1650 1709 1693 quod
1727 1661 1791 1693 per

151 1702 272 1737 fideles
288 1701 466 1746 agricolas
484 1701 742 1735 eradicandum
766 1704 819 1736 est
842 1701 998 1745 penitus,
1017 1702 1102 1736 dum
1127 1705 1179 1736 est
1204 1713 1368 1746 parvum,
1388 1714 1432 1738 ne
1454 1708 1591 1739 crescat
1614 1704 1652 1739 in
1676 1705 1790 1740 tritici

149 1758 421 1799 detrimentum3
449 1757 682 1798 attendentes,
703 1757 795 1792 sieut
811 1757 880 1792 fide
904 1757 1016 1802 digna
1040 1757 1215 1792 relatione
1239 1758 1476 1802 percepimus,
1496 1762 1591 1804 quod
1615 1760 1653 1795 in
1676 1761 1786 1805 parti-

150 1815 216 1849 bus
240 1813 476 1849 Alemanniae
502 1816 648 1856 propter
672 1824 864 1854 sermones
883 1816 1059 1848 tractatus
1083 1816 1118 1848 et
1144 1813 1234 1848 alios
1259 1814 1370 1848 libros
1393 1814 1431 1849 in
1455 1816 1599 1860 vulgari
1623 1815 1786 1860 scriptos,

150 1868 246 1903 inter
272 1879 441 1912 personas
471 1868 592 1912 layeas
620 1868 676 1902 vel
704 1879 793 1911 pene
820 1869 942 1912 laycas
970 1868 1162 1912 dispersos,
1183 1881 1271 1912 quos
1298 1869 1410 1904 libros
1437 1873 1477 1905 ut
1507 1871 1704 1915 plurimum
1732 1873 1789 1907 vel

149 1923 312 1964 violosos,
332 1934 501 1958 erroneos
525 1934 567 1956 ae
584 1923 683 1966 lepra
709 1922 866 1957 haeresis
883 1923 1035 1958 infectos
1053 1924 1147 1967 layci
1172 1925 1342 1968 legentes
1363 1937 1433 1960 non
1450 1937 1577 1960 sanum
1594 1929 1630 1962 et
1653 1928 1787 1962 bonum

150 1978 373 2013 intellectum
402 1978 652 2022 percipientes,
672 1989 735 2021 per
762 1990 799 2013 se
827 1979 906 2022 plus
933 1991 1041 2023 quam
1073 1982 1214 2023 oportet
1242 1980 1400 2014 volentes
1427 1992 1563 2025 sapere,
1589 1984 1624 2017 et
1648 1994 1720 2017 non
1743 1983 1789 2018 ad

149 2034 378 2078 sobrietatem
415 2045 481 2068 nec
509 2034 705 2068 secundum
736 2045 941 2068 mensuram
972 2034 1068 2076 fidei,
1097 2035 1158 2069 sed
1186 2048 1207 2069 a
1235 2035 1388 2071 veritate
1421 2037 1585 2072 auditum
1610 2040 1790 2079 avertunt,

149 2092 396 2124 convertentes
413 2100 450 2123 se
474 2089 518 2123 ad
536 2086 676 2123 errores
702 2100 765 2132 per
788 2089 893 2123 illum
912 2092 1051 2133 patrem
1077 2089 1267 2130 mendacii,
1288 2090 1349 2133 qui
1367 2103 1403 2126 se
1421 2092 1628 2136 frequenter
1644 2093 1681 2128 in
1698 2093 1790 2128 lueis

148 2144 319 2188 angelum
343 2143 591 2187 transfigurat,
616 2146 657 2178 ut
679 2144 832 2178 obscura
857 2148 892 2179 et
920 2147 1013 2179 tetra
1042 2144 1199 2189 caligine
1227 2157 1396 2180 sensuum
1424 2158 1488 2190 pro
1517 2148 1598 2182 luce
1625 2148 1788 2183 veritatis

148 2198 358 2243 recipiatur,
387 2202 422 2234 et
454 2198 492 2233 in
523 2198 613 2233 alios
644 2200 817 2240 docendo,
848 2199 960 2234 immo
991 2201 1205 2241 seducendo,
1239 2203 1523 2237 transfundatur.
1559 2203 1785 2247 Quapropter

121 2288 123 2291 ,
148 2253 309 2289 districte
326 2253 579 2298 praecipiendo
603 2255 816 2289 mandamus
845 2255 1022 2290 universis
1046 2257 1313 2292 venerabilibus
1335 2257 1615 2302 archiepiscopis
1638 2261 1673 2293 et
1695 2258 1785 2303 epis-

149 2308 260 2352 eopis,
276 2307 410 2349 electis,
426 2308 628 2349 abbatibus,
648 2309 842 2352 prioribus,
862 2305 1018 2351 decanis,
1039 2312 1263 2355 praepositis,
1279 2312 1546 2347 archidiaconis
1561 2316 1596 2348 et
1611 2313 1786 2354 diaconis,

147 2363 485 2407 archipresbyteris,
520 2364 697 2407 plebanis,
735 2364 936 2399 rectoribus
965 2369 1000 2400 et
1034 2366 1115 2400 aliis
1145 2366 1380 2402 ecelesiarum
1411 2371 1447 2402 et
1482 2368 1784 2405 monasteriorum

147 2417 316 2462 praelatis
347 2417 578 2462 ipsorumque
602 2419 697 2453 vices
721 2419 942 2463 gerentibus,
963 2421 1160 2464 capellanis
1183 2433 1326 2466 quoque
1350 2426 1385 2457 et
1413 2423 1648 2458 conventibus
1672 2425 1782 2459 ecele-

146 2475 281 2510 siarum
309 2477 345 2510 et
368 2475 668 2510 monasteriorum
693 2487 818 2510 eorum
847 2476 1046 2521 ceterisque
1078 2478 1239 2521 personis
1263 2479 1526 2517 ecclesiasticis,
1556 2480 1779 2515 secularibus

146 2533 182 2566 et
216 2529 456 2574 regularibus
497 2530 670 2574 exemptis
697 2535 732 2565 et
760 2543 830 2565 uon
858 2532 1043 2576 exemptis,
1075 2544 1212 2567 necnon
1244 2533 1446 2568 illustribus
1481 2533 1580 2574 viris,
1613 2534 1777 2575 ducibus,

149 2584 385 2629 principibus,
416 2584 699 2626 marchionibus,
719 2585 922 2627 comitibus,
950 2587 1156 2627 baronibus,
1181 2587 1402 2630 justitiariis,
1422 2589 1666 2632 potestatibus,
1685 2590 1781 2634 capi-

148 2641 274 2681 taneis,
301 2639 513 2681 rectoribus,
540 2640 680 2679 balivis.
707 2640 933 2682 officialibus,
960 2642 1148 2683 militibus,
1175 2642 1366 2677 clientibus
1398 2644 1596 2688 ceterisque
1627 2646 1782 2680 dominis

148 2696 419 2740 temporalibus
446 2695 742 2731 universitatibus
768 2708 909 2740 quoque
934 2697 1134 2739 civitatum,
1162 2702 1374 2739 castrorum,
1400 2703 1592 2740 terrarum,
1610 2700 1781 2736 villarum

149 2756 185 2788 et
205 2753 360 2787 aliorum
378 2764 689 2797 quorumcumque
714 2753 888 2793 locorum,
908 2754 1091 2798 magistris
1115 2755 1315 2793 consulum.
1334 2755 1541 2790 consulibus
1557 2759 1591 2791 et
1615 2756 1782 2797 scabinis,

150 2820 193 2843 ae
219 2808 301 2842 aliis
326 2807 502 2842 universis
525 2811 561 2843 et
588 2807 753 2852 singulis,
781 2809 824 2843 ad
850 2821 938 2853 quos
967 2814 1168 2853 praesentes
1196 2811 1435 2854 pervenerint,
1455 2811 1510 2846 vel
1538 2811 1599 2855 qui
1628 2824 1709 2847 cum
1733 2812 1785 2847 eis

150 2862 285 2898 suerint
308 2863 484 2907 requisiti.
501 2863 631 2898 nostris
647 2866 681 2898 et
705 2863 798 2898 sacri
828 2864 969 2909 imperii
995 2865 1146 2900 subditis
1171 2869 1243 2900 tam
1268 2865 1473 2901 immediate
1489 2878 1595 2910 quam
1613 2867 1779 2909 mediate,

151 2917 300 2959 devotis,
328 2918 429 2953 nobis
453 2918 605 2959 dilectis,
625 2919 765 2962 gratiae
791 2924 932 2954 nostrae
956 2923 990 2954 et
1013 2921 1106 2955 sacri
1133 2921 1286 2956 Romani
1311 2921 1454 2966 imperii
1478 2923 1543 2957 sub
1566 2922 1713 2958 obtentu
1738 2933 1780 2956 ac
