2097 3466
323 251 386 283 336
1003 244 1135 278 ANNO
1160 244 1178 278 1
1190 245 1265 278 457

322 345 374 375 est
399 341 518 383 legum
535 338 661 372 doctor
675 347 769 371 anno
786 338 882 377 1439,
900 336 958 370 die
975 337 1015 370 13
1032 336 1208 371 Octobris,
1227 335 1269 370 In
1293 334 1448 379 sepulcri
1471 336 1549 380 ejus
1565 344 1661 377 saxo,
1682 335 1777 379 quod
1792 338 1943 372 estante

325 396 437 430 altare
454 394 489 428 S.
508 394 672 429 Andreae
688 393 726 427 in
741 392 891 427 ecclesia
908 391 944 426 S.
964 391 1064 426 Petri
1081 391 1350 433 (Lovaniensis),
1368 389 1553 434 sequentia
1568 391 1688 435 legere
1703 391 1824 434 potui:

366 450 546 492 Defensor
561 447 663 491 fidei,
681 449 807 480 varias
825 445 993 480 haereses
1009 445 1193 489 repulisti.

668 518 700 552 J.
719 518 898 559 Molanus,
917 517 1107 551 Historiae
1124 517 1413 551 Lovaniensium
1431 516 1519 551 libri
1535 516 1639 559 XIV,
1658 516 1736 553 deel
1751 517 1779 561 Ι,
1796 518 1862 553 blz.
1881 519 1946 554 532

711 584 755 607 en
773 574 847 607 533.

1074 654 1197 698 296.

394 758 525 809 1457,
553 756 783 800 Februari
801 757 832 798 4
864 768 918 798 en
954 755 1029 807 18,
1053 755 1274 798 Doorm'k.
1296 753 1556 797 Uittreksels
1592 753 1656 798 uit
1691 767 1770 798 een
1806 753 1948 799 stads-

325 827 512 882 register
543 840 649 870 over
678 824 897 868 Geeraard
929 823 1084 875 Robin‚
1111 822 1298 874 barbier,
1325 822 1392 865 die
1424 835 1493 865 om
1522 821 1786 879 blasphemie
1815 825 1946 880 tegen

325 895 417 938 God
437 909 487 938 en
508 895 556 937 O.
581 896 626 938 L.
648 895 814 937 Vrouw
830 906 913 936 aan
931 892 982 934 de
999 891 1112 935 kaak
1130 891 1251 934 werd
1269 891 1436 947 gesteld
1456 893 1544 934 met
1567 904 1703 934 eenen
1725 891 1872 948 mijter
1891 904 1946 947 op

325 964 353 1007 ‘t
371 963 500 1006 hoofd
523 977 575 1006 en
599 963 736 1005 wiens
754 966 858 1017 tong
885 966 972 1004 met
997 974 1073 1003 een
1098 961 1297 1016 gloeiend
1319 960 1426 1016 ijzer
1447 959 1569 1002 werd
1591 958 1846 1003 doorboord.
1868 960 1948 1003 Tot

324 1032 552 1075 tweemaal
585 1034 655 1074 108
672 1030 794 1073 werd
832 1029 891 1087 hij
928 1029 1182 1085 levenslang
1218 1027 1462 1085 gebannen,
1488 1027 1618 1085 tenzij
1646 1028 1705 1085 hij
1732 1028 1794 1072 uit
1812 1028 1949 1071 Rome

327 1114 464 1143 eenen
501 1098 830 1143 absolutiebrief
863 1098 1166 1153 medebrenge,
1192 1097 1459 1154 bewijzende
1496 1097 1570 1140 dat
1601 1096 1660 1154 hij
1685 1096 1730 1139 in
1766 1109 1950 1152 persoon

325 1183 431 1211 eene
452 1167 688 1212 bedevaart
712 1168 755 1209 in
780 1168 831 1210 de
854 1167 918 1211 St.
943 1166 1223 1210 Pieterskerk
1245 1166 1411 1222 gedaan
1433 1164 1568 1208 heeft.

370 1259 573 1295 Guerardin
589 1260 721 1301 Robin,
741 1260 923 1301 barbieur,
939 1270 961 1293 a
975 1258 1155 1294 tousiours
1171 1261 1206 1301 et
1221 1269 1243 1292 a
1259 1259 1331 1293 este
1346 1257 1415 1291 mis
1430 1269 1475 1293 en
1490 1257 1669 1299 leschelle,
1681 1257 1814 1300 11111118,
1827 1259 1865 1293 81
1879 1256 1951 1292 11811

326 1315 360 1350 18
382 1315 515 1360 langhe
538 1318 696 1350 trauwee
720 1314 795 1349 dun
819 1314 917 1349 cault
939 1314 1005 1355 fer,
1024 1325 1115 1357 pour
1140 1313 1317 1357 pluiseurs
1333 1312 1496 1354 orribles,
1513 1312 1665 1348 vilaines
1685 1316 1720 1348 et
1741 1312 1952 1348 detestables

328 1370 481 1414 parolles
497 1370 625 1405 81111185
649 1372 684 1404 81
708 1369 913 1414 profferees,
931 1371 967 1404 et
990 1379 1056 1412 par
1077 1368 1237 1403 diuerses
1260 1367 1327 1402 fois
1350 1370 1528 1412 reyterees
1542 1379 1589 1402 au
1608 1369 1673 1412 jeu
1689 1367 1733 1402 de
1753 1366 1953 1402 bourloires

327 1437 372 1460 en
394 1427 429 1460 18
451 1437 516 1460 1118
532 1425 592 1460 des
620 1424 753 1459 coriers
777 1424 811 1458 18
831 1425 919 1468 jour
943 1424 987 1458 de
1010 1424 1043 1458 le
1067 1422 1310 1457 Purificacion
1334 1424 1463 1457 Nostre
1486 1422 1598 1457 Dame
1613 1421 1760 1457 darrain
1784 1433 1885 1466 passe
1907 1432 1953 1456 en

327 1481 551 1521 blasfemant,
580 1481 732 1523 renyant
759 1482 794 1513 et
819 1478 998 1522 despitant
1026 1477 1118 1512 Dieu
1146 1480 1265 1512 nostre
1292 1479 1457 1511 createur
1483 1479 1519 1512 et
1548 1477 1584 1511 18
1610 1476 1790 1521 glorieuse
1819 1475 1953 1520 Vierge

328 1535 444 1570 Marie
460 1547 499 1569 sa
514 1545 612 1569 mere
635 1535 751 1569 moult
766 1533 1130 1575 abhominablement,
1146 1545 1208 1577 soy
1225 1533 1470 1568 demonstrant
1484 1535 1557 1568 tres
1574 1544 1721 1577 peruers
1736 1534 1772 1567 et
1786 1531 1952 1566 mauuais

329 1589 519 1631 chrestien,
534 1590 621 1624 dont
637 1590 664 1623 il
679 1592 731 1624 est
743 1589 963 1633 plainement
977 1599 1115 1632 apparu
1132 1599 1198 1631 par
1213 1587 1452 1622 informacion
1468 1598 1530 1621 sur
1545 1598 1586 1622 ce
1601 1586 1719 1629 faicte,
1738 1598 1783 1622 en
1797 1586 1953 1630 laquelle

329 1645 355 1679 il
371 1648 441 1680 sest
456 1647 653 1688 rapportez.
673 1644 718 1679 Et
741 1656 786 1679 ne
801 1655 936 1688 pourra
946 1643 1078 1689 jamais
1093 1642 1218 1677 rauoir
1233 1643 1268 1677 18
1289 1642 1386 1684 ville,
1405 1654 1441 1677 se
1457 1654 1501 1677 ne
1517 1653 1580 1676 ara
1603 1642 1691 1677 faict
1713 1653 1759 1677 en
1773 1652 1950 1686 personne

327 1711 378 1734 un
395 1699 548 1743 voyaige
564 1710 585 1733 a
602 1698 705 1734 Saint
721 1699 846 1734 Pierre
863 1710 884 1733 a
897 1698 1013 1733 Rome
1029 1700 1065 1733 et
1080 1700 1222 1741 reporto
1235 1696 1338 1732 dudit
1354 1708 1414 1731 cas
1428 1697 1550 1732 lettres
1565 1696 1808 1732 dabsolucion.
1823 1695 1954 1730 Publie

372 1807 575 1843 Guerardin
591 1807 723 1848 Robin,
742 1807 924 1848 barbieur,
940 1807 1002 1850 qui
1018 1806 1147 1841 bannis
1171 1805 1277 1841 estoit
1300 1817 1322 1839 a
1345 1805 1527 1841 tousiours
1542 1805 1586 1840 de
1610 1807 1703 1840 ceste
1718 1804 1804 1840 ville
1820 1806 1855 1839 et
1871 1803 1952 1845 cite,

328 1864 390 1898 des
405 1864 438 1897 le
454 1863 525 1905 iiije
536 1864 623 1906 jour
639 1863 682 1897 de
698 1874 738 1897 ce
754 1865 897 1906 present
920 1861 1012 1896 mois
1035 1872 1128 1906 pour
1143 1861 1248 1895 auoir
1270 1861 1439 1895 blasfeme
1454 1860 1746 1896 detestablement
1761 1859 1853 1894 Dieu
1869 1862 1905 1894 et
1919 1859 1956 1893 la

329 1918 463 1963 Vierge
478 1917 606 1959 Marie,
627 1917 714 1952 dont
736 1929 758 1951 a
775 1920 847 1952 este
871 1928 976 1952 cause
1000 1916 1028 1951 11
1055 1916 1155 1951 811011
1182 1919 1254 1951 8518
1270 1915 1338 1949 mis
1354 1927 1400 1950 en
1421 1915 1589 1950 leschelle
1613 1917 1649 1950 et
1670 1915 1741 1950 heu
1767 1915 1801 1950 18
1822 1915 1956 1958 langue

330 1972 486 2016 perchie,
501 1983 639 2007 comme
663 1972 833 2016 apparoir
860 1974 968 2015 poeut
995 1983 1061 2015 par
1087 1971 1206 2006 sondit
1233 1971 1498 2006 banm‘ssement
1516 1983 1559 2015 cy
1585 1972 1719 2007 deuant
1744 1969 1954 2014 enregistre,

327 2030 381 2062 est
396 2026 564 2061 rebannis
579 2027 734 2061 seconde
757 2026 825 2061 fois
840 2038 862 2061 a
877 2026 1058 2061 tousiours
1074 2026 1118 2061 de
1134 2026 1265 2061 ladiete
1288 2026 1385 2066 ville,
1404 2025 1474 2060 cite
1490 2028 1525 2060 81
1547 2025 1714 2060 banlieue
1729 2024 1857 2060 dicelle
1874 2025 1910 2058 et
1932 2034 1954 2057 a

330 2084 400 2118 heu
417 2095 467 2117 un
483 2083 575 2118 ortal
592 2093 714 2126 coppe,
733 2092 866 2125 pource
882 2092 950 2124 que
966 2081 999 2116 le
1015 2080 1162 2115 meisme
1181 2082 1268 2125 jour
1291 2081 1335 2115 de
1350 2080 1468 2115 sondit
1483 2080 1759 2122 bannissement,
1778 2091 1823 2114 en
1838 2079 1954 2123 grand

329 2140 474 2172 content
500 2139 535 2171 et
562 2136 737 2171 desrision
752 2136 797 2170 de
823 2135 967 2179 justice,
986 2136 1013 2170 il
1036 2138 1090 2170 est
1115 2147 1252 2170 reuenu
1276 2137 1312 2169 et
1334 2137 1454 2170 rentre
1480 2146 1526 2169 811
1541 2135 1577 2169 18
1593 2133 1812 2180 jurisdicion
1826 2133 1954 2168 dicelle

329 2191 414 2226 ville
430 2196 465 2226 et
488 2203 511 2235 y
534 2203 555 2225 a
572 2194 644 2226 este
667 2194 796 2225 trouue
824 2193 859 2225 et
883 2190 1121 2234 apprehende.
1141 2191 1187 2225 Et
1212 2201 1257 2224 ne
1285 2201 1418 2233 pourra
1444 2189 1570 2224 rauoir
1591 2190 1627 2224 la
1642 2189 1738 2231 ville,
1757 2199 1864 2223 saura
1889 2187 1956 2222 fait

331 2246 641 2290 personnelement
663 2246 696 2280 le
719 2245 871 2290 voyaige
894 2246 937 2280 de
954 2245 1068 2280 Rome
1087 2256 1153 2289 par
1177 2245 1210 2279 le
1225 2244 1385 2279 maniere
1409 2247 1584 2280 contenue
1599 2256 1645 2279 en
1666 2243 1785 2279 sondit
1800 2242 1956 2288 premier

333 2302 414 2335 ban.
435 2301 565 2336 Publie
581 2301 614 2336 le
629 2301 735 2344 xviije
745 2302 832 2346 jour
847 2301 892 2335 de
907 2300 1058 2335 Feurier
1073 2301 1133 2335 lan
1149 2299 1215 2334 mil
1231 2302 1357 2343 quatre
1371 2311 1454 2334 cens
1469 2299 1662 2343 cinquante
1677 2301 1713 2334 et
1726 2299 1792 2333 six.

677 2371 924 2406 Stadsarchief
936 2383 1005 2406 van
1024 2371 1197 2412 Doornik,
1224 2371 1392 2415 Reyistre
1408 2370 1453 2404 de
1477 2370 1514 2404 la
1537 2369 1596 2414 loy
1616 2370 1815 2411 1442-4458‚
1831 2367 1954 2404 hoofd-

721 2426 805 2460 stuk
824 2425 927 2460 Bans
947 2426 991 2459 de
1007 2426 1203 2469 tousjours,
1222 2435 1268 2468 op
1291 2425 1335 2459 de
1358 2424 1498 2468 datums
1522 2435 1592 2458 van
1618 2428 1637 2458 4
1653 2435 1698 2459 811
1715 2425 1756 2458 18
1779 2421 1955 2458 Februari

723 2483 806 2515 1456
823 2481 927 2522 (oude
946 2480 1042 2522 stijl).

1085 2593 1204 2639 29¹7.

400 2707 537 2758 1457,
578 2706 814 2749 Haarlem.
858 2704 1098 2748 Uittreksel
1136 2705 1200 2747 uit
1237 2703 1289 2746 de
1326 2704 1479 2748 oudste
1515 2703 1767 2760 bewerking
1783 2703 1848 2762 (l)
1879 2703 1956 2746 der

338 2773 513 2831 kronijk
535 2789 618 2818 van
653 2774 734 2817 den
770 2773 998 2816 karmeliet
1029 2774 1111 2816 Jan
1143 2772 1432 2817 Gerbrandsz.
1457 2786 1543 2816 van
1564 2772 1721 2816 Leiden
1749 2772 1800 2831 (†
1826 2771 1956 2829 1504)

378 2916 424 2956 (l)
440 2915 501 2950 Zie
516 2915 691 2951 daarover
707 2913 742 2949 S.
761 2914 906 2955 Muller,
925 2913 1017 2957 szjst
1032 2923 1105 2947 van
1123 2912 1165 2947 N
1164 2910 1576 2948 oord-Nederlandsche
1590 2910 1799 2955 kromjjken,
1814 2910 1880 2946 blz.
1896 2911 1950 2946 17.
