<?xml version="1.0" encoding="UTF-8"?>
<!DOCTYPE html PUBLIC "-//W3C//DTD XHTML 1.0 Transitional//EN"
    "http://www.w3.org/TR/xhtml1/DTD/xhtml1-transitional.dtd">
<html xmlns="http://www.w3.org/1999/xhtml" xml:lang="en" lang="en">
 <head>
  <title>
</title>
<meta http-equiv="Content-Type" content="text/html;charset=utf-8" />
  <meta name='ocr-system' content='tesseract 3.04.00' />
  <meta name='ocr-capabilities' content='ocr_page ocr_carea ocr_par ocr_line ocrx_word'/>
</head>
<body>
  <div class='ocr_page' id='page_1' title='image "./corpusdocumentor01fruoft_0156.png"; bbox 0 0 2097 3466; ppageno 0'>
   <div class='ocr_carea' id='block_1_1' title="bbox 320 234 1281 272">
    <p class='ocr_par' dir='ltr' id='par_1_1' title="bbox 320 234 1281 272">
     <span class='ocr_line' id='line_1_1' title="bbox 320 234 1281 272; baseline -0.002 -2"><span class='ocrx_word' id='word_1_1' title='bbox 320 239 381 272; x_wconf 81' lang='grc'>106</span> <span class='ocrx_word' id='word_1_2' title='bbox 1022 234 1155 269; x_wconf 86' lang='grc' dir='ltr'><strong>ΑΝΝΟ</strong></span> <span class='ocrx_word' id='word_1_3' title='bbox 1182 235 1281 268; x_wconf 82' lang='grc'>1236</span> 
     </span>
    </p>
   </div>
   <div class='ocr_carea' id='block_1_2' title="bbox 320 325 1940 454">
    <p class='ocr_par' dir='ltr' id='par_1_2' title="bbox 320 325 1940 454">
     <span class='ocr_line' id='line_1_2' title="bbox 321 325 1940 384; baseline -0.001 -12"><span class='ocrx_word' id='word_1_4' title='bbox 321 345 423 373; x_wconf 80' lang='lat' dir='ltr'>over</span> <span class='ocrx_word' id='word_1_5' title='bbox 441 331 522 372; x_wconf 88' lang='lat' dir='ltr'>den</span> <span class='ocrx_word' id='word_1_6' title='bbox 542 328 902 384; x_wconf 82' lang='lat' dir='ltr'>Kamerijkschen</span> <span class='ocrx_word' id='word_1_7' title='bbox 926 327 1086 378; x_wconf 80' lang='lat' dir='ltr'>ketter,</span> <span class='ocrx_word' id='word_1_8' title='bbox 1114 327 1210 369; x_wconf 88' lang='lat' dir='ltr'>dien</span> <span class='ocrx_word' id='word_1_9' title='bbox 1235 326 1293 382; x_wconf 88' lang='lat' dir='ltr'>hij</span> <span class='ocrx_word' id='word_1_10' title='bbox 1317 325 1481 382; x_wconf 85' lang='lat' dir='ltr'>Eligius</span> <span class='ocrx_word' id='word_1_11' title='bbox 1503 329 1649 370; x_wconf 79' lang='lat' dir='ltr'>noemt</span> <span class='ocrx_word' id='word_1_12' title='bbox 1671 341 1724 370; x_wconf 87' lang='lat' dir='ltr'>en</span> <span class='ocrx_word' id='word_1_13' title='bbox 1747 327 1814 370; x_wconf 87' lang='lat' dir='ltr'>die</span> <span class='ocrx_word' id='word_1_14' title='bbox 1836 327 1940 370; x_wconf 87' lang='lat' dir='ltr'>door</span> 
     </span>
     <span class='ocr_line' id='line_1_3' title="bbox 320 393 1938 454; baseline -0.002 -13"><span class='ocrx_word' id='word_1_15' title='bbox 320 414 454 441; x_wconf 86' lang='lat' dir='ltr'>eenen</span> <span class='ocrx_word' id='word_1_16' title='bbox 480 399 663 454; x_wconf 83' lang='lat' dir='ltr'>priester</span> <span class='ocrx_word' id='word_1_17' title='bbox 680 398 722 440; x_wconf 92' lang='lat' dir='ltr'>in</span> <span class='ocrx_word' id='word_1_18' title='bbox 748 411 853 440; x_wconf 88' lang='lat' dir='ltr'>eene</span> <span class='ocrx_word' id='word_1_19' title='bbox 879 397 986 439; x_wconf 86' lang='lat' dir='ltr'>kerk</span> <span class='ocrx_word' id='word_1_20' title='bbox 1019 395 1304 451; x_wconf 81' lang='lat' dir='ltr'>verraderlijk</span> <span class='ocrx_word' id='word_1_21' title='bbox 1328 393 1544 437; x_wconf 85' lang='lat' dir='ltr'>verbrand</span> <span class='ocrx_word' id='word_1_22' title='bbox 1567 396 1702 438; x_wconf 86' lang='lat' dir='ltr'>werd.</span> <span class='ocrx_word' id='word_1_23' title='bbox 1724 396 1938 452; x_wconf 87' lang='lat' dir='ltr'>(Beknop-</span> 
     </span>
    </p>
   </div>
   <div class='ocr_carea' id='block_1_3' title="bbox 319 463 1106 521">
    <p class='ocr_par' dir='ltr' id='par_1_3' title="bbox 319 463 1106 521">
     <span class='ocr_line' id='line_1_4' title="bbox 319 463 1106 521; baseline -0.006 -10"><span class='ocrx_word' id='word_1_24' title='bbox 319 474 386 512; x_wconf 72' lang='lat' dir='ltr'>ter</span> <span class='ocrx_word' id='word_1_25' title='bbox 410 468 491 510; x_wconf 75' lang='lat' dir='ltr'>dan</span> <span class='ocrx_word' id='word_1_26' title='bbox 515 467 557 509; x_wconf 90' lang='lat' dir='ltr'>in</span> <span class='ocrx_word' id='word_1_27' title='bbox 578 467 653 509; x_wconf 84' lang='lat' dir='ltr'>het</span> <span class='ocrx_word' id='word_1_28' title='bbox 676 465 949 521; x_wconf 81' lang='lat' dir='ltr'>voorgaande</span> <span class='ocrx_word' id='word_1_29' title='bbox 967 463 1106 521; x_wconf 82' lang='lat' dir='ltr'><strong>stuk.)</strong></span> 
     </span>
    </p>
   </div>
   <div class='ocr_carea' id='block_1_4' title="bbox 320 572 1941 1003">
    <p class='ocr_par' dir='ltr' id='par_1_4' title="bbox 320 572 1941 1003">
     <span class='ocr_line' id='line_1_5' title="bbox 364 572 1940 619; baseline -0.001 -9"><span class='ocrx_word' id='word_1_30' title='bbox 364 576 504 619; x_wconf 79' lang='lat' dir='ltr'>Eligins</span> <span class='ocrx_word' id='word_1_31' title='bbox 520 575 700 610; x_wconf 79' lang='lat' dir='ltr'>hereticus</span> <span class='ocrx_word' id='word_1_32' title='bbox 718 574 812 618; x_wconf 82' lang='lat' dir='ltr'>apud</span> <span class='ocrx_word' id='word_1_33' title='bbox 839 575 1084 613; x_wconf 83' lang='lat' dir='ltr'>Cameraenm,</span> <span class='ocrx_word' id='word_1_34' title='bbox 1103 572 1164 614; x_wconf 88' lang='lat' dir='ltr'>alij</span> <span class='ocrx_word' id='word_1_35' title='bbox 1184 572 1440 616; x_wconf 83' lang='lat' dir='ltr'>Gangaricum,</span> <span class='ocrx_word' id='word_1_36' title='bbox 1459 575 1607 614; x_wconf 80' lang='lat' dir='ltr'><strong>astutus,</strong></span> <span class='ocrx_word' id='word_1_37' title='bbox 1625 573 1754 608; x_wconf 84' lang='lat' dir='ltr'>timens</span> <span class='ocrx_word' id='word_1_38' title='bbox 1777 572 1940 608; x_wconf 87' lang='lat' dir='ltr'>comburi</span> 
     </span>
     <span class='ocr_line' id='line_1_6' title="bbox 321 627 1940 674; baseline -0.002 -9"><span class='ocrx_word' id='word_1_39' title='bbox 321 644 340 665; x_wconf 81' lang='lat' dir='ltr'>a</span> <span class='ocrx_word' id='word_1_40' title='bbox 359 631 529 665; x_wconf 74' lang='lat' dir='ltr'>fratribus</span> <span class='ocrx_word' id='word_1_41' title='bbox 547 629 842 674; x_wconf 69' lang='lat' dir='ltr'>predicatoribus.</span> <span class='ocrx_word' id='word_1_42' title='bbox 859 640 894 662; x_wconf 79' lang='lat' dir='ltr'>se</span> <span class='ocrx_word' id='word_1_43' title='bbox 908 628 1087 661; x_wconf 68' lang='lat' dir='ltr'>obsessum</span> <span class='ocrx_word' id='word_1_44' title='bbox 1106 627 1209 670; x_wconf 78' lang='lat' dir='ltr'>fingit</span> <span class='ocrx_word' id='word_1_45' title='bbox 1226 630 1259 661; x_wconf 86' lang='lat' dir='ltr'>et</span> <span class='ocrx_word' id='word_1_46' title='bbox 1276 627 1320 660; x_wconf 86' lang='lat' dir='ltr'>ad</span> <span class='ocrx_word' id='word_1_47' title='bbox 1345 630 1507 661; x_wconf 79' lang='lat' dir='ltr'>sanetum</span> <span class='ocrx_word' id='word_1_48' title='bbox 1524 628 1730 662; x_wconf 85' lang='lat' dir='ltr'>Ancardum</span> <span class='ocrx_word' id='word_1_49' title='bbox 1751 627 1887 672; x_wconf 84' lang='lat' dir='ltr'>ligatur</span> <span class='ocrx_word' id='word_1_50' title='bbox 1902 628 1940 662; x_wconf 90' lang='lat' dir='ltr'>in</span> 
     </span>
     <span class='ocr_line' id='line_1_7' title="bbox 321 681 1940 725; baseline -0.002 -5"><span class='ocrx_word' id='word_1_51' title='bbox 321 688 420 721; x_wconf 66' lang='lat' dir='ltr'>hasta</span> <span class='ocrx_word' id='word_1_52' title='bbox 446 686 490 719; x_wconf 78' lang='lat' dir='ltr'>ab</span> <span class='ocrx_word' id='word_1_53' title='bbox 517 684 653 725; x_wconf 67' lang='lat' dir='ltr'>amicis,</span> <span class='ocrx_word' id='word_1_54' title='bbox 673 689 710 719; x_wconf 77' lang='lat' dir='ltr'>nt</span> <span class='ocrx_word' id='word_1_55' title='bbox 736 696 857 718; x_wconf 70' lang='lat' dir='ltr'>omnes</span> <span class='ocrx_word' id='word_1_56' title='bbox 881 682 1042 716; x_wconf 74' lang='lat' dir='ltr'>homines</span> <span class='ocrx_word' id='word_1_57' title='bbox 1067 685 1275 725; x_wconf 78' lang='lat' dir='ltr'>reputarent</span> <span class='ocrx_word' id='word_1_58' title='bbox 1298 693 1379 716; x_wconf 88' lang='lat' dir='ltr'>eum</span> <span class='ocrx_word' id='word_1_59' title='bbox 1404 681 1591 716; x_wconf 72' lang='lat' dir='ltr'>furiosum.</span> <span class='ocrx_word' id='word_1_60' title='bbox 1611 682 1765 722; x_wconf 84' lang='lat' dir='ltr'>Quidam</span> <span class='ocrx_word' id='word_1_61' title='bbox 1789 682 1940 717; x_wconf 83' lang='lat' dir='ltr'>clericus</span> 
     </span>
     <span class='ocr_line' id='line_1_8' title="bbox 321 737 1941 783; baseline -0.001 -8"><span class='ocrx_word' id='word_1_62' title='bbox 321 744 492 779; x_wconf 45' lang='lat' dir='ltr'>obsessus</span> <span class='ocrx_word' id='word_1_63' title='bbox 511 740 633 774; x_wconf 77' lang='lat' dir='ltr'>divina</span> <span class='ocrx_word' id='word_1_64' title='bbox 651 752 757 774; x_wconf 85' lang='lat' dir='ltr'>mann</span> <span class='ocrx_word' id='word_1_65' title='bbox 784 740 931 777; x_wconf 69' lang='lat' dir='ltr'>solutus,</span> <span class='ocrx_word' id='word_1_66' title='bbox 951 737 1124 781; x_wconf 78' lang='lat' dir='ltr'>colligens</span> <span class='ocrx_word' id='word_1_67' title='bbox 1148 737 1184 771; x_wconf 91' lang='lat' dir='ltr'>in</span> <span class='ocrx_word' id='word_1_68' title='bbox 1210 739 1312 771; x_wconf 76' lang='lat' dir='ltr'>noete</span> <span class='ocrx_word' id='word_1_69' title='bbox 1337 737 1434 771; x_wconf 85' lang='lat' dir='ltr'>eirca</span> <span class='ocrx_word' id='word_1_70' title='bbox 1457 737 1655 772; x_wconf 82' lang='lat' dir='ltr'>hereticum</span> <span class='ocrx_word' id='word_1_71' title='bbox 1678 737 1831 783; x_wconf 74' lang='lat' dir='ltr'>ligatum</span> <span class='ocrx_word' id='word_1_72' title='bbox 1854 741 1941 774; x_wconf 72' lang='lat' dir='ltr'>stra-</span> 
     </span>
     <span class='ocr_line' id='line_1_9' title="bbox 322 792 1940 840; baseline -0.001 -10"><span class='ocrx_word' id='word_1_73' title='bbox 322 797 417 830; x_wconf 82' lang='lat' dir='ltr'>mina</span> <span class='ocrx_word' id='word_1_74' title='bbox 446 799 478 830; x_wconf 84' lang='lat' dir='ltr'>et</span> <span class='ocrx_word' id='word_1_75' title='bbox 508 796 626 840; x_wconf 85' lang='lat' dir='ltr'>ignem</span> <span class='ocrx_word' id='word_1_76' title='bbox 655 796 698 829; x_wconf 88' lang='lat' dir='ltr'>de</span> <span class='ocrx_word' id='word_1_77' title='bbox 730 795 893 837; x_wconf 79' lang='lat' dir='ltr'>lampade</span> <span class='ocrx_word' id='word_1_78' title='bbox 919 804 1062 827; x_wconf 65' lang='lat' dir='ltr'>sumens</span> <span class='ocrx_word' id='word_1_79' title='bbox 1091 792 1250 827; x_wconf 78' lang='lat' dir='ltr'>incendit</span> <span class='ocrx_word' id='word_1_80' title='bbox 1281 793 1464 826; x_wconf 81' lang='lat' dir='ltr'>cumulum</span> <span class='ocrx_word' id='word_1_81' title='bbox 1497 792 1721 828; x_wconf 82' lang='lat' dir='ltr'>straminum.</span> <span class='ocrx_word' id='word_1_82' title='bbox 1753 793 1940 829; x_wconf 83' lang='lat' dir='ltr'>Hereticus</span> 
     </span>
     <span class='ocr_line' id='line_1_10' title="bbox 320 847 1940 893; baseline -0.001 -8"><span class='ocrx_word' id='word_1_83' title='bbox 320 853 463 891; x_wconf 69' lang='lat' dir='ltr'>elamat,</span> <span class='ocrx_word' id='word_1_84' title='bbox 483 851 643 885; x_wconf 69' lang='lat' dir='ltr'>custodes</span> <span class='ocrx_word' id='word_1_85' title='bbox 668 849 907 893; x_wconf 72' lang='lat' dir='ltr'>expergefacti</span> <span class='ocrx_word' id='word_1_86' title='bbox 934 849 1053 892; x_wconf 80' lang='lat' dir='ltr'>ignem</span> <span class='ocrx_word' id='word_1_87' title='bbox 1071 848 1281 892; x_wconf 75' lang='lat' dir='ltr'>extinguere</span> <span class='ocrx_word' id='word_1_88' title='bbox 1299 847 1526 890; x_wconf 72' lang='lat' dir='ltr'>nitebantur-3</span> <span class='ocrx_word' id='word_1_89' title='bbox 1552 849 1612 883; x_wconf 86' lang='lat' dir='ltr'>sed</span> <span class='ocrx_word' id='word_1_90' title='bbox 1628 849 1781 883; x_wconf 84' lang='lat' dir='ltr'>clericus</span> <span class='ocrx_word' id='word_1_91' title='bbox 1796 851 1940 892; x_wconf 68' lang='lat' dir='ltr'>arrepbo</span> 
     </span>
     <span class='ocr_line' id='line_1_11' title="bbox 320 902 1940 951; baseline -0.002 -10"><span class='ocrx_word' id='word_1_92' title='bbox 320 906 441 951; x_wconf 68' lang='lat' dir='ltr'>gladio</span> <span class='ocrx_word' id='word_1_93' title='bbox 458 918 579 941; x_wconf 68' lang='lat' dir='ltr'>omnes</span> <span class='ocrx_word' id='word_1_94' title='bbox 603 905 748 949; x_wconf 75' lang='lat' dir='ltr'>abegit3</span> <span class='ocrx_word' id='word_1_95' title='bbox 774 904 954 938; x_wconf 75' lang='lat' dir='ltr'>hereticus</span> <span class='ocrx_word' id='word_1_96' title='bbox 978 903 1183 937; x_wconf 70' lang='lat' dir='ltr'>combustus</span> <span class='ocrx_word' id='word_1_97' title='bbox 1206 906 1268 937; x_wconf 70' lang='lat' dir='ltr'>est.</span> <span class='ocrx_word' id='word_1_98' title='bbox 1288 902 1421 937; x_wconf 85' lang='lat' dir='ltr'>Diuino</span> <span class='ocrx_word' id='word_1_99' title='bbox 1445 903 1580 937; x_wconf 85' lang='lat' dir='ltr'>iudicio</span> <span class='ocrx_word' id='word_1_100' title='bbox 1603 905 1727 938; x_wconf 84' lang='lat' dir='ltr'>exacto</span> <span class='ocrx_word' id='word_1_101' title='bbox 1751 902 1902 938; x_wconf 86' lang='lat' dir='ltr'>clericus</span> <span class='ocrx_word' id='word_1_102' title='bbox 1917 915 1940 938; x_wconf 83' lang='lat' dir='ltr'>a</span> 
     </span>
     <span class='ocr_line' id='line_1_12' title="bbox 320 958 1591 1003; baseline -0.004 -6"><span class='ocrx_word' id='word_1_103' title='bbox 320 963 469 997; x_wconf 87' lang='lat' dir='ltr'>demone</span> <span class='ocrx_word' id='word_1_104' title='bbox 485 962 715 997; x_wconf 60' lang='lat' dir='ltr'>liberatur...</span> <span class='ocrx_word' id='word_1_105' title='bbox 736 960 787 994; x_wconf 85' lang='lat' dir='ltr'>De.</span> <span class='ocrx_word' id='word_1_106' title='bbox 803 959 871 993; x_wconf 87' lang='lat' dir='ltr'>hoe</span> <span class='ocrx_word' id='word_1_107' title='bbox 889 958 1008 1003; x_wconf 86' lang='lat' dir='ltr'>Eligio</span> <span class='ocrx_word' id='word_1_108' title='bbox 1026 959 1063 992; x_wconf 89' lang='lat' dir='ltr'>in</span> <span class='ocrx_word' id='word_1_109' title='bbox 1081 961 1100 992; x_wconf 78' lang='lat'><em>2</em></span> <span class='ocrx_word' id='word_1_110' title='bbox 1116 958 1178 992; x_wconf 89' lang='lat' dir='ltr'>lib.</span> <span class='ocrx_word' id='word_1_111' title='bbox 1198 959 1316 1001; x_wconf 88' lang='lat' dir='ltr'>Apum</span> <span class='ocrx_word' id='word_1_112' title='bbox 1332 969 1455 992; x_wconf 80' lang='lat' dir='ltr'>versus</span> <span class='ocrx_word' id='word_1_113' title='bbox 1471 958 1591 993; x_wconf 93' lang='lat' dir='ltr'>finem.</span> 
     </span>
    </p>
   </div>
   <div class='ocr_carea' id='block_1_5' title="bbox 668 1034 1684 1081">
    <p class='ocr_par' dir='ltr' id='par_1_5' title="bbox 668 1034 1684 1081">
     <span class='ocr_line' id='line_1_13' title="bbox 668 1034 1684 1081; baseline -0.001 -9"><span class='ocrx_word' id='word_1_114' title='bbox 668 1036 865 1081; x_wconf 70' lang='lat' dir='ltr'><em>Cataloyus</em></span> <span class='ocrx_word' id='word_1_115' title='bbox 895 1035 1149 1077; x_wconf 78' lang='lat' dir='ltr'>hereticorum,</span> <span class='ocrx_word' id='word_1_116' title='bbox 1167 1046 1242 1070; x_wconf 85' lang='lat' dir='ltr'>cnz.</span> <span class='ocrx_word' id='word_1_117' title='bbox 1261 1034 1433 1080; x_wconf 86' lang='lat' dir='ltr'>(Heretici</span> <span class='ocrx_word' id='word_1_118' title='bbox 1449 1036 1493 1071; x_wconf 89' lang='lat' dir='ltr'>de</span> <span class='ocrx_word' id='word_1_119' title='bbox 1509 1036 1615 1072; x_wconf 80' lang='lat' dir='ltr'>litera</span> <span class='ocrx_word' id='word_1_120' title='bbox 1631 1035 1684 1080; x_wconf 90' lang='lat' dir='ltr'>E).</span> 
     </span>
    </p>
   </div>
   <div class='ocr_carea' id='block_1_6' title="bbox 1068 1159 1185 1203">
    <p class='ocr_par' dir='ltr' id='par_1_6' title="bbox 1068 1159 1185 1203">
     <span class='ocr_line' id='line_1_14' title="bbox 1068 1159 1185 1203; baseline -0.043 0"><span class='ocrx_word' id='word_1_121' title='bbox 1068 1159 1185 1203; x_wconf 89' lang='lat'>108.</span> 
     </span>
    </p>
   </div>
   <div class='ocr_carea' id='block_1_7' title="bbox 314 1285 1939 1540">
    <p class='ocr_par' dir='ltr' id='par_1_7' title="bbox 314 1285 1939 1540">
     <span class='ocr_line' id='line_1_15' title="bbox 379 1285 1939 1344; baseline -0.002 -11"><span class='ocrx_word' id='word_1_122' title='bbox 379 1290 516 1340; x_wconf 76' lang='lat'><strong><em>1236,</em></strong></span> <span class='ocrx_word' id='word_1_123' title='bbox 540 1290 821 1334; x_wconf 73' lang='lat' dir='ltr'>Vlaanderen</span> <span class='ocrx_word' id='word_1_124' title='bbox 844 1301 898 1331; x_wconf 79' lang='lat' dir='ltr'>en</span> <span class='ocrx_word' id='word_1_125' title='bbox 921 1289 1032 1332; x_wconf 76' lang='lat' dir='ltr'>land</span> <span class='ocrx_word' id='word_1_126' title='bbox 1052 1301 1142 1332; x_wconf 82' lang='lat' dir='ltr'>van</span> <span class='ocrx_word' id='word_1_127' title='bbox 1159 1287 1360 1330; x_wconf 74' lang='lat' dir='ltr'>Atreeht.</span> <span class='ocrx_word' id='word_1_128' title='bbox 1379 1285 1618 1330; x_wconf 79' lang='lat' dir='ltr'>Uittreksel</span> <span class='ocrx_word' id='word_1_129' title='bbox 1641 1286 1704 1331; x_wconf 82' lang='lat' dir='ltr'>uit</span> <span class='ocrx_word' id='word_1_130' title='bbox 1721 1286 1939 1344; x_wconf 86' lang='lat' dir='ltr'>Meyerus&#39;</span> 
     </span>
     <span class='ocr_line' id='line_1_16' title="bbox 318 1355 1937 1411; baseline -0.002 -9"><span class='ocrx_word' id='word_1_131' title='bbox 318 1360 522 1402; x_wconf 75' lang='lat' dir='ltr'>Annales</span> <span class='ocrx_word' id='word_1_132' title='bbox 555 1359 819 1408; x_wconf 73' lang='lat' dir='ltr'>Flandm&#39;ae‚</span> <span class='ocrx_word' id='word_1_133' title='bbox 845 1371 966 1400; x_wconf 85' lang='lat' dir='ltr'>waar</span> <span class='ocrx_word' id='word_1_134' title='bbox 997 1359 1041 1400; x_wconf 83' lang='lat' dir='ltr'>te</span> <span class='ocrx_word' id='word_1_135' title='bbox 1073 1357 1195 1399; x_wconf 89' lang='lat' dir='ltr'>lezen</span> <span class='ocrx_word' id='word_1_136' title='bbox 1233 1358 1361 1407; x_wconf 76' lang='lat' dir='ltr'>staat,</span> <span class='ocrx_word' id='word_1_137' title='bbox 1389 1355 1464 1398; x_wconf 79' lang='lat' dir='ltr'>dat</span> <span class='ocrx_word' id='word_1_138' title='bbox 1500 1355 1551 1398; x_wconf 89' lang='lat' dir='ltr'>de</span> <span class='ocrx_word' id='word_1_139' title='bbox 1588 1355 1848 1411; x_wconf 85' lang='lat' dir='ltr'>predikheer</span> <span class='ocrx_word' id='word_1_140' title='bbox 1883 1369 1937 1399; x_wconf 88' lang='lat' dir='ltr'>en</span> 
     </span>
     <span class='ocr_line' id='line_1_17' title="bbox 314 1424 1936 1484; baseline -0.001 -14"><span class='ocrx_word' id='word_1_141' title='bbox 314 1428 571 1484; x_wconf 83' lang='lat' dir='ltr'>inquisiteur</span> <span class='ocrx_word' id='word_1_142' title='bbox 593 1426 758 1470; x_wconf 82' lang='lat' dir='ltr'>Robert</span> <span class='ocrx_word' id='word_1_143' title='bbox 777 1429 852 1470; x_wconf 79' lang='lat' dir='ltr'>ten</span> <span class='ocrx_word' id='word_1_144' title='bbox 869 1426 966 1483; x_wconf 84' lang='lat' dir='ltr'>jare</span> <span class='ocrx_word' id='word_1_145' title='bbox 1002 1426 1114 1469; x_wconf 79' lang='lat'>1236</span> <span class='ocrx_word' id='word_1_146' title='bbox 1138 1425 1182 1468; x_wconf 89' lang='lat' dir='ltr'>in</span> <span class='ocrx_word' id='word_1_147' title='bbox 1204 1424 1483 1469; x_wconf 81' lang='lat' dir='ltr'>Vlaanderen</span> <span class='ocrx_word' id='word_1_148' title='bbox 1516 1438 1569 1467; x_wconf 85' lang='lat' dir='ltr'>en</span> <span class='ocrx_word' id='word_1_149' title='bbox 1592 1425 1638 1467; x_wconf 90' lang='lat' dir='ltr'>in</span> <span class='ocrx_word' id='word_1_150' title='bbox 1668 1425 1698 1468; x_wconf 81' lang='lat' dir='ltr'>’t</span> <span class='ocrx_word' id='word_1_151' title='bbox 1719 1425 1821 1468; x_wconf 84' lang='lat' dir='ltr'>land</span> <span class='ocrx_word' id='word_1_152' title='bbox 1852 1438 1936 1469; x_wconf 83' lang='lat' dir='ltr'>van</span> 
     </span>
     <span class='ocr_line' id='line_1_18' title="bbox 315 1495 1091 1540; baseline -0.003 -1"><span class='ocrx_word' id='word_1_153' title='bbox 315 1497 502 1540; x_wconf 79' lang='lat' dir='ltr'>Atrecht</span> <span class='ocrx_word' id='word_1_154' title='bbox 517 1497 686 1540; x_wconf 75' lang='lat' dir='ltr'>ketters</span> <span class='ocrx_word' id='word_1_155' title='bbox 709 1496 785 1539; x_wconf 81' lang='lat' dir='ltr'>liet</span> <span class='ocrx_word' id='word_1_156' title='bbox 803 1495 1091 1539; x_wconf 80' lang='lat' dir='ltr'>verbranden.</span> 
     </span>
    </p>
   </div>
   <div class='ocr_carea' id='block_1_8' title="bbox 315 1605 1940 1819">
    <p class='ocr_par' dir='ltr' id='par_1_8' title="bbox 315 1605 1940 1819">
     <span class='ocr_line' id='line_1_19' title="bbox 359 1605 1940 1648; baseline -0.001 -5"><span class='ocrx_word' id='word_1_157' title='bbox 359 1609 492 1643; x_wconf 88' lang='lat' dir='ltr'>Eodem</span> <span class='ocrx_word' id='word_1_158' title='bbox 509 1620 602 1643; x_wconf 87' lang='lat' dir='ltr'>anno</span> <span class='ocrx_word' id='word_1_159' title='bbox 619 1607 881 1643; x_wconf 81' lang='lat' dir='ltr'>MCCXXXVI</span> <span class='ocrx_word' id='word_1_160' title='bbox 898 1607 936 1641; x_wconf 82' lang='lat' dir='ltr'>in</span> <span class='ocrx_word' id='word_1_161' title='bbox 953 1606 1119 1641; x_wconf 81' lang='lat' dir='ltr'>Flandris</span> <span class='ocrx_word' id='word_1_162' title='bbox 1133 1608 1168 1641; x_wconf 73' lang='lat' dir='ltr'>et</span> <span class='ocrx_word' id='word_1_163' title='bbox 1183 1605 1407 1641; x_wconf 73' lang='lat' dir='ltr'>Atrebatesio</span> <span class='ocrx_word' id='word_1_164' title='bbox 1423 1605 1596 1641; x_wconf 79' lang='lat' dir='ltr'>haeretiei</span> <span class='ocrx_word' id='word_1_165' title='bbox 1621 1617 1695 1648; x_wconf 86' lang='lat' dir='ltr'>seu,</span> <span class='ocrx_word' id='word_1_166' title='bbox 1712 1609 1755 1643; x_wconf 73' lang='lat' dir='ltr'>ut</span> <span class='ocrx_word' id='word_1_167' title='bbox 1777 1606 1940 1642; x_wconf 75' lang='lat' dir='ltr'>scribunt</span> 
     </span>
     <span class='ocr_line' id='line_1_20' title="bbox 317 1661 1939 1708; baseline -0.001 -10"><span class='ocrx_word' id='word_1_168' title='bbox 317 1664 474 1708; x_wconf 79' lang='lat' dir='ltr'>quidam,</span> <span class='ocrx_word' id='word_1_169' title='bbox 490 1663 690 1698; x_wconf 73' lang='lat' dir='ltr'>zodomitici</span> <span class='ocrx_word' id='word_1_170' title='bbox 709 1663 885 1697; x_wconf 78' lang='lat' dir='ltr'>combusti</span> <span class='ocrx_word' id='word_1_171' title='bbox 901 1665 984 1696; x_wconf 75' lang='lat' dir='ltr'>sunt</span> <span class='ocrx_word' id='word_1_172' title='bbox 1011 1673 1075 1705; x_wconf 84' lang='lat' dir='ltr'>per</span> <span class='ocrx_word' id='word_1_173' title='bbox 1095 1661 1272 1704; x_wconf 81' lang='lat' dir='ltr'>quendam</span> <span class='ocrx_word' id='word_1_174' title='bbox 1289 1662 1437 1696; x_wconf 79' lang='lat' dir='ltr'>fratrem</span> <span class='ocrx_word' id='word_1_175' title='bbox 1461 1661 1672 1703; x_wconf 77' lang='lat' dir='ltr'>Robertum,</span> <span class='ocrx_word' id='word_1_176' title='bbox 1690 1661 1827 1697; x_wconf 79' lang='lat' dir='ltr'>ordinis</span> <span class='ocrx_word' id='word_1_177' title='bbox 1842 1673 1939 1706; x_wconf 86' lang='lat' dir='ltr'>prae-</span> 
     </span>
     <span class='ocr_line' id='line_1_21' title="bbox 315 1716 1939 1761; baseline -0.001 -7"><span class='ocrx_word' id='word_1_178' title='bbox 315 1720 528 1754; x_wconf 83' lang='lat' dir='ltr'>dicatorum.</span> <span class='ocrx_word' id='word_1_179' title='bbox 550 1719 622 1753; x_wconf 80' lang='lat' dir='ltr'>Hos</span> <span class='ocrx_word' id='word_1_180' title='bbox 639 1719 824 1753; x_wconf 73' lang='lat' dir='ltr'>Albienses</span> <span class='ocrx_word' id='word_1_181' title='bbox 836 1719 880 1759; x_wconf 85' lang='lat'>(1)</span> <span class='ocrx_word' id='word_1_182' title='bbox 897 1717 1004 1751; x_wconf 83' lang='lat' dir='ltr'>fnisse</span> <span class='ocrx_word' id='word_1_183' title='bbox 1021 1716 1197 1751; x_wconf 78' lang='lat' dir='ltr'>existimo.</span> <span class='ocrx_word' id='word_1_184' title='bbox 1218 1716 1342 1751; x_wconf 88' lang='lat' dir='ltr'>Simon</span> <span class='ocrx_word' id='word_1_185' title='bbox 1359 1716 1518 1751; x_wconf 84' lang='lat' dir='ltr'>Vilerius</span> <span class='ocrx_word' id='word_1_186' title='bbox 1533 1717 1608 1752; x_wconf 87' lang='lat' dir='ltr'>ord.</span> <span class='ocrx_word' id='word_1_187' title='bbox 1624 1719 1757 1761; x_wconf 82' lang='lat' dir='ltr'>equest.</span> <span class='ocrx_word' id='word_1_188' title='bbox 1772 1719 1850 1753; x_wconf 75' lang='lat' dir='ltr'>erat</span> <span class='ocrx_word' id='word_1_189' title='bbox 1861 1719 1939 1753; x_wconf 78' lang='lat' dir='ltr'>tum</span> 
     </span>
     <span class='ocr_line' id='line_1_22' title="bbox 318 1772 1656 1819; baseline -0.002 -9"><span class='ocrx_word' id='word_1_190' title='bbox 318 1778 460 1819; x_wconf 81' lang='lat' dir='ltr'>praetor</span> <span class='ocrx_word' id='word_1_191' title='bbox 475 1774 720 1810; x_wconf 78' lang='lat' dir='ltr'>Atrebatensis</span> <span class='ocrx_word' id='word_1_192' title='bbox 735 1787 743 1817; x_wconf 72' lang='grc' dir='ltr'><strong>ς</strong></span> <span class='ocrx_word' id='word_1_193' title='bbox 762 1776 906 1818; x_wconf 75' lang='lat' dir='ltr'>praetor</span> <span class='ocrx_word' id='word_1_194' title='bbox 920 1773 1040 1807; x_wconf 85' lang='lat' dir='ltr'>minor</span> <span class='ocrx_word' id='word_1_195' title='bbox 1056 1776 1134 1808; x_wconf 80' lang='lat' dir='ltr'>erat</span> <span class='ocrx_word' id='word_1_196' title='bbox 1151 1772 1321 1806; x_wconf 81' lang='lat' dir='ltr'>Huardus</span> <span class='ocrx_word' id='word_1_197' title='bbox 1337 1773 1382 1807; x_wconf 84' lang='lat' dir='ltr'>ab</span> <span class='ocrx_word' id='word_1_198' title='bbox 1400 1772 1656 1808; x_wconf 72' lang='lat' dir='ltr'>Hendichorte.</span> 
     </span>
    </p>
   </div>
   <div class='ocr_carea' id='block_1_9' title="bbox 658 1849 1940 2170">
    <p class='ocr_par' dir='ltr' id='par_1_9' title="bbox 658 1849 1940 2170">
     <span class='ocr_line' id='line_1_23' title="bbox 658 1849 1940 1894; baseline 0 -9"><span class='ocrx_word' id='word_1_199' title='bbox 658 1851 839 1894; x_wconf 74' lang='lat' dir='ltr'>meyerus,</span> <span class='ocrx_word' id='word_1_200' title='bbox 858 1850 1022 1884; x_wconf 70' lang='lat' dir='ltr'>Annales</span> <span class='ocrx_word' id='word_1_201' title='bbox 1045 1849 1255 1883; x_wconf 73' lang='lat' dir='ltr'>Flandrz‘ae</span> <span class='ocrx_word' id='word_1_202' title='bbox 1278 1849 1324 1883; x_wconf 80' lang='lat' dir='ltr'>ad</span> <span class='ocrx_word' id='word_1_203' title='bbox 1346 1860 1481 1884; x_wconf 86' lang='lat' dir='ltr'>annum</span> <span class='ocrx_word' id='word_1_204' title='bbox 1506 1852 1601 1891; x_wconf 81' lang='lat'>1236,</span> <span class='ocrx_word' id='word_1_205' title='bbox 1628 1850 1688 1884; x_wconf 83' lang='lat' dir='ltr'>sol.</span> <span class='ocrx_word' id='word_1_206' title='bbox 1708 1852 1749 1884; x_wconf 82' lang='lat'>73</span> <span class='ocrx_word' id='word_1_207' title='bbox 1765 1861 1879 1885; x_wconf 81' lang='lat' dir='ltr'>verso.</span> <span class='ocrx_word' id='word_1_208' title='bbox 1895 1869 1940 1876; x_wconf 94' lang='lat'><strong>—</strong></span> 
     </span>
     <span class='ocr_line' id='line_1_24' title="bbox 704 1903 1937 1948; baseline 0 -8"><span class='ocrx_word' id='word_1_209' title='bbox 704 1906 791 1940; x_wconf 85' lang='lat' dir='ltr'>Abr.</span> <span class='ocrx_word' id='word_1_210' title='bbox 818 1905 968 1939; x_wconf 71' lang='lat' dir='ltr'>Bzovins</span> <span class='ocrx_word' id='word_1_211' title='bbox 996 1905 1173 1947; x_wconf 73' lang='lat' dir='ltr'>(Annales</span> <span class='ocrx_word' id='word_1_212' title='bbox 1198 1903 1432 1938; x_wconf 69' lang='lat' dir='ltr'>ecclesiastici</span> <span class='ocrx_word' id='word_1_213' title='bbox 1455 1904 1501 1938; x_wconf 83' lang='lat' dir='ltr'>ad</span> <span class='ocrx_word' id='word_1_214' title='bbox 1527 1915 1662 1939; x_wconf 86' lang='lat' dir='ltr'>annum</span> <span class='ocrx_word' id='word_1_215' title='bbox 1687 1907 1782 1947; x_wconf 78' lang='lat'><strong>1236,</strong></span> <span class='ocrx_word' id='word_1_216' title='bbox 1808 1906 1884 1940; x_wconf 85' lang='lat' dir='ltr'>dee]</span> <span class='ocrx_word' id='word_1_217' title='bbox 1908 1905 1937 1948; x_wconf 89' lang='grc' dir='ltr'>Ι,</span> 
     </span>
     <span class='ocr_line' id='line_1_25' title="bbox 703 1959 1940 2005; baseline -0.001 -10"><span class='ocrx_word' id='word_1_218' title='bbox 703 1961 769 1995; x_wconf 87' lang='lat' dir='ltr'>blz.</span> <span class='ocrx_word' id='word_1_219' title='bbox 789 1963 864 2001; x_wconf 83' lang='lat'>440,</span> <span class='ocrx_word' id='word_1_220' title='bbox 883 1967 921 1994; x_wconf 74' lang='lat' dir='ltr'>nr</span> <span class='ocrx_word' id='word_1_221' title='bbox 938 1960 1073 2001; x_wconf 88' lang='lat' dir='ltr'>XVIII)</span> <span class='ocrx_word' id='word_1_222' title='bbox 1096 1971 1141 1994; x_wconf 93' lang='lat' dir='ltr'>en</span> <span class='ocrx_word' id='word_1_223' title='bbox 1168 1960 1211 1993; x_wconf 89' lang='lat' dir='ltr'>de</span> <span class='ocrx_word' id='word_1_224' title='bbox 1237 1959 1454 2003; x_wconf 82' lang='lat' dir='ltr'>predjkheer</span> <span class='ocrx_word' id='word_1_225' title='bbox 1478 1959 1640 2003; x_wconf 80' lang='lat' dir='ltr'>Choquet</span> <span class='ocrx_word' id='word_1_226' title='bbox 1662 1960 1800 2002; x_wconf 76' lang='lat' dir='ltr'>(Sancti</span> <span class='ocrx_word' id='word_1_227' title='bbox 1820 1960 1940 2005; x_wconf 62' lang='lat' dir='ltr'>Belga·</span> 
     </span>
     <span class='ocr_line' id='line_1_26' title="bbox 705 2015 1940 2059; baseline 0 -9"><span class='ocrx_word' id='word_1_228' title='bbox 705 2015 850 2050; x_wconf 74' lang='lat' dir='ltr'>ordinis</span> <span class='ocrx_word' id='word_1_229' title='bbox 874 2015 1191 2059; x_wconf 77' lang='lat' dir='ltr'>praedicatorum,</span> <span class='ocrx_word' id='word_1_230' title='bbox 1210 2015 1276 2049; x_wconf 88' lang='lat' dir='ltr'>blz.</span> <span class='ocrx_word' id='word_1_231' title='bbox 1297 2016 1372 2056; x_wconf 76' lang='lat'>270)</span> <span class='ocrx_word' id='word_1_232' title='bbox 1403 2017 1592 2058; x_wconf 84' lang='lat' dir='ltr'>verwijzen</span> <span class='ocrx_word' id='word_1_233' title='bbox 1620 2026 1710 2050; x_wconf 86' lang='lat' dir='ltr'>naar</span> <span class='ocrx_word' id='word_1_234' title='bbox 1737 2015 1796 2050; x_wconf 85' lang='lat' dir='ltr'>die</span> <span class='ocrx_word' id='word_1_235' title='bbox 1825 2016 1940 2059; x_wconf 72' lang='lat' dir='ltr'>plaafs</span> 
     </span>
     <span class='ocr_line' id='line_1_27' title="bbox 705 2070 1940 2116; baseline 0.001 -11"><span class='ocrx_word' id='word_1_236' title='bbox 705 2083 775 2105; x_wconf 84' lang='lat' dir='ltr'>van</span> <span class='ocrx_word' id='word_1_237' title='bbox 788 2071 956 2114; x_wconf 78' lang='lat' dir='ltr'>Meyer-us</span> <span class='ocrx_word' id='word_1_238' title='bbox 972 2071 1024 2105; x_wconf 82' lang='lat' dir='ltr'>als</span> <span class='ocrx_word' id='word_1_239' title='bbox 1037 2071 1160 2113; x_wconf 85' lang='lat' dir='ltr'>bewijs</span> <span class='ocrx_word' id='word_1_240' title='bbox 1176 2081 1263 2105; x_wconf 81' lang='lat' dir='ltr'>voor</span> <span class='ocrx_word' id='word_1_241' title='bbox 1279 2070 1430 2105; x_wconf 85' lang='lat' dir='ltr'>broeder</span> <span class='ocrx_word' id='word_1_242' title='bbox 1446 2070 1608 2106; x_wconf 78' lang='lat' dir='ltr'>Robert’s</span> <span class='ocrx_word' id='word_1_243' title='bbox 1629 2070 1873 2116; x_wconf 80' lang='lat' dir='ltr'>handelingen</span> <span class='ocrx_word' id='word_1_244' title='bbox 1887 2071 1940 2106; x_wconf 84' lang='lat' dir='ltr'>als</span> 
     </span>
     <span class='ocr_line' id='line_1_28' title="bbox 704 2125 931 2170; baseline 0 -10"><span class='ocrx_word' id='word_1_245' title='bbox 704 2125 931 2170; x_wconf 84' lang='lat' dir='ltr'>inquisiteur.</span> 
     </span>
    </p>
   </div>
   <div class='ocr_carea' id='block_1_10' title="bbox 1062 2215 1180 2259">
    <p class='ocr_par' dir='ltr' id='par_1_10' title="bbox 1062 2215 1180 2259">
     <span class='ocr_line' id='line_1_29' title="bbox 1062 2215 1180 2259; baseline 0 0"><span class='ocrx_word' id='word_1_246' title='bbox 1062 2215 1160 2259; x_wconf 89' lang='grc'>109</span> <span class='ocrx_word' id='word_1_247' title='bbox 1168 2243 1180 2259; x_wconf 87' lang='grc'><strong>.</strong></span> 
     </span>
    </p>
   </div>
   <div class='ocr_carea' id='block_1_11' title="bbox 313 2343 1941 2538">
    <p class='ocr_par' dir='ltr' id='par_1_11' title="bbox 313 2343 1941 2538">
     <span class='ocr_line' id='line_1_30' title="bbox 379 2343 1940 2400; baseline -0.001 -12"><span class='ocrx_word' id='word_1_248' title='bbox 379 2346 514 2395; x_wconf 79' lang='grc'>1236,</span> <span class='ocrx_word' id='word_1_249' title='bbox 544 2346 753 2389; x_wconf 78' lang='lat' dir='ltr'>Dowaaz&#39;.</span> <span class='ocrx_word' id='word_1_250' title='bbox 772 2345 996 2388; x_wconf 82' lang='lat' dir='ltr'>Uttreksel</span> <span class='ocrx_word' id='word_1_251' title='bbox 1018 2344 1082 2387; x_wconf 79' lang='lat' dir='ltr'>uit</span> <span class='ocrx_word' id='word_1_252' title='bbox 1099 2344 1150 2386; x_wconf 88' lang='lat' dir='ltr'>de</span> <span class='ocrx_word' id='word_1_253' title='bbox 1171 2343 1390 2400; x_wconf 81' lang='lat' dir='ltr'>Brugsche</span> <span class='ocrx_word' id='word_1_254' title='bbox 1411 2343 1651 2400; x_wconf 58' lang='lat' dir='ltr'>Chrong&#39;jke</span> <span class='ocrx_word' id='word_1_255' title='bbox 1666 2355 1757 2387; x_wconf 79' lang='lat' dir='ltr'>van</span> <span class='ocrx_word' id='word_1_256' title='bbox 1784 2343 1940 2387; x_wconf 67' lang='grc' dir='ltr'><em>Παρη-</em></span> 
     </span>
     <span class='ocr_line' id='line_1_31' title="bbox 316 2410 1941 2471; baseline -0.001 -13"><span class='ocrx_word' id='word_1_257' title='bbox 316 2417 453 2458; x_wconf 70' lang='lat' dir='ltr'>deren</span> <span class='ocrx_word' id='word_1_258' title='bbox 496 2414 655 2471; x_wconf 71' lang='lat'><strong>(1725)</strong></span> <span class='ocrx_word' id='word_1_259' title='bbox 691 2428 793 2456; x_wconf 79' lang='lat' dir='ltr'>over</span> <span class='ocrx_word' id='word_1_260' title='bbox 831 2414 882 2457; x_wconf 86' lang='lat' dir='ltr'>de</span> <span class='ocrx_word' id='word_1_261' title='bbox 924 2413 1392 2469; x_wconf 78' lang='lat' dir='ltr'>kettervervolgingen</span> <span class='ocrx_word' id='word_1_262' title='bbox 1434 2414 1478 2455; x_wconf 82' lang='lat' dir='ltr'>te</span> <span class='ocrx_word' id='word_1_263' title='bbox 1520 2412 1711 2456; x_wconf 85' lang='lat' dir='ltr'>Dowaai.</span> <span class='ocrx_word' id='word_1_264' title='bbox 1757 2410 1848 2470; x_wconf 85' lang='lat' dir='ltr'>(Zie</span> <span class='ocrx_word' id='word_1_265' title='bbox 1888 2412 1941 2456; x_wconf 86' lang='lat' dir='ltr'>de</span> 
     </span>
     <span class='ocr_line' id='line_1_32' title="bbox 313 2483 842 2538; baseline 0 -12"><span class='ocrx_word' id='word_1_266' title='bbox 313 2483 589 2538; x_wconf 79' lang='lat' dir='ltr'>voorgaande</span> <span class='ocrx_word' id='word_1_267' title='bbox 612 2483 842 2538; x_wconf 84' lang='lat' dir='ltr'>stukken.)</span> 
     </span>
    </p>
   </div>
   <div class='ocr_carea' id='block_1_12' title="bbox 310 2606 1942 2820">
    <p class='ocr_par' dir='ltr' id='par_1_12' title="bbox 310 2606 1942 2820">
     <span class='ocr_line' id='line_1_33' title="bbox 357 2606 1942 2653; baseline 0.001 -13"><span class='ocrx_word' id='word_1_268' title='bbox 357 2610 510 2643; x_wconf 77' lang='lat' dir='ltr'>Ontrent</span> <span class='ocrx_word' id='word_1_269' title='bbox 527 2608 632 2643; x_wconf 77' lang='lat' dir='ltr'>desen</span> <span class='ocrx_word' id='word_1_270' title='bbox 650 2609 731 2651; x_wconf 79' lang='lat' dir='ltr'>tijdt</span> <span class='ocrx_word' id='word_1_271' title='bbox 744 2611 854 2652; x_wconf 76' lang='lat'><strong>(1236)</strong></span> <span class='ocrx_word' id='word_1_272' title='bbox 867 2610 964 2645; x_wconf 78' lang='lat' dir='ltr'>heeft</span> <span class='ocrx_word' id='word_1_273' title='bbox 980 2621 1062 2644; x_wconf 85' lang='lat' dir='ltr'>men</span> <span class='ocrx_word' id='word_1_274' title='bbox 1079 2621 1192 2644; x_wconf 84' lang='lat' dir='ltr'>swaer</span> <span class='ocrx_word' id='word_1_275' title='bbox 1208 2609 1406 2644; x_wconf 85' lang='lat' dir='ltr'>ondersoek</span> <span class='ocrx_word' id='word_1_276' title='bbox 1432 2609 1570 2653; x_wconf 84' lang='lat' dir='ltr'>gedaen</span> <span class='ocrx_word' id='word_1_277' title='bbox 1593 2619 1639 2652; x_wconf 90' lang='lat' dir='ltr'>op</span> <span class='ocrx_word' id='word_1_278' title='bbox 1662 2606 1836 2652; x_wconf 82' lang='lat' dir='ltr'>sommige</span> <span class='ocrx_word' id='word_1_279' title='bbox 1860 2607 1942 2642; x_wconf 70' lang='lat' dir='ltr'>Ket-</span> 
     </span>
     <span class='ocr_line' id='line_1_34' title="bbox 311 2663 1940 2709; baseline -0.001 -11"><span class='ocrx_word' id='word_1_280' title='bbox 311 2664 451 2698; x_wconf 61' lang='lat' dir='ltr'>tersehe</span> <span class='ocrx_word' id='word_1_281' title='bbox 467 2664 683 2708; x_wconf 65' lang='lat' dir='ltr'>Leeringem</span> <span class='ocrx_word' id='word_1_282' title='bbox 698 2665 742 2699; x_wconf 84' lang='lat' dir='ltr'>do</span> <span class='ocrx_word' id='word_1_283' title='bbox 757 2666 872 2699; x_wconf 81' lang='lat' dir='ltr'>welke</span> <span class='ocrx_word' id='word_1_284' title='bbox 889 2666 1094 2700; x_wconf 75' lang='lat' dir='ltr'>allenskens</span> <span class='ocrx_word' id='word_1_285' title='bbox 1117 2665 1342 2709; x_wconf 81' lang='lat' dir='ltr'>ingokropen</span> <span class='ocrx_word' id='word_1_286' title='bbox 1358 2675 1501 2699; x_wconf 84' lang='lat' dir='ltr'>waeren</span> <span class='ocrx_word' id='word_1_287' title='bbox 1517 2664 1555 2698; x_wconf 88' lang='lat' dir='ltr'>in</span> <span class='ocrx_word' id='word_1_288' title='bbox 1572 2675 1656 2699; x_wconf 86' lang='lat' dir='ltr'>onse</span> <span class='ocrx_word' id='word_1_289' title='bbox 1672 2664 1831 2704; x_wconf 82' lang='lat' dir='ltr'>Landen,</span> <span class='ocrx_word' id='word_1_290' title='bbox 1849 2663 1940 2698; x_wconf 83' lang='lat' dir='ltr'>ende</span> 
     </span>
     <span class='ocr_line' id='line_1_35' title="bbox 311 2718 1939 2762; baseline 0 -10"><span class='ocrx_word' id='word_1_291' title='bbox 311 2731 557 2762; x_wconf 81' lang='lat' dir='ltr'>aengenomen</span> <span class='ocrx_word' id='word_1_292' title='bbox 572 2731 641 2754; x_wconf 78' lang='lat' dir='ltr'>van</span> <span class='ocrx_word' id='word_1_293' title='bbox 659 2720 728 2761; x_wconf 85' lang='lat' dir='ltr'>die,</span> <span class='ocrx_word' id='word_1_294' title='bbox 747 2721 908 2756; x_wconf 82' lang='lat' dir='ltr'>dewelke</span> <span class='ocrx_word' id='word_1_295' title='bbox 924 2721 984 2756; x_wconf 75' lang='lat' dir='ltr'>het</span> <span class='ocrx_word' id='word_1_296' title='bbox 1003 2721 1189 2756; x_wconf 77' lang='lat' dir='ltr'>Christene</span> <span class='ocrx_word' id='word_1_297' title='bbox 1203 2720 1384 2755; x_wconf 78' lang='lat' dir='ltr'>Roomseh</span> <span class='ocrx_word' id='word_1_298' title='bbox 1398 2720 1417 2754; x_wconf 86' lang='lat' dir='ltr'>J</span> <span class='ocrx_word' id='word_1_299' title='bbox 1421 2720 1467 2755; x_wconf 92' lang='lat' dir='ltr'>ok</span> <span class='ocrx_word' id='word_1_300' title='bbox 1483 2723 1517 2755; x_wconf 76' lang='lat' dir='ltr'>te</span> <span class='ocrx_word' id='word_1_301' title='bbox 1534 2730 1648 2753; x_wconf 85' lang='lat' dir='ltr'>swaer</span> <span class='ocrx_word' id='word_1_302' title='bbox 1662 2730 1747 2753; x_wconf 78' lang='lat' dir='ltr'>was,</span> <span class='ocrx_word' id='word_1_303' title='bbox 1762 2718 1843 2752; x_wconf 84' lang='lat' dir='ltr'>Van</span> <span class='ocrx_word' id='word_1_304' title='bbox 1857 2718 1939 2752; x_wconf 85' lang='lat' dir='ltr'>dese</span> 
     </span>
     <span class='ocr_line' id='line_1_36' title="bbox 310 2772 1938 2820; baseline 0 -13"><span class='ocrx_word' id='word_1_305' title='bbox 310 2774 413 2808; x_wconf 71' lang='lat' dir='ltr'>wic-rt</span> <span class='ocrx_word' id='word_1_306' title='bbox 441 2785 481 2808; x_wconf 89' lang='lat' dir='ltr'>er</span> <span class='ocrx_word' id='word_1_307' title='bbox 512 2778 657 2811; x_wconf 81' lang='lat' dir='ltr'>ontrent</span> <span class='ocrx_word' id='word_1_308' title='bbox 697 2777 822 2820; x_wconf 83' lang='lat' dir='ltr'>Douay</span> <span class='ocrx_word' id='word_1_309' title='bbox 845 2776 946 2811; x_wconf 83' lang='lat' dir='ltr'>thien</span> <span class='ocrx_word' id='word_1_310' title='bbox 974 2777 1134 2811; x_wconf 85' lang='lat' dir='ltr'>Mannen</span> <span class='ocrx_word' id='word_1_311' title='bbox 1166 2776 1361 2817; x_wconf 88' lang='lat' dir='ltr'>bevonden,</span> <span class='ocrx_word' id='word_1_312' title='bbox 1387 2776 1431 2810; x_wconf 84' lang='lat' dir='ltr'>de</span> <span class='ocrx_word' id='word_1_313' title='bbox 1456 2775 1572 2810; x_wconf 83' lang='lat' dir='ltr'>welke</span> <span class='ocrx_word' id='word_1_314' title='bbox 1598 2785 1688 2809; x_wconf 85' lang='lat' dir='ltr'>even</span> <span class='ocrx_word' id='word_1_315' title='bbox 1713 2772 1938 2817; x_wconf 79' lang='lat' dir='ltr'>hardneckjg</span> 
     </span>
    </p>
   </div>
   <div class='ocr_carea' id='block_1_13' title="bbox 317 2854 412 2861">
    <p class='ocr_par' dir='ltr' id='par_1_13' title="bbox 317 2854 412 2861">
     <span class='ocr_line' id='line_1_37' title="bbox 317 2854 412 2861; baseline 0 0"><span class='ocrx_word' id='word_1_316' title='bbox 317 2854 412 2861; x_wconf 95' lang='lat' dir='ltr'> </span> 
     </span>
    </p>
   </div>
   <div class='ocr_carea' id='block_1_14' title="bbox 358 2904 648 2951">
    <p class='ocr_par' dir='ltr' id='par_1_14' title="bbox 358 2904 648 2951">
     <span class='ocr_line' id='line_1_38' title="bbox 358 2904 648 2951; baseline 0.007 -12"><span class='ocrx_word' id='word_1_317' title='bbox 358 2907 402 2948; x_wconf 94' lang='lat' dir='ltr'>(l)</span> <span class='ocrx_word' id='word_1_318' title='bbox 419 2904 648 2951; x_wconf 86' lang='lat' dir='ltr'>Albigenzen.</span> 
     </span>
    </p>
   </div>
  </div>
 </body>
</html>
