2097 3466
797 261 928 297 ANNO
955 262 1054 296 1431
1674 263 1738 296 323

858 386 976 430 282.

173 505 313 557 1431,
350 503 605 548 November
637 504 681 555 9,
722 503 927 546 Brussel.
975 501 1106 544 Bevel
1138 513 1224 544 van
1262 501 1420 557 hertog
1457 501 1622 558 Philips
1653 515 1738 545 van

108 573 381 630 Bourgondie'
403 573 573 629 gericht
595 574 662 615 tot
679 572 731 615 de
753 570 954 628 baljuws,
982 570 1194 613 schouten
1212 583 1266 612 en
1284 569 1444 613 andere
1464 570 1740 614 ambtenaars

107 642 246 700 zijner
267 642 425 686 landen
448 642 492 684 in
515 642 567 684 de
584 641 849 684 bisdommen
872 639 1098 696 Kamerijk
1121 653 1174 682 en
1200 639 1306 682 Luik
1330 639 1530 696 gelegen,
1557 639 1736 698 waarbij

109 711 168 769 hij
199 711 287 754 hen
325 713 549 754 vermaant
580 710 662 753 den
695 709 957 766 predikheer
994 708 1193 751 Hendrik
1225 708 1454 766 Kaleyser‚
1482 709 1743 765 inquisiteur

108 793 215 823 voor
233 779 300 823 die
338 779 460 822 beide
494 778 776 831 bisdommen,
814 778 859 821 in
882 779 957 821 het
990 778 1226 834 vervolgen
1249 777 1326 820 der
1357 777 1526 822 ketters
1565 778 1741 822 kracht-

107 848 236 905 dadig
257 851 300 892 te
322 849 496 905 helpen.
523 873 579 880 —
603 849 662 905 Zij
700 850 869 891 moeten
907 847 1007 890 hem
1044 847 1154 903 goed
1186 846 1395 890 onthalen
1428 861 1480 890 en
1519 848 1662 891 zullen
1701 848 1742 891 al

108 917 320 974 degenen,
347 917 414 960 die
437 917 496 974 hij
533 917 622 960 hun
653 917 718 959 zal
752 916 1009 972 aanwijzen,
1035 915 1311 968 aanhouden,
1337 915 1543 960 bewaren
1572 931 1625 960 en
1660 916 1740 959 ook

107 999 217 1029 naar
247 985 466 1029 behooren
505 985 701 1037 straffen,
740 985 887 1028 indien
921 984 972 1028 de
1006 985 1266 1040 inquisiteur
1302 985 1389 1027 hen
1427 986 1613 1042 pliohtig
1646 999 1742 1028 ver-

107 1053 268 1099 klaart.
295 1056 354 1098 De
377 1055 535 1111 hertog
567 1056 713 1098 neemt
746 1053 1052 1097 daarenboven
1085 1053 1167 1097 den
1202 1054 1460 1110 inquisiteur
1492 1059 1578 1098 met
1598 1055 1742 1112 zijnen

108 1123 245 1180 gezel,
274 1123 419 1181 ziJnen
441 1124 623 1176 notaris,
649 1123 763 1180 zijne
785 1123 1006 1167 knechten
1030 1137 1083 1166 en
1105 1123 1218 1181 zijne
1241 1123 1458 1180 goederen
1476 1124 1612 1168 onder
1630 1124 1743 1182 zijne

107 1192 247 1249 hooge
267 1191 571 1249 bescherming
594 1207 648 1236 en
670 1193 870 1236 verleent
892 1193 984 1235 hun
1001 1193 1046 1236 in
1068 1192 1120 1249 zij
1129 1206 1183 1235 ne
1206 1192 1366 1236 landen
1389 1207 1469 1237 een
1494 1193 1742 1238 uitzonder-

109 1260 188 1318 lijk
209 1261 480 1319 vrijgeleide.

152 1353 344 1398 Philippus
370 1353 548 1389 universis
575 1358 610 1390 et
636 1354 790 1399 singulis
817 1353 1057 1395 seneschanS,
1097 1354 1266 1396 baillivis,
1297 1355 1470 1398 scultetis,
1498 1354 1683 1391 officiariis
1711 1357 1746 1391 et

104 1409 319 1453 justiciariis
336 1409 467 1444 nostris
482 1409 730 1452 praesentibus
746 1412 779 1444 et
797 1409 928 1444 futuris
941 1413 976 1444 et
990 1410 1275 1445 locatenentibus
1289 1411 1497 1446 eorumdem
1515 1423 1579 1455 per
1593 1413 1745 1447 ducatus

109 1466 144 1499 et
166 1463 351 1499 districtus
374 1467 513 1498 nostros
537 1464 633 1498 infra
649 1465 816 1508 dyoceses
836 1465 1129 1499 Cameracensem
1147 1467 1182 1499 et
1207 1465 1440 1500 Leodiensem
1458 1467 1682 1508 constitutos,
1701 1467 1747 1501 ad

109 1530 198 1562 quos
213 1522 416 1562 praesentes
433 1522 574 1553 nostrae
591 1518 731 1554 litterae
748 1519 989 1563 pervenerint,
1009 1519 1162 1554 salutem
1178 1522 1213 1553 et
1229 1531 1334 1554 omne
1352 1521 1498 1555 bonum.

154 1573 245 1608 Cum
260 1573 451 1618 religiosus
467 1575 690 1619 dilectusque
707 1579 827 1610 noster
843 1576 956 1610 frater
972 1574 1180 1619 [Henrieus]
1198 1575 1383 1619 Kaleyser,
1402 1587 1525 1611 sacrae
1542 1576 1746 1621 theologiae

109 1629 288 1672 professor
319 1629 456 1664 ordinis
483 1631 637 1665 fratrum
670 1630 972 1674 praedicatorum,
1006 1630 1201 1674 inquisitor
1227 1631 1431 1666 haereticae
1463 1631 1651 1675 pravitatis
1682 1643 1747 1676 per

108 1683 369 1728 provincialem
400 1685 609 1728 provinciae
642 1685 864 1720 Theotoniae
896 1685 936 1720 in
971 1685 1164 1730 praedictis
1197 1686 1447 1721 Cameracensi
1485 1689 1521 1722 et
1556 1686 1746 1722 Leodiensi

109 1738 320 1783 dyocesibus
342 1740 558 1776 auctoritate
573 1741 771 1785 apostoliea
793 1740 998 1784 specialiter
1021 1741 1213 1785 deputatus
1236 1752 1301 1785 pro
1325 1741 1391 1776 Dei
1415 1740 1561 1776 servitio
1584 1745 1620 1777 et
1644 1742 1744 1776 cultu

109 1805 171 1828 seu
187 1794 405 1830 exaltatione
431 1799 575 1831 sanctae
602 1795 685 1830 fidei
713 1795 945 1837 orthodoxae,
964 1798 1075 1839 utque
1102 1795 1221 1840 ipsum
1248 1796 1406 1832 haeresis
1431 1797 1569 1833 crimen
1594 1809 1615 1832 a
1638 1798 1744 1833 dictis

108 1848 273 1891 partibus
289 1848 419 1892 quibus
435 1848 668 1894 presidemus,
686 1849 716 1883 si
740 1850 861 1884 forsan
876 1849 1011 1884 alicubi
1028 1849 1151 1894 vigeat
1166 1862 1228 1885 seu
1246 1850 1392 1893 inoleat,
1412 1851 1531 1887 valeat
1547 1851 1740 1896 extirpare,

109 1902 156 1937 ad
181 1902 261 1938 loca
284 1915 347 1938 seu
370 1907 488 1948 partes
512 1907 654 1940 nostrae
672 1904 920 1949 jurisdictioni
945 1906 1123 1949 subjectas
1147 1908 1182 1941 et
1205 1906 1306 1941 vobis
1330 1908 1537 1942 commissas
1561 1908 1743 1943 declinare

109 1957 299 2002 quisquam
322 1959 453 1995 habeat
477 1971 539 1994 seu
563 1959 671 1994 etiam
694 1959 896 2004 proficisci3
921 1971 1057 2004 nosque
1080 1961 1179 1996 velut
1202 1961 1368 2006 princeps
1385 1962 1596 2004 catholicus,
1615 1962 1678 2007 qui
1700 1963 1745 1998 de

109 2023 219 2048 manu
237 2013 413 2049 Altissimi
437 2015 552 2050 multa
575 2016 670 2050 bona
685 2015 875 2059 variosque
891 2015 1046 2051 honores
1069 2017 1361 2061 recognoscimus
1381 2017 1558 2061 recepisse
1581 2017 1621 2052 in
1643 2029 1744 2062 prae-

109 2067 216 2102 dictis
237 2071 274 2104 et
300 2069 405 2113 aliis;
431 2069 494 2113 qui
520 2069 686 2104 divinum
702 2069 874 2105 continuo
897 2070 1109 2114 obsequium
1130 2072 1354 2116 complacere
1377 2075 1418 2107 ut
1441 2072 1610 2108 convenit
1633 2073 1743 2117 pluri-

114 2134 214 2158 mum
231 2123 415 2168 cupientes
441 2125 672 2167 intendimus,
690 2137 774 2169 ymo
798 2128 833 2160 et
856 2126 1021 2160 volumus
1044 2126 1280 2162 favorabilem
1303 2127 1390 2163 dare
1412 2127 1532 2162 locum
1556 2127 1745 2172 ipsumque

114 2177 366 2222 inquisitorem
389 2183 560 2224 tanquam
578 2180 644 2215 Dei
666 2181 857 2224 specialem
873 2180 1079 2217 minist-mun
1096 2182 1226 2218 nostris
1250 2182 1416 2226 prosequi
1441 2182 1569 2226 gratiis
1591 2186 1626 2218 et
1648 2183 1745 2218 favo·

114 2232 216 2268 ribus
239 2237 427 2278 optamus3
456 2235 537 2270 ideo
561 2235 661 2269 vobis
684 2238 719 2270 et
747 2234 896 2270 cuilibet
918 2239 1088 2277 vestrum,
1108 2236 1169 2280 qui
1194 2247 1301 2280 super
1323 2236 1392 2271 hoc
1415 2237 1557 2273 fueritis
1580 2237 1746 2281 requisiti

114 2299 176 2323 seu
208 2288 317 2324 fuerit
348 2288 553 2332 requisitus,
586 2290 748 2324 districte
787 2289 1039 2333 praecipiendo
1069 2291 1283 2326 mandamus
1316 2293 1382 2327 sub
1420 2293 1567 2328 obtentu
1606 2292 1746 2337 gratiae

115 2346 257 2379 nostrae
288 2347 464 2388 quatenus
495 2345 632 2380 dictum
664 2345 813 2380 fratrem
845 2344 1043 2380 Henricum
1078 2346 1341 2390 inquisitorem,
1376 2347 1671 2392 quotiescumque
1701 2349 1746 2383 ad

115 2400 354 2435 exercendum
370 2400 506 2436 dictum
524 2401 682 2435 officium
700 2401 745 2435 ad
761 2400 858 2436 dicta
881 2401 960 2435 loca
983 2413 1045 2436 seu
1070 2406 1189 2445 partes
1205 2403 1305 2438 vobis
1322 2404 1528 2439 commissas
1552 2404 1747 2448 eontigerit

114 2466 151 2490 se
168 2455 363 2490 transferre
378 2459 413 2490 ct
432 2467 542 2500 supra
558 2456 750 2500 praedietis
766 2456 950 2491 saeculare
968 2456 1157 2491 brachium
1175 2457 1376 2493 invocando
1393 2462 1551 2494 vestrum
1568 2458 1746 2493 auxilium

114 2510 310 2555 postulare,
336 2511 501 2546 eumdem
529 2511 779 2555 inquisitorem
807 2511 1055 2546 favorabiliter
1081 2512 1279 2548 admittatis
1307 2518 1341 2549 et
1369 2514 1483 2549 eidem
1512 2514 1549 2548 in
1577 2519 1611 2549 et
1638 2524 1747 2557 supra

114 2565 309 2609 praedictis
324 2566 509 2601 saeculare
525 2566 716 2601 brachium
732 2566 932 2601 invocando
950 2570 1108 2601 vestrum
1125 2567 1302 2602 auxilium
1326 2568 1552 2612 impendatis,
1572 2568 1746 2612 capiendo

115 2632 177 2655 seu
195 2620 275 2664 capi
293 2621 458 2656 faciendo
471 2632 716 2665 quoscumque
733 2619 806 2664 ipse
822 2620 1016 2665 inquisitor
1027 2622 1147 2657 debita
1164 2622 1419 2658 informatione
1434 2635 1496 2657 seu
1513 2623 1747 2667 inquisitione

114 2675 262 2719 praevia
285 2678 320 2710 et
338 2675 433 2721 Juris
458 2676 583 2711 ordine
607 2677 697 2710 alias
714 2676 867 2720 desuper
890 2677 1076 2711 observato
1093 2677 1136 2712 dc
1160 2681 1357 2713 memorato
1382 2678 1541 2713 facinore
1565 2682 1746 2722 suspectos

115 2729 172 2764 vel
188 2728 390 2765 diffamatos
407 2730 548 2765 noverit
570 2735 603 2765 et
628 2730 828 2766 haereticos
844 2741 1002 2774 quosque
1019 2731 1118 2765 vobis
1134 2731 1278 2767 duxerit
1302 2732 1549 2774 nominandos,
1567 2736 1603 2768 et
1625 2736 1747 2777 captos

115 2782 223 2818 etiam
254 2784 458 2826 detinendo,
491 2788 525 2820 et
562 2785 658 2819 infra
683 2784 975 2829 jurisdictionem
1007 2788 1162 2821 vestram
1200 2787 1246 2822 ad
1284 2787 1416 2828 locum,
1454 2787 1497 2822 de
1528 2799 1599 2832 quo
1630 2787 1747 2823 dictus

114 2838 308 2884 inquisitor
323 2840 423 2875 vobis
445 2840 579 2876 dixerit
601 2841 821 2883 deducendo,
840 2852 979 2876 necnon
1004 2853 1119 2885 poena
1140 2842 1262 2878 debita
1286 2843 1472 2887 plectendo
1489 2843 1630 2879 eosdem
1653 2843 1747 2878 sieut

114 2893 190 2938 ipse
205 2894 405 2930 decreverit
430 2899 466 2931 et
491 2898 544 2931 est
571 2895 650 2930 fieri
678 2898 899 2938 consuetum,
918 2895 948 2930 si
971 2895 1140 2933 videlicet
1161 2897 1306 2942 quando
1330 2901 1365 2934 et
1388 2897 1553 2942 quotiens
1576 2909 1619 2934 ac
1638 2900 1747 2943 prout

114 2947 191 2992 ipse
206 2948 399 2994 inquisitor
414 2962 476 2986 vos
492 2950 636 2986 duxerit
655 2950 900 2996 requirendos.
