2097 3466
825 184 956 219 ANNO
984 186 1000 219 1
1014 187 1086 219 418
1708 189 1770 221 293

140 277 209 313 1οοί
226 278 283 313 vel
299 279 376 323 ejus
392 277 638 313 commissario
654 289 716 313 seu
732 276 940 322 inquisitori
965 278 1030 312 sub
1047 279 1256 322 juramento
1273 280 1484 322 praesentet.
1505 277 1609 319 Quod
1625 278 1655 312 si
1670 279 1768 322 apud

139 345 176 369 se
190 333 324 378 scripta
340 333 546 378 hujusmodi
563 345 600 367 se
622 333 754 367 habere
784 345 854 367 non
882 333 1104 378 cognoverit,
1123 333 1184 368 sed
1210 332 1310 373 alibi,
1337 333 1431 376 quod
1454 335 1553 375 juret
1579 332 1643 367 illa
1669 333 1767 368 circa

137 400 242 424 suum
260 388 485 424 ordinarium
503 389 560 423 vel
575 388 665 423 alios
681 388 905 432 supradictos
928 388 1024 423 infra
1040 392 1178 424 certum
1195 387 1390 423 terminum
1420 387 1487 422 sibi
1516 388 1764 432 prefigendum

137 444 326 488 deponere.

184 502 236 534 lo.
255 499 355 540 Item,
387 503 508 533 utrum
537 498 625 533 sciat
660 499 818 542 aliquam
847 499 903 532 vcl
934 498 1073 541 aliquos
1105 498 1276 532 habentes
1307 498 1550 541 praefatorum
1579 500 1764 539 tractatus,

138 555 322 598 opuscula,
337 554 505 598 epistolas
523 554 578 588 vel
596 565 842 597 quaecumque
856 553 927 587 alia
939 554 1071 597 scripta
1086 552 1123 587 in
1136 564 1361 596 quocumque
1376 552 1545 587 idiomate
1571 553 1767 597 composita

135 608 211 644 sive
227 610 412 649 translata,
432 609 526 652 quod
551 608 654 642 illum
679 609 735 643 vel
759 609 839 643 illos
863 609 1006 653 detegat
1022 609 1078 643 vel
1094 607 1295 642 manifestet
1320 618 1383 651 pro
1408 607 1658 651 purificatione
1682 609 1765 643 fidei

135 664 210 699 sive
225 665 435 699 executione
446 663 621 708 justitiae.

180 722 232 754 11.
266 719 367 760 Item,
401 718 606 763 specialiter
635 719 800 753 literatus
831 718 1086 763 interrogetur,
1120 720 1243 752 utrum
1275 718 1397 752 credat
1427 718 1640 753 sententiam
1671 719 1765 753 sacri

136 774 418 810 Constantiensis
447 774 599 809 Concilii
623 787 731 818 super
757 775 998 819 quadraginta
1023 774 1180 819 quinque
1208 773 1358 809 Joannis
1388 774 1541 808 Wicleff
1558 778 1593 809 et
1615 775 1765 809 Joannis

137 829 232 864 Husz
267 829 419 874 triginta
456 830 620 864 articulis
651 829 816 872 superius
858 829 1047 873 descriptis
1075 829 1185 863 latam
1220 829 1296 862 sore
1324 840 1445 862 veram
1473 832 1508 862 et
1535 829 1762 870 catholicam,

134 883 272 919 scilicet
303 884 397 927 quod
413 884 611 927 supradicti
637 883 879 927 quadraginta
902 883 1062 927 quinque
1079 883 1224 918 articuli
1241 883 1259 917 J
1265 883 1391 917 oannis
1408 882 1562 917 Wieleff
1572 886 1607 917 et
1619 883 1637 917 J
1642 883 1769 917 oannis

137 938 231 974 Husz
269 939 421 984 triginta
450 951 520 974 non
553 942 636 974 sunt
668 939 850 979 catholici,
877 940 938 973 sed
969 938 1114 982 quidam
1147 949 1190 972 ex
1217 937 1268 972 eis
1299 941 1382 972 sunt
1409 938 1549 973 notorie
1580 938 1766 980 haeretiei,

137 994 283 1038 quidam
299 994 454 1035 erronei,
474 994 537 1028 alii
554 994 738 1029 temerarii
755 998 789 1028 et
806 993 976 1034 seditiosi,
995 993 1058 1027 alii
1076 993 1218 1037 piarum
1235 992 1380 1026 aurium
1397 992 1572 1027 offensivi.

180 1051 232 1084 12.
252 1050 353 1090 Item,
373 1052 496 1084 utrum
513 1050 637 1084 eredat
652 1052 687 1084 et
703 1052 847 1089 asserat,
864 1049 959 1092 quod
976 1048 1013 1082 in
1032 1049 1131 1082 nullo
1148 1060 1232 1082 casu
1246 1047 1291 1082 sit
1308 1047 1448 1082 licitum
1460 1049 1600 1092 jurare.

178 1107 232 1140 13.
251 1104 352 1145 Item,
372 1108 495 1139 utrum
520 1105 654 1144 credat,
684 1104 779 1148 quod
806 1104 851 1138 ad
875 1104 1084 1138 mandatum
1106 1102 1243 1147 judicis
1264 1104 1514 1147 juramentum
1545 1104 1588 1138 de
1616 1103 1769 1140 veritate

137 1159 290 1194 dicenda
319 1160 375 1194 vel
407 1159 590 1202 quodlibet
629 1159 728 1194 aliud
759 1159 804 1193 ad
829 1170 974 1193 causam
1002 1161 1257 1203 opportunum,
1288 1158 1397 1193 etiam
1425 1170 1490 1202 pro
1518 1159 1770 1203 purificatione

135 1214 307 1250 infamiae
323 1214 539 1256 faciendum,
559 1214 605 1249 sit
621 1214 773 1249 licitum.

176 1273 229 1305 14.
248 1270 350 1311 Item,
376 1273 499 1305 utrum
523 1270 657 1311 credat,
676 1270 771 1314 quod
799 1268 1000 1314 perjurium
1028 1268 1183 1304 scienter
1209 1268 1450 1311 commissum,
1469 1281 1513 1304 ex
1540 1281 1766 1315 quacumque

133 1337 241 1360 causa
256 1325 312 1360 vel
329 1325 526 1366 occasione,
542 1337 608 1369 pro
625 1324 896 1360 conversatione
908 1324 1003 1359 vitae
1016 1323 1214 1368 corporalis
1226 1323 1392 1368 propriae
1407 1325 1463 1360 vel
1477 1324 1638 1367 alterius,
1654 1326 1765 1361 etiam

133 1380 170 1416 in
187 1381 346 1415 favorem
364 1380 459 1421 fidei,
478 1380 524 1415 sit
540 1383 727 1424 peceatum
743 1380 907 1415 mortale.

174 1438 227 1470 15.
254 1435 357 1476 Item,
384 1437 505 1469 utrum
529 1435 664 1476 credat,
690 1435 785 1478 quod
808 1433 1006 1469 deliberato
1034 1433 1156 1468 animo
1180 1436 1411 1469 contemnens
1434 1434 1546 1470 ritum
1578 1434 1762 1477 ecclesiae,

131 1492 352 1528 ceremonias
383 1490 573 1526 exorcismi
604 1495 639 1526 et
678 1490 899 1531 catechismi,
945 1501 1060 1533 aquae
1099 1489 1322 1533 baptismatis
1365 1493 1594 1526 consecratae
1639 1495 1763 1536 peccet

129 1547 342 1584 mortaliter.

175 1605 226 1638 16.
245 1603 346 1643 Item,
372 1604 496 1637 utrum
520 1601 653 1642 credat,
673 1601 768 1645 quod
797 1603 875 1645 post
902 1599 1207 1635 consecrationem
1239 1600 1432 1636 sacerdotis
1462 1600 1502 1636 in
1533 1606 1758 1639 sacramento

130 1657 256 1692 altaris
271 1657 337 1691 sub
353 1657 554 1691 velamento
582 1655 684 1700 panis
703 1659 738 1691 et
753 1655 828 1690 vini
853 1667 925 1690 non
941 1656 987 1691 sit
1008 1656 1110 1700 panis
1138 1656 1337 1690 materialis
1353 1659 1388 1691 et
1403 1656 1528 1691 vinum
1555 1658 1755 1701 materiale,

129 1713 191 1747 sed
206 1712 301 1747 idem
317 1723 381 1756 per
392 1711 515 1746 omnia
533 1711 706 1752 Christus,
723 1711 784 1754 qui
801 1711 870 1746 fuit
886 1711 925 1745 in
941 1722 1048 1746 eruce
1065 1722 1189 1755 passus
1212 1713 1246 1746 et
1269 1712 1367 1747 sedet
1382 1712 1428 1746 ad
1443 1712 1606 1747 dextram
1623 1713 1755 1749 Patris.

172 1768 222 1802 17.
242 1767 342 1808 Item,
361 1770 483 1802 utrum
501 1767 623 1801 credat
639 1770 674 1801 et
690 1769 836 1807 asserat,
855 1767 951 1810 quod
966 1767 1062 1801 sacta
1089 1767 1357 1802 consecratione
1374 1778 1438 1811 per
1452 1767 1673 1803 sacerdotem
1691 1770 1756 1804 sub

129 1823 205 1858 sola
216 1822 333 1866 specie
350 1822 453 1866 panis
469 1824 608 1856 tantum
631 1824 666 1856 et
689 1825 830 1865 praeter
854 1821 1009 1865 speciem
1030 1821 1105 1856 vini
1122 1821 1168 1857 sit,
1188 1833 1274 1856 vera
1295 1833 1378 1856 caro
1405 1822 1541 1857 Christi
1558 1826 1594 1858 et
1609 1824 1757 1868 sanguis

129 1881 164 1912 et
176 1877 297 1912 anima
313 1881 348 1912 et
364 1876 486 1911 Deitas
502 1879 537 1911 et
549 1880 645 1911 totus
663 1876 825 1911 Christus
841 1877 887 1911 ad
902 1876 998 1911 idem
1014 1888 1144 1921 corpus
1167 1877 1328 1912 absolute
1353 1880 1388 1913 et
1412 1878 1477 1913 sub
1501 1889 1574 1913 una
1597 1879 1758 1922 qualibet

129 1933 275 1967 illarum
291 1932 490 1976 specierum
507 1931 751 1976 singulariter.

174 1990 226 2023 18.
242 1988 343 2029 Item,
361 1991 484 2023 utrum
501 1987 634 2028 credat,
653 1987 748 2030 quod
765 1987 984 2022 consuetudo
1009 1986 1301 2023 communicandi
1324 1999 1493 2032 personas
1519 1987 1665 2024 laicales
1691 1990 1756 2025 sub

129 2043 246 2088 specie
271 2043 373 2087 panis
396 2045 548 2083 tantum,
582 2043 627 2076 ab
655 2041 806 2076 ecclesia
837 2042 1033 2077 universali
1066 2044 1264 2084 observata,
1291 2054 1355 2087 per
1378 2055 1521 2078 sacrum
1555 2045 1756 2080 Concilium

131 2098 362 2134 Constantiae
389 2098 598 2142 approbata,
623 2096 669 2132 sit.
692 2097 867 2131 servanda
883 2097 934 2131 sie
958 2098 1053 2141 quod
1077 2109 1149 2132 non
1164 2097 1271 2133 liceat
1294 2110 1373 2133 eam
1390 2100 1584 2143 reprobare
1603 2103 1666 2136 aut
1680 2101 1757 2137 sine

129 2153 301 2189 ecclesiae
317 2153 533 2188 auctoritate
549 2163 613 2196 pro
631 2151 734 2186 libito
762 2152 966 2187 immutare.
997 2153 1042 2187 Et
1069 2153 1163 2196 quod
1187 2153 1345 2188 dicentes
1369 2154 1602 2198 pertinaciter
1617 2156 1754 2200 opposi-

129 2212 206 2244 tum
235 2208 513 2253 praemissorum
544 2211 727 2251 tamquam
755 2206 928 2242 haeretici
952 2208 1009 2243 vel
1036 2208 1213 2252 sapientes
1240 2208 1429 2251 haeresim,
1447 2209 1518 2245 sint
1543 2211 1690 2246 arcendi
1721 2214 1758 2248 et

129 2263 313 2308 puniendi.

174 2322 227 2354 19.
246 2318 348 2359 Item,
367 2322 490 2353 utrum
516 2318 651 2359 credat,
671 2318 766 2361 quod
784 2318 1002 2354 christianus
1025 2323 1255 2355 contemnens
1279 2321 1540 2365 susceptionem
1556 2334 1756 2358 sacramen·

129 2377 248 2409 torum
277 2374 562 2410 confirmationis
594 2375 650 2409 vel
681 2376 862 2410 extremae
892 2376 1074 2412 unctionis
1111 2380 1174 2412 aut
1204 2378 1505 2413 solemnizationis
1535 2379 1757 2416 matrimonii

129 2432 252 2472 peccet
267 2429 480 2464 mortaliter.

173 2486 226 2518 20.
246 2484 346 2525 Item,
363 2487 484 2519 utrum
502 2485 636 2525 eredat,
655 2486 748 2528 quod
766 2486 985 2521 christianus
998 2487 1094 2521 ultra
1107 2487 1358 2522 contritionem
1373 2488 1500 2528 cordis,
1514 2489 1637 2524 habita
1654 2490 1758 2534 copia

129 2539 323 2574 sacerdotis
349 2539 480 2579 idonei,
507 2540 571 2574 soli
598 2541 773 2575 sacerdoti
804 2541 847 2575 de
875 2541 1084 2576 necessitate
1111 2543 1236 2577 salutis
1265 2543 1426 2578 confiteri
1455 2548 1619 2579 teneatur
1634 2548 1669 2580 et
1686 2557 1756 2580 non

128 2593 222 2627 laico
238 2604 300 2627 seu
319 2592 421 2626 laicis
438 2597 770 2637 quantumcumque
787 2594 889 2629 bonis
905 2598 938 2629 et
955 2595 1103 2630 devotis.

172 2650 225 2682 21.
245 2647 346 2688 Item,
373 2652 494 2682 utrum
523 2649 656 2689 credat,
676 2650 771 2693 quod
796 2651 960 2684 sacerdos
984 2650 1021 2684 in
1051 2651 1192 2685 casibus
1207 2651 1274 2686 sibi
1299 2651 1479 2695 permissis
1502 2652 1612 2697 possit
1633 2665 1755 2697 pecca-

126 2706 240 2738 torem
259 2703 458 2736 confessum
485 2707 519 2737 et
537 2703 731 2738 contritum
745 2715 765 2737 a
780 2705 934 2747 peccatis
954 2705 1138 2739 absolvere
1153 2709 1189 2740 et
1201 2706 1266 2741 sibi
1282 2707 1537 2750 poenitentiam
1551 2708 1752 2753 injungere.

172 2760 224 2792 22.
246 2757 348 2798 Item,
368 2763 488 2792 utrum
507 2759 641 2799 credat,
669 2759 763 2802 quod
788 2759 903 2793 malus
932 2761 1095 2794 sacerdos
1123 2772 1204 2795 cum
1231 2762 1348 2796 debita
1367 2763 1517 2797 materia
1533 2767 1568 2798 et
1584 2764 1698 2798 forma
1721 2768 1756 2800 et

127 2824 211 2847 cum
240 2812 439 2848 intentione
463 2813 617 2848 faciendi
642 2814 738 2857 quod
760 2814 847 2850 facit
869 2814 1031 2858 eeclesia,
1054 2827 1137 2851 vere
1163 2817 1342 2857 conficiat,
1369 2829 1451 2853 vere
1475 2819 1646 2861 absolvat,
1671 2832 1754 2857 vere

128 2869 281 2913 baptizet
297 2873 332 2905 et
347 2881 430 2905 vere
446 2871 605 2905 conferat
623 2870 694 2906 alia
712 2873 948 2906 sacramenta.
