2097 3466
844 268 975 303 ,xNNo
1006 272 1112 303 1273
1728 276 1786 307 521

154 359 455 404 impedimentum
488 364 523 396 et
554 373 658 396 omno
690 362 915 396 obstaculum
950 363 1138 403 removeri.
1173 364 1414 408 praesentium
1446 367 1546 401 vobis
1577 366 1792 402 auctoritate

156 415 370 450 mandamus
395 417 565 459 quatinus
593 418 629 452 in
654 419 778 452 codem
806 419 950 462 negotio
976 419 1019 453 de
1047 420 1169 454 divino
1198 424 1233 455 et
1259 422 1456 464 apostolico
1485 423 1605 456 favore
1632 425 1667 455 ct
1694 422 1791 456 omni

153 471 313 506 humano
329 470 459 506 timore
477 473 670 516 postposito
687 477 893 508 constanter
917 486 958 507 ut·
983 474 1159 518 intrepide
1178 476 1409 518 procedentes
1426 476 1524 510 <eirea
1541 475 1791 519 extu-pandam

152 526 373 561 haereticam
392 527 604 570 pravitatem
630 531 702 562 tam
724 528 768 563 de
787 528 998 572 Burgondia
1016 541 1123 572 qutun
1144 530 1188 564 de
1208 530 1445 573 Lotliaringia
1469 542 1550 564 eum
1577 531 1673 565 omni
1700 530 1791 573 vigi-

152 582 264 618 lantia
289 582 459 626 omnique
484 583 602 618 studio
627 584 808 624 laboretis,
835 593 867 618 ct
897 584 925 617 si
955 585 1104 619 forsitan
1133 586 1305 629 magis-tei·
1339 589 1371 620 ct
1409 586 1574 621 minister
1611 587 1794 629 generalis

152 637 287 681 aliique
317 637 454 681 priores
483 641 515 672 ct
544 638 701 673 ministri
727 638 967 682 provinciales
1006 651 1047 673 ac
1077 641 1239 675 custodes
1267 652 1326 675 seu
1361 641 1554 684 guardiam
1587 642 1793 685 aliquorum

152 694 315 728 locorum
333 696 535 728 vestrorum
552 694 734 734 ordinum,
754 698 940 738 praetextu
960 707 1272 739 quorumcumque
1296 696 1571 741 privilegiorum
1589 710 1649 732 seu
1675 697 1792 732 indul-

151 748 359 794 gentiarum
390 748 550 791 ejusdem
584 749 676 783 sedis
708 749 814 784 dictis
843 750 1031 784 ordinibus
1061 762 1310 785 concessorum
1343 764 1384 786 uc
1415 753 1724 787 eoncedendorum
1754 753 1791 787 in

151 806 346 847 posterum,
366 803 467 837 vobis
492 804 548 838 vol
572 811 731 838 vestrum
757 804 868 838 alicui
893 816 954 839 seu
984 806 1167 848 aliquibus
1191 806 1415 850 injunxerint
1441 818 1500 841 seu
1520 820 1663 851 quoquo
1688 809 1792 842 modo

151 858 400 903 praeceperint
419 862 457 894 ut
475 859 592 902 quoad
609 862 750 903 tempus
766 864 799 894 et
818 860 935 904 quoad
954 865 1069 895 certos
1086 861 1259 896 articulos
1277 866 1436 897 certasve
1461 874 1629 906 personas
1647 863 1792 907 negotio

152 914 414 959 supersedeatis
431 914 559 955 eidem,
577 926 640 949 nos
658 914 759 949 vobis
778 915 955 949 universis
977 923 1011 950 et
1036 915 1189 958 singulis
1207 917 1423 951 auctoritate
1440 917 1636 960 apostolica
1652 917 1791 952 distric-

150 970 224 1005 tius
240 969 458 1011 inhibemus,
479 981 522 1004 ne
547 969 633 1013 ipsis
658 969 803 1004 obedire
822 969 858 1004 in
876 970 943 1004 ha<—
969 974 1069 1013 parte
1086 971 1142 1005 vel
1159 971 1344 1006 intendere
1363 972 1630 1014 quomodolibet
1649 984 1791 1016 praesu-

151 1025 269 1060 matis.
290 1026 362 1060 Nos
376 1024 486 1060 etiam
504 1024 696 1069 privilegia
714 1036 775 1059 seu
795 1024 1042 1068 indulgentias
1058 1025 1265 1067 hujusmodi
1283 1026 1327 1060 ad
1344 1026 1439 1060 hum¹
1457 1027 1651 1061 arm-ulum
1669 1030 1793 1061 tenore

152 1079 396 1125 praesentium
428 1082 650 1120 revocantes,
684 1090 807 1113 omnes
839 1073 1237 1121 excommunicationis,
1272 1080 1454 1115 interdicti
1485 1084 1521 1115 ct.
1550 1081 1792 1124 suspensionis

152 1135 358 1176 sententias,
388 1135 417 1169 si
443 1147 532 1178 quas
555 1134 594 1169 in
619 1146 679 1168 vos
705 1135 761 1169 vel
786 1138 945 1169 vestrum
971 1135 1111 1178 aliquos
1129 1135 1196 1168 hac
1226 1135 1414 1169 occasione
1444 1135 1529 1170 ferri
1559 1135 1790 1179 contingerit,

151 1191 276 1226 irritas
295 1202 441 1234 prorsus
457 1189 686 1225 decernimus
709 1193 742 1223 et
767 1189 949 1223 inanes...
970 1190 1050 1223 Non
1068 1189 1163 1223 enim
1189 1189 1308 1233 aliqua
1335 1189 1386 1224 eis
1410 1202 1517 1233 super
1541 1190 1790 1233 hujuscemodi

151 1244 400 1290 Inquisitionis
424 1244 569 1289 negotio
587 1244 687 1279 vobis
710 1244 917 1279 immediate
934 1257 954 1278 a
973 1244 1156 1287 praedicta
1181 1244 1261 1279 sede
1279 1245 1468 1279 commisso
1484 1248 1519 1279 et
1536 1245 1792 1281 committendo

152 1301 305 1336 facultas
320 1301 377 1335 vel
388 1299 596 1345 jurisdictio
614 1299 830 1335 attribuitur
846 1310 906 1333 seu
926 1301 1091 1342 potestas.

196 1357 329 1392 Datum
347 1356 515 1396 Viterbii,
536 1355 617 1391 idus
633 1354 736 1395 Julii,
756 1354 989 1398 pontificatus
1007 1354 1119 1389 nostri
1137 1366 1233 1389 anno
1252 1355 1371 1390 tertio.

502 1424 656 1460 Archief
668 1425 732 1460 der
748 1424 938 1468 Inquisitie
955 1436 1024 1460 van
1043 1426 1300 1467 Carcassonne,
1319 1426 1562 1470 verzameling
1590 1427 1696 1467 Doat,
1716 1427 1794 1461 decl

547 1480 706 1521 XXXII,
726 1481 787 1515 fol.
809 1482 873 1523 153
899 1481 1094 1524 afgedrukt
1120 1482 1157 1516 in
1174 1482 1235 1517 het
1250 1482 1451 1526 Appendix
1467 1483 1515 1524 bij
1536 1482 1619 1523 Lea,
1639 1482 1793 1525 His-lory

548 1535 660 1579 ofthe
676 1536 904 1580 Inquisition
922 1537 962 1569 in
979 1534 1039 1569 the
1056 1537 1203 1570 Mc'ddle
1219 1537 1327 1580 Aqu,
1346 1537 1424 1572 deel
1442 1537 1468 1577 Ι,
1490 1537 1554 1571 blz.
1574 1539 1649 1572 568.

885 1657 1052 1707 144bis,

218 1793 359 1844 1273,
381 1793 475 1836 Mea·
499 1793 573 1843 17,
603 1792 797 1836 Orvz'eto.
826 1792 958 1835 Bevel
980 1804 1066 1835 van
1084 1792 1167 1835 den
1191 1792 1418 1836 kardinaal
1438 1806 1491 1836 en
1511 1793 1794 1849 algemeenen

154 1862 412 1920 inquisiteur
433 1863 625 1905 Joannes
647 1861 819 1917 gericht
837 1863 904 1904 tot
926 1860 978 1904 de
1009 1861 1252 1920 pauselijke
1285 1862 1565 1918 inquisiteurs
1599 1862 1677 1905 der
1698 1874 1795 1917 pre-

154 1933 393 1977 dikheeren
417 1944 470 1975 en
494 1931 572 1974 der
595 1930 971 1973 minderbroeders
997 1931 1042 1974 in
1066 1932 1143 1975 het
1165 1931 1421 1989 koninkrijk
1444 1931 1699 1988 Frankrijk,
1727 1943 1795 1973 om

155 2005 247 2047 hun
284 2015 390 2045 voor
411 2004 456 2044 te
488 2001 708 2058 schrijven
733 2000 785 2043 de
817 2003 1097 2057 ontvangene
1121 2001 1448 2057 getuigenissen
1470 2005 1603 2058 tegen
1626 2001 1678 2043 de
1699 1999 1796 2042 ket-

155 2077 247 2117 ters
264 2070 524 2127 schriftelijk
547 2073 591 2113 te
614 2069 723 2112 doen
747 2069 1037 2126 opteekenen.
1063 2097 1121 2102 —
1143 2070 1204 2126 Op
1229 2071 1305 2114 het
1328 2071 1516 2114 verzoek
1538 2070 1615 2113 der
1643 2083 1796 2126 pause-

156 2142 261 2200 lijke
294 2140 574 2196 inquisiteurs
607 2139 651 2182 in
674 2139 913 2196 Frankrijk
936 2143 1081 2183 neemt
1102 2140 1161 2197 hij
1188 2139 1256 2183 die
1277 2139 1526 2197 beslissing.
1551 2140 1649 2183 Alle
1671 2138 1796 2181 reeds

155 2213 435 2267 ontvangene
458 2208 506 2252 of
536 2222 622 2266 nog
647 2212 692 2253 te
723 2213 975 2266 ontvangen
1007 2209 1332 2266 getuigenissen
1366 2211 1499 2265 tegen
1532 2208 1795 2252 verdachten

157 2280 297 2325 zullen
338 2279 389 2322 de
421 2278 703 2340 inquisiteurs
746 2278 852 2322 door
899 2292 1036 2322 eenen
1091 2278 1403 2321 vertrouwden
1455 2278 1709 2322 ambtenaar
1752 2277 1796 2320 in

156 2348 311 2393 schrift
327 2348 448 2392 laten
466 2348 624 2392 stellen
641 2351 715 2392 ten
740 2347 865 2391 einde
885 2362 933 2391 er
954 2362 1008 2404 op
1026 2347 1104 2405 tijd
1124 2361 1176 2390 en
1195 2347 1323 2391 stond
1342 2347 1525 2404 gebruik
1549 2352 1593 2391 te
1616 2347 1793 2390 kunnen

156 2432 242 2463 van
265 2418 438 2462 maken.

201 2525 372 2566 Joannes,
390 2524 623 2560 miseratione
639 2523 764 2558 divina
789 2523 905 2559 sancti
930 2522 1073 2557 Nicolai
1098 2522 1136 2558 in
1161 2533 1308 2558 carcere
1333 2522 1505 2558 Tulliano
1529 2523 1703 2558 diaconus
1719 2533 1797 2556 car·

159 2579 305 2622 dinalis‚
323 2579 506 2624 religiosis
522 2579 611 2614 viris
634 2579 673 2614 in
690 2577 834 2614 Christo
850 2577 919 2613 sibi
943 2578 1086 2613 dilectis
1102 2579 1277 2614 fratribus
1300 2578 1439 2613 ordinis
1454 2578 1745 2622 praedicatorum
1762 2581 1798 2611 et

159 2636 344 2672 minorum
368 2635 644 2680 inquisitoribus
660 2633 853 2678 pravitatis
868 2634 1074 2669 haereticae
1099 2634 1137 2669 in
1161 2634 1438 2669 citramontanis
1461 2634 1625 2678 partibus
1641 2633 1796 2667 auctori-

159 2696 234 2728 tate
250 2693 344 2729 sedis
359 2692 579 2738 apostolicae
596 2691 789 2736 deputatis,
808 2690 963 2726 salutem
979 2691 1018 2725 in
1037 2690 1190 2726 Domino
1207 2695 1340 2726 nostro.

204 2749 266 2783 Nil
282 2753 400 2793 majus
417 2748 558 2783 aceedit
570 2746 716 2782 affectui
730 2757 839 2790 quam
855 2746 951 2790 quod
977 2747 1060 2781 fidei
1078 2746 1279 2782 catholicae
1303 2746 1442 2790 puritas
1465 2745 1599 2789 ubique
1616 2748 1796 2780 terrarum

161 2804 206 2839 ad
224 2804 290 2839 Dei
307 2805 464 2849 gloriam
479 2803 597 2838 valeat
613 2802 795 2846 ampliari,
815 2805 850 2837 et
866 2802 1009 2837 macula
1026 2802 1217 2846 pravitatis
1232 2801 1437 2837 haereticae
1453 2801 1497 2836 de
1514 2800 1601 2835 locis
1617 2800 1690 2835 illis
1705 2812 1797 2844 quac

161 2859 328 2895 infecisse
350 2859 563 2900 dinoscitur,
583 2858 731 2893 virtutis
747 2857 892 2892 divinae
916 2860 1132 2902 cooperante
1155 2857 1326 2898 subsidio,
1346 2868 1410 2901 per
1426 2860 1570 2892 nostrae
1592 2868 1634 2891 ac
1659 2862 1798 2891 vestrae

165 2915 422 2950 sollicitudinis
438 2913 682 2950 ministerium
700 2912 844 2957 penitus
867 2913 1041 2948 deleatur.
1062 2914 1152 2948 Cum
1177 2913 1292 2957 igitur
1315 2911 1523 2955 hujusmodi
1548 2923 1634 2946 cura
1660 2912 1797 2956 negotii

164 2970 209 3006 sit
226 2970 329 3006 nobis
351 2970 396 3004 ab
413 2968 610 3013 apostolica
636 2968 718 3004 sede
742 2968 946 3011 commissa,
966 2979 1030 3002 nos
1053 2967 1267 3003 dilectorum
1286 2967 1389 3002 nobis
1414 2967 1451 3001 in
1477 2966 1632 3002 Domino
1648 2967 1796 3010 inquisi-
