2097 3466
777 245 910 281 ANNO
939 249 1036 283 1025
1709 251 1728 284 5

97 343 294 376 municate.
314 358 331 378 n
355 341 460 377 Tunc
483 342 672 387 episcopus
699 346 734 379 et
761 355 884 379 omnes
911 345 972 389 qui
997 346 1149 380 aderant
1172 346 1318 380 abbates
1342 349 1449 389 atque
1478 347 1727 383 archidiaconi

98 396 287 440 clerusque
320 398 437 433 omnis
464 399 573 433 simul
604 400 746 435 favente
773 401 906 444 populo
936 402 987 435 ita
1018 401 1223 444 incipiunt:
1255 411 1272 428 κ
1292 402 1394 436 Hanc
1426 403 1617 444 haeresim,
1635 416 1726 447 quae

96 450 204 486 hodie
236 455 364 486 contra
393 464 516 488 veram
549 457 583 488 et
615 454 833 489 catholicam
870 456 1059 490 ecclesiam
1091 456 1314 500 conspirasse
1350 457 1498 492 inventa
1529 463 1593 500 est,
1633 470 1727 501 quae

97 506 265 542 videlicet
286 508 506 551 baptismum
523 510 567 543 ad
586 510 802 545 abluendam
820 510 1012 554 originalis
1029 511 1155 555 culpae
1172 513 1352 547 maculam
1371 521 1405 547 et
1421 514 1579 548 actualia
1595 514 1726 549 delicta

95 562 190 598 nihil
220 564 451 606 profuturum
483 565 691 608 contendit3
726 570 761 600 et
793 578 857 609 per
889 566 1148 610 poenitentiam
1180 570 1329 610 peccata
1367 579 1593 610 nequaquam
1626 581 1726 613 posse

96 619 253 653 relaxari
283 620 497 664 profitetur3
528 624 563 655 et
593 632 686 664 quae
716 626 876 656 sanctam
907 623 971 657 Dci
1003 622 1191 657 ecclesiam
1226 627 1261 658 et
1302 628 1570 658 sacrosanctum
1610 626 1724 659 altare

95 677 203 717 atque
229 674 412 709 Dominici
437 676 599 719 corporis
623 680 657 711 et
683 679 872 722 sanguinis
895 683 1161 713 sacramentum
1186 679 1279 713 nihil
1304 691 1378 713 esse
1401 680 1500 713 aliud
1530 680 1597 715 nisi
1630 682 1725 725 quod

93 730 278 774 corporeis
309 730 424 766 oculis
455 731 630 775 intuetur,
664 736 699 767 et
730 732 798 767 lioc
829 736 1014 777 tamquam
1045 734 1116 768 vile
1146 735 1333 779 negotium
1365 735 1534 778 respicit3
1570 741 1604 771 et
1633 748 1725 780 quae

93 784 259 829 legitima
291 786 473 820 connubia
500 787 657 821 devitat:
690 787 785 822 lianc
813 792 848 822 et
877 800 1001 823 omnes
1030 789 1092 832 qui
1121 800 1199 823 eam
1225 790 1418 829 affirmant,
1450 790 1664 825 damnamus
1691 796 1726 827 ct

93 837 449 873 anathematizamus.
471 839 695 874 profitemur
713 841 808 875 enim
827 841 1024 875 secundum
1043 841 1149 876 fidem
1167 843 1416 886 evangelicam
1434 849 1468 879 et
1493 846 1724 881 traditionem

92 894 344 938 apostolicam,
377 894 518 929 nullum
550 907 653 939 posse
685 896 817 930 salvari
856 896 926 931 nisi
972 908 1035 941 per
1073 908 1205 940 aquam
1238 899 1544 941 regenerationis,
1579 905 1618 935 ut
1650 902 1726 945 ipsc.

95 949 272 984 Dominus
294 950 368 984 ait:
387 950 478 984 Nisi
502 952 584 995 qzcz's
607 956 759 985 renatus
781 952 896 995 fucrit
921 964 966 987 eac
990 964 1088 997 aqua
1111 958 1143 986 ct
1167 955 1316 998 spiritu,
1335 966 1409 989 von
1429 961 1545 1000 potest
1569 959 1726 991 introire

92 1005 133 1037 in
155 1014 313 1048 regnum
342 1005 422 1039 Dei.
453 1005 609 1040 Peccata
632 1017 716 1040 vero
741 1017 832 1049 quae
856 1011 935 1051 post
960 1007 1178 1052 baptismum
1201 1010 1373 1044 suadente
1407 1011 1552 1045 diabolo
1588 1016 1623 1047 et
1646 1024 1726 1055 pro·

90 1059 170 1102 pria
200 1060 387 1094 voluntate
426 1060 647 1095 contrahunt
686 1061 860 1103 homines,
893 1062 1111 1096 confitemur
1134 1074 1198 1106 per
1214 1064 1474 1107 poenitentiam
1503 1078 1575 1100 non
1607 1067 1722 1102 solum

90 1113 262 1156 relaxari,
293 1126 418 1149 verum
443 1115 559 1159 ipsam
582 1116 744 1150 divinam
769 1117 927 1160 gratiam
952 1128 1053 1160 posse
1077 1119 1290 1161 promereri,
1311 1131 1393 1154 cum
1419 1132 1482 1164 per
1507 1133 1585 1156 eam
1604 1123 1722 1157 videa-

89 1181 170 1204 mus
200 1171 439 1214 peccatricem
482 1171 639 1206 Mariam
673 1173 896 1213 mundatam,
930 1173 1134 1208 Zachaeum
1169 1175 1424 1218 justificatum,
1458 1177 1609 1212 Petrum
1645 1181 1725 1222 post

87 1225 230 1269 lapsum
249 1227 461 1269 relevatum,
476 1227 654 1262 latronem
673 1227 770 1262 intra
788 1229 995 1272 paradisum
1013 1234 1211 1274 receptum.

133 1291 151 1310 α
169 1283 359 1318 Credimus
389 1287 510 1318 autem
541 1288 703 1319 sanctam
731 1285 920 1319 ecclesiam
948 1296 1176 1321 communem
1207 1288 1370 1323 omnium
1387 1289 1548 1325 fidelium
1566 1294 1720 1327 matrem

87 1337 302 1382 nullumque
326 1338 370 1372 ad
396 1350 474 1373 eam
499 1350 591 1381 quae
614 1339 651 1373 in
678 1339 788 1374 coelis
812 1342 876 1380 est,
901 1351 1003 1383 posse
1026 1342 1228 1384 pervenire,
1247 1343 1317 1377 nisi
1343 1355 1407 1387 per
1433 1345 1528 1379 hanc
1558 1357 1651 1389 quae
1677 1348 1716 1382 in

88 1392 195 1429 terris
208 1396 271 1435 est,
288 1393 485 1437 acquisitus
508 1393 629 1429 fuerit.
651 1394 927 1429 Sacramentum
944 1398 1065 1430 autem
1083 1395 1267 1432 Dominici
1291 1399 1480 1443 sanguinis
1497 1404 1532 1435 et
1557 1403 1722 1445 corporis

88 1447 157 1483 hoc
172 1459 194 1483 a
211 1448 286 1484 Deo
302 1450 518 1484 confitemur
533 1461 607 1484 esse
631 1451 764 1494 pignus
788 1454 931 1486 nostrae
954 1450 1214 1495 redemptionis
1239 1457 1274 1488 et
1298 1455 1435 1497 salutis,
1450 1456 1494 1491 de
1509 1468 1581 1500 quo
1599 1458 1721 1492 Domi-

88 1514 156 1538 nus
179 1503 252 1538 ait:
278 1504 371 1539 Nisi
400 1505 716 1541 manducaveritis
740 1519 890 1542 carnem
918 1519 1040 1543 meam
1069 1514 1101 1542 et
1131 1509 1296 1544 biberitis
1328 1522 1450 1545 mcum
1481 1515 1717 1557 sanquinem,

87 1571 163 1596 non
178 1559 358 1596 habebitis
373 1564 490 1596 vitam
513 1563 554 1595 in
577 1562 694 1596 vobis.
718 1564 764 1597 Et
787 1563 943 1598 iterum:
975 1563 1067 1598 Caro
1084 1576 1166 1599 mea
1190 1576 1274 1600 vere
1297 1571 1348 1600 cst
1371 1567 1483 1609 cibus,
1503 1573 1535 1601 ct
1560 1572 1718 1613 sanquis

87 1626 190 1650 meus
217 1627 299 1650 vere
326 1621 377 1650 est
399 1622 525 1662 potus.
559 1616 663 1658 Quod
693 1628 824 1661 corpus
852 1622 887 1653 et
917 1619 1144 1664 sanguinem,
1178 1621 1376 1656 secundum
1409 1622 1503 1665 quod
1534 1622 1610 1666 ipse
1639 1625 1716 1659 ait:

85 1672 248 1718 Accipite
265 1677 297 1706 et
311 1672 532 1707 manducate
548 1684 593 1707 ex
609 1671 676 1707 hoc
692 1684 829 1715 omncs,
848 1672 914 1708 hoc
939 1679 991 1708 est
1015 1677 1114 1709 enim
1132 1686 1263 1720 corpus
1288 1687 1409 1710 mcum
1425 1690 1433 1721 ;
1453 1681 1509 1712 et:
1529 1678 1651 1713 Bibite
1675 1691 1720 1713 ex

86 1727 153 1762 hoc
169 1738 306 1770 omnes,
324 1726 384 1761 hic
403 1733 454 1762 cst
477 1729 577 1762 cm'm
594 1728 695 1763 calix
717 1730 917 1773 sanyuz‘nis
935 1731 1009 1764 mci
1018 1741 1031 1772 ;
1052 1730 1302 1766 indubitanter
1324 1732 1539 1775 profitemur
1555 1734 1718 1769 eamdem

86 1795 161 1819 esse
184 1793 343 1825 carnem,
370 1795 462 1826 quae
490 1794 535 1819 ex
563 1783 706 1828 virgine
733 1788 831 1826 nata,
859 1785 896 1819 in
922 1796 1030 1821 cruce
1054 1796 1169 1829 passa,
1197 1787 1241 1822 de
1263 1788 1429 1831 sepulcro
1456 1788 1585 1831 levata,
1612 1801 1720 1834 super

85 1839 204 1875 coelos
227 1839 397 1881 exaltata,
421 1839 519 1874 sedet
542 1839 582 1874 in
604 1843 777 1883 paternae
800 1843 999 1885 majestatis
1022 1842 1159 1884 gloria.
1182 1842 1258 1877 Hoc
1282 1843 1344 1886 qui
1370 1843 1472 1878 audit
1495 1843 1717 1888 incredulus,

85 1894 171 1929 huic
193 1906 258 1930 nec
283 1895 447 1930 Christus
471 1898 576 1930 natus
603 1907 670 1930 nec
694 1907 818 1939 passus
845 1908 911 1931 nec
934 1898 1096 1941 sepultus
1121 1901 1173 1932 est
1199 1909 1266 1932 nec
1291 1909 1373 1933 cum
1399 1899 1541 1934 Christo
1579 1905 1718 1944 partem

82 1951 208 1986 beatae
232 1951 510 1987 resurrectionis
532 1952 727 1987 obtinebit.
757 1952 861 1993 Quod
886 1953 1098 1997 mysterium
1123 1965 1195 1988 non
1223 1953 1313 1988 alias
1338 1959 1454 1998 potest
1493 1957 1720 1991 sanctificari

83 2006 153 2043 nisi
169 2018 277 2051 super
291 2012 561 2042 sacrosanctum
577 2008 704 2049 altare,
721 2008 816 2051 quod
837 2009 881 2043 de
903 2012 1001 2043 terra
1017 2009 1086 2043 sibi
1104 2009 1280 2044 Dominus
1296 2021 1361 2053 per
1376 2010 1526 2054 Moysen
1550 2013 1722 2047 instituit.

86 2064 178 2100 fieri.
198 2063 386 2098 Connubia
409 2066 530 2097 autem
559 2063 691 2106 quibus
715 2074 884 2098 concessa
905 2067 1002 2106 sunt,
1026 2064 1202 2098 Dominus
1226 2068 1261 2099 et
1287 2065 1458 2109 discipuli
1483 2070 1560 2109 eJ'us
1587 2068 1714 2102 doctor

87 2133 157 2165 que
181 2121 348 2165 gentium
365 2123 401 2155 et
428 2119 614 2154 licentiam
631 2120 730 2154 dedit
747 2123 782 2154 et
804 2120 969 2164 legitima
993 2131 1138 2154 servare
1161 2120 1332 2162 instituit,
1350 2125 1423 2155 etc.
1446 2121 1483 2155 Si
1500 2123 1581 2165 quis
1596 2127 1719 2159 autem

85 2178 213 2209 contra
236 2174 330 2209 hanc
354 2175 572 2210 catholicam
597 2175 863 2210 institutionem
881 2174 1045 2217 senserit,
1060 2178 1194 2210 sortem
1218 2175 1316 2210 inter
1341 2177 1466 2211 fideles
1488 2177 1623 2214 habere
1646 2191 1719 2215 non

83 2231 233 2275 poterit.
256 2248 272 2266 n

126 2284 261 2319 Verum
278 2285 365 2328 quia
387 2284 443 2319 illi
466 2285 529 2328 qui
553 2285 661 2328 paulo
679 2284 789 2330 [ante]
815 2285 1000 2321 haeretica
1022 2285 1237 2321 infidelitate
1261 2288 1487 2328 tenebantur,
1508 2288 1597 2324 haec
1620 2301 1714 2333 quae

82 2340 197 2375 latina
224 2341 389 2375 oratione
413 2341 641 2381 dicebantur,
672 2352 745 2375 non
775 2341 861 2375 satis
892 2341 1101 2386 intelligere
1130 2346 1308 2385 poterant,
1353 2344 1478 2377 audita
1510 2356 1573 2387 per
1604 2345 1714 2380 inter-

83 2401 221 2440 pretem
246 2397 436 2441 vulgarem
461 2397 851 2432 excommunicationis
879 2397 1086 2442 [sententia]
1114 2398 1346 2442 expositaque
1370 2409 1493 2433 sacrae
1518 2399 1601 2433 fidei
1638 2412 1717 2444 pro·

82 2454 248 2496 sessione,
267 2454 346 2496 pari
362 2456 445 2488 voto
463 2465 499 2488 se
523 2457 558 2488 et
582 2453 677 2497 quod
705 2453 918 2487 damnatum
936 2454 1066 2494 fuerat,
1087 2453 1297 2498 [abJurare]‚
1318 2458 1353 2488 et
1379 2455 1473 2497 quod
1499 2466 1519 2488 a
1547 2455 1714 2490 fidelibus

83 2509 261 2544 creditum
292 2509 425 2551 fuerat,
456 2509 602 2544 credere
633 2520 670 2544 se
700 2509 850 2552 professi
880 2512 979 2543 sunt.
1018 2508 1087 2543 Sed
1117 2509 1161 2543 ad
1193 2510 1482 2544 confirmandum
1513 2522 1599 2545 suae
1629 2512 1714 2546 fidei

82 2567 337 2599 testamentum
368 2564 615 2609 unusquisque
660 2575 786 2599 eorum
824 2564 862 2599 in
894 2564 1040 2599 modum
1072 2565 1190 2599 crucis
1225 2565 1434 2609 hujusmodi
1465 2567 1490 2608 †
1521 2567 1712 2610 quemdam

83 2620 331 2655 characterem
357 2621 583 2664 conscripsit,
602 2625 642 2655 ut
667 2619 735 2654 hoc
759 2619 833 2654 illis
855 2619 1000 2663 signum
1026 2619 1064 2654 in
1086 2624 1246 2654 extremo
1265 2620 1417 2664 judicio,
1436 2621 1466 2655 si
1491 2621 1598 2656 fidem
1620 2621 1716 2656 hanc

82 2679 279 2716 servarent,
307 2678 642 2719 repraesentaretur
665 2675 709 2709 ad
733 2674 910 2717 salutem3
936 2674 966 2708 si
989 2678 1111 2709 autem
1138 2675 1481 2718 praevaricarentur
1503 2688 1593 2718 eam,
1613 2676 1716 2712 fieret

83 2731 134 2767 eis
151 2732 189 2766 in
205 2732 469 2767 confusionem.

127 2787 186 2822 Sic
210 2787 333 2830 itaque
356 2799 480 2823 omnes
503 2787 578 2822 Deo
602 2786 742 2833 gratias
779 2786 817 2821 in
851 2797 1041 2821 commune
1065 2786 1254 2822 reddentes
1278 2790 1312 2822 et
1335 2799 1356 2821 a
1380 2787 1510 2823 domno
1541 2788 1710 2833 episcopo

82 2843 346 2879 benedictionis
362 2854 513 2878 munere
529 2843 651 2878 donati
669 2842 856 2877 redierunt
874 2841 1029 2877 feliciter
1045 2842 1083 2877 in
1099 2854 1179 2877 sua.

431 2899 622 2943 d'Achery‚
658 2898 913 2944 Spicilcyz'um,
943 2898 1022 2933 deel
1048 2899 1073 2940 I,
1111 2899 1181 2934 blz.
1215 2901 1353 2935 607-603
1386 2911 1430 2935 en
1464 2902 1545 2936 624.
1581 2919 1624 2926 —
1647 2901 1708 2937 Zie

475 2954 654 2997 Schmidt,
673 2955 836 2989 Histoire
854 2954 916 2990 dcs
936 2953 1124 2997 Caum-es,
1143 2956 1221 2991 deel
1239 2957 1265 2998 Ι,
1285 2956 1350 2992 blz.
1370 2958 1486 2992 35-37.
