2097 3466
787 210 919 247 ANNO
945 211 1046 248 1227
1696 215 1735 247 71

103 307 268 343 omnibus
295 306 508 348 habeantur,
535 306 586 342 ita
611 305 706 351 quod
729 305 758 340 si
782 305 833 340 sie
857 317 922 350 per
945 316 1080 341 annum
1105 304 1378 349 permanserint,
1407 308 1539 340 extunc
1560 317 1619 340 eos
1643 305 1736 341 sicut

101 362 278 399 hereticos
295 362 611 406 condempnamus.

144 416 343 452 Statuimus
360 416 468 451 etiam
486 416 553 450 hoc
577 415 672 451 edito
690 415 727 451 in
745 420 957 460 perpetuum
980 415 1149 455 valituro,
1168 419 1208 450 ut
1225 418 1414 459 potestates
1432 420 1466 451 et
1491 417 1654 451 consules
1670 430 1731 451 seu

99 476 267 512 rectores,
287 472 572 516 quibuscumque
595 472 795 515 fungantur
819 471 958 511 officiis,
978 482 1042 515 pro
1069 471 1274 505 defensione
1300 471 1381 504 fidei
1409 476 1565 514 prestent
1591 473 1732 516 publice

99 528 354 567 iuramentum,
381 527 476 570 quod
503 527 546 560 de
574 527 680 561 terris
704 539 765 561 sue
795 526 1033 561 iuris-dictioni
1062 526 1231 561 subiectis
1261 526 1445 560 univorsos
1473 527 1660 567 hereticam,
1687 529 1732 562 ab

98 582 249 616 ecclesia
264 583 462 621 denotatos
491 582 582 616 bona
602 582 669 616 fide
693 593 758 626 pro
775 582 913 616 viribus=
930 581 1170 616 exterminare
1187 581 1391 616 studebunt.
1414 582 1465 615 Ita
1491 583 1584 624 quod
1603 584 1730 617 amodo

97 638 396 681 quandocumque
413 637 493 680 quis
519 637 626 671 suerit
653 637 689 671 in
716 641 924 681 potestatem
944 640 1151 681 perpetuam
1177 637 1233 670 vel
1258 637 1490 679 temporalem
1514 642 1728 682 assumptus,

96 692 165 728 hoc
202 695 368 728 teneatur
399 691 597 735 capitulum
630 691 833 726 iuramento
866 692 1021 725 firmare.
1054 690 1225 734 Alioquin
1255 702 1369 734 neque
1401 702 1465 734 pro
1498 693 1730 734 potestatibus

96 760 210 792 neque
228 760 293 792 pro
311 748 518 782 consulibus
535 748 748 787 habeantur,
768 759 964 791 eorumque,
986 747 1179 782 sententias
1195 759 1238 781 ex
1263 751 1349 781 tune
1365 747 1592 781 decernimus
1610 748 1729 783 irritas

94 806 130 838 et,
146 803 281 838 inanes.
310 802 347 837 Si
373 815 458 838 vero
477 803 650 837 Dominus
676 803 883 847 temporalis
901 803 1094 846 requisitus
1111 806 1146 837 et
1170 802 1327 836 monitus
1350 802 1395 836 ab
1421 803 1572 836 ecclesia
1596 808 1729 838 terram

94 869 195 893 suam
213 869 370 903 purgare
388 859 588 903 neglexerit
611 859 656 893 ab
673 858 831 894 heretica
850 858 1037 902 pravitate,
1063 861 1139 902 post
1156 868 1290 891 annum
1308 869 1329 891 a
1346 861 1505 900 tempore
1522 858 1730 892 monitionis

93 913 252 957 elapsum
271 917 404 948 terram
430 914 541 957 ipsius
565 914 775 957 exponimus
799 913 987 948 catholicis
1011 913 1269 957 occupandam,
1297 912 1357 956 qui
1376 924 1453 946 eam
1482 913 1729 948 exterminatis

90 968 260 1004 hereticis
285 970 417 1013 absque
446 969 521 1003 ulla
545 969 828 1004 contradictione
853 969 1057 1012 possideant
1078 971 1113 1002 et.
1137 968 1175 1002 in
1198 967 1279 1001 fidei
1305 967 1461 1011 puritate
1490 972 1724 1010 conservent.;

90 1024 189 1060 salvo
213 1023 292 1059 iure
314 1024 450 1059 domini
476 1024 697 1068 principalis,
717 1025 801 1058 dum
819 1025 925 1059 modo
956 1035 1063 1067 super
1085 1023 1154 1057 hoc
1180 1023 1319 1057 nullum
1346 1026 1478 1067 prestet
1502 1023 1726 1058 obstaculum

90 1090 156 1114 nec
180 1079 326 1124 aliquod
355 1080 651 1124 impedimentum
678 1083 856 1124 opponat:
891 1079 1015 1114 eadem
1040 1079 1297 1113 nichilominus
1325 1079 1404 1123 lege
1432 1082 1571 1113 servata
1600 1084 1726 1113 eontra

89 1145 148 1169 eos
179 1134 241 1178 qui
273 1146 344 1170 non
374 1135 509 1170 habent
539 1135 702 1170 dominos
733 1135 960 1179 principales
997 1135 1188 1169 Credentes
1228 1137 1430 1178 praeterea,
1464 1137 1721 1178 receptatores,

88 1189 290 1224 defensores
304 1196 339 1225 et.
349 1190 507 1226 fautores
520 1189 763 1224 hereticorum
781 1189 983 1229 bannimus,
1011 1189 1164 1224 firmiter
1187 1191 1393 1230 statuentes
1414 1192 1453 1223 ut
1476 1188 1517 1229 si,
1536 1192 1724 1233 postquam

88 1245 240 1288 quilibet
267 1245 394 1280 talium
423 1245 533 1280 fuerit
556 1245 928 1280 excommunicatione
946 1248 1100 1285 notatus,
1119 1244 1325 1279 satisfacere
1351 1245 1604 1288 contempserit
1627 1245 1723 1279 infra

87 1311 235 1341 annum,
254 1304 385 1335 extunc
403 1300 479 1344 ipso
503 1300 582 1335 iure
604 1301 650 1335 sit
672 1302 787 1335 sactus
804 1300 960 1340 infamis,
980 1312 1044 1334 nec
1069 1300 1107 1334 in
1124 1300 1270 1343 publiea
1286 1300 1405 1334 officia
1421 1312 1481 1334 seu
1500 1300 1649 1334 consilia
1666 1301 1723 1334 vel

86 1356 131 1390 ad
155 1355 340 1400 eligendos
363 1356 502 1399 aliquos
530 1357 576 1390 ad
608 1356 815 1400 hujusmodi
847 1367 912 1390 nee
941 1356 986 1390 ad
1017 1355 1262 1390 testimonium
1291 1355 1514 1396 admittatur,
1540 1355 1585 1389 sit
1613 1355 1721 1390 etiam

86 1410 302 1447 intestabilis
326 1422 392 1445 neo
415 1411 619 1446 testamenti
645 1412 796 1445 liberam
824 1411 955 1446 habeat
979 1410 1182 1450 factionem,
1206 1422 1270 1445 nee
1293 1411 1339 1444 ad
1362 1410 1571 1445 hereditatis
1587 1422 1722 1444 sucees-

84 1466 222 1501 sionem
251 1467 421 1509 accedat;
455 1467 576 1501 nullus
608 1466 640 1500 ei
673 1470 835 1510 preterea
867 1477 974 1510 super
1005 1477 1232 1510 quocumque
1264 1465 1421 1510 negotio,
1451 1468 1503 1500 set
1534 1465 1609 1508 ipse
1640 1464 1722 1498 aliis

84 1523 300 1567 respondere
317 1525 481 1566 cogatur.
502 1522 573 1563 Qui
599 1521 628 1555 si
656 1523 747 1557 forte
776 1521 884 1556 iudex
908 1521 1079 1561 extiterit,
1099 1521 1176 1556 eius
1199 1521 1375 1556 sententia
1399 1521 1536 1555 nullam
1560 1520 1720 1563 optineat

85 1577 293 1613 firmitatem
311 1590 376 1613 nee
395 1590 501 1613 cause
517 1578 638 1622 alique
659 1578 703 1612 ad
721 1577 797 1611 eius
813 1577 1035 1612 audientiam
1053 1577 1304 1620 perferantur3
1328 1576 1357 1610 si
1381 1576 1491 1610 suerit
1512 1576 1717 1616 advocatus,

83 1633 161 1667 eius
189 1633 432 1678 patrocinium
460 1634 667 1668 nullatenus
694 1632 931 1675 admittatur3
957 1632 986 1666 si
1010 1632 1168 1673 tabellio,
1198 1632 1439 1667 instrumenta
1466 1632 1628 1666 confecta
1656 1642 1719 1675 per

82 1687 187 1724 illum
204 1689 340 1724 nullius
356 1689 498 1734 penitus
514 1689 586 1724 sint
602 1688 786 1723 momenti.

435 1756 552 1797 Pertz,
581 1756 837 1797 Monumenta,
868 1755 994 1799 Lequ,
1027 1755 1106 1790 deel
1137 1755 1189 1796 ΙΙ,
1223 1756 1289 1791 blz.
1324 1758 1480 1791 242-243.
1511 1757 1714 1799 (Boehmer,

477 1812 636 1855 Regesta
661 1813 825 1856 imperii,
852 1811 931 1845 deel
960 1810 1003 1852 V,
1035 1814 1149 1846 eerste
1176 1811 1272 1853 stuk,
1292 1811 1358 1846 blz.
1385 1815 1459 1853 269,
1486 1819 1525 1847 nr
1547 1815 1655 1855 1203).
1673 1832 1717 1838 -

478 1868 574 1903 Over
599 1868 644 1902 de
665 1870 798 1902 wetten
822 1877 893 1900 van
918 1865 1038 1901 keizer
1061 1866 1235 1901 Frederik
1260 1867 1294 1902 II
1311 1870 1418 1912 tegen
1434 1868 1478 1903 de
1501 1868 1646 1910 ketters,
1665 1869 1717 1904 zie

478 1922 511 1957 J.
536 1921 680 1963 Ficker,
700 1922 767 1955 Die
787 1919 1010 1964 yesetzliche
1034 1920 1279 1965 Eimsz'zhruny
1303 1921 1369 1955 der
1399 1922 1629 1966 Todesslrase
1651 1924 1716 1967 fiir

476 1978 669 2018 Ketzerei;
685 1976 718 2011 J.
739 1976 865 2018 Havet,
893 1975 1074 2010 L’Ize're‘sie
1089 1981 1122 2010 et
1149 1976 1182 2010 le
1206 1976 1293 2010 bras
1318 1977 1475 2011 seculier
1505 1989 1554 2012 αιι
1581 1989 1714 2023 moyen

474 2038 543 2077 ἀρε
557 2033 744 2078 jusqu’au
761 2034 950 2066 treizieme
966 2032 1097 2074 siecle;
1112 2044 1157 2067 en
1174 2033 1259 2074 Lea,
1279 2033 1433 2078 History
1449 2040 1485 2078 os
1503 2033 1564 2069 the
1586 2035 1712 2081 Inqui-

471 2094 597 2134 sition,
611 2092 690 2127 deel
705 2091 731 2133 Ι,
751 2092 818 2126 blz.
838 2093 913 2132 221,
933 2093 1007 2133 227,
1028 2093 1104 2132 233,
1121 2103 1196 2126 enz.

845 2198 928 2244 72.

142 2305 277 2354 1227,
306 2305 420 2348 ιῙιιηὶ
439 2305 511 2354 12,
536 2305 739 2361 Anagym'.
768 2303 845 2346 Bul
872 2318 955 2346 van
980 2317 1087 2360 paus
1109 2304 1347 2361 Gregorius
1369 2305 1433 2347 IX
1456 2305 1625 2361 gerieht
1648 2308 1712 2349 tot

80 2375 163 2418 den
177 2373 503 2430 predikhee1·(?)
522 2373 752 2416 Koenraad
771 2387 853 2416 van
870 2373 1093 2429 Mmburg,
1114 2374 1371 2429 inquisiteur
1388 2375 1429 2416 in
1443 2375 1493 2416 de
1505 2374 1709 2417 Duitsche

81 2444 239 2487 landen
264 2443 343 2500 (l),
371 2444 469 2486 dien
495 2443 553 2500 hij
597 2456 699 2485 over
731 2443 874 2500 ziJ‘nen
914 2442 1024 2499 ijver
1058 2443 1100 2486 in
1134 2443 1186 2486 de
1208 2444 1612 2499 kettervervolging
1650 2444 1714 2486 lof

121 2584 166 2625 (1)
192 2582 288 2617 Over
309 2582 418 2616 <lezen
443 2581 671 2625 inquisiteur,
698 2581 749 2616 zie
775 2581 969 2624 Hausrath,
988 2583 1145 2617 Kom·ad
1172 2595 1245 2618 can
1272 2584 1454 2627 Marbury
1477 2583 1709 2629 (Heidelberg

79 2639 187 2679 1861).
205 2637 343 2676 Henke,
363 2637 473 2671 zelsde
491 2637 569 2671 titel
585 2637 776 2681 (Marburg
793 2640 889 2680 1861)
905 2650 949 2672 en
967 2638 1158 2673 Balthasar
1171 2639 1333 2678 Kaltncr.
1352 2638 1508 2673 Konracl
1521 2650 1593 2673 van
1606 2640 1707 2674 Μαν-

78 2691 171 2736 burq
191 2691 269 2725 und
286 2692 348 2726 die
363 2692 587 2737 Inquisition
604 2695 645 2725 in
666 2692 814 2726 Dezctsch
822 2693 913 2727 land
941 2694 1075 2737 (Praag
1094 2697 1189 2736 1832)
1206 2695 1329 2730 alsook
1353 2695 1396 2729 de
1421 2694 1708 2740 merkwaardige

76 2747 237 2782 recensie
254 2759 324 2782 van
342 2747 441 2782 Prof.
459 2747 524 2782 Ch.
543 2748 716 2782 Molinier
731 2760 818 2783 over
829 2749 883 2784 dit
899 2749 1024 2784 laatste
1038 2750 1137 2784 werk
1154 2750 1191 2784 in
1208 2751 1251 2784 de
1276 2750 1396 2785 Revue
1419 2749 1622 2794 liii-torique
1638 2761 1709 2784 van

78 2802 207 2845 Parijs
237 2802 313 2837 Juli
333 2805 428 2843 1884,
454 2802 533 2837 deel
557 2803 676 2843 XXV,
697 2803 762 2838 blz.
784 2807 939 2845 408-414,
961 2817 1005 2840 en
1031 2805 1114 2843 Lea,
1141 2806 1297 2849 History
1324 2806 1370 2849 of
1385 2794 1703 2851 the'luquisition,

76 2856 154 2892 deel
171 2857 216 2899 ΙΙ,
249 2858 314 2892 blz.
334 2860 409 2899 325,
427 2869 526 2892 waar
542 2859 737 2902 betwijseld
750 2860 865 2895 wordt
880 2860 942 2895 dat
958 2860 1149 2896 Koenraad
1163 2872 1232 2895 van
1248 2861 1426 2906 Mal-burg
1438 2864 1491 2896 tot
1505 2861 1548 2898 de
1562 2861 1703 2906 predik-

76 2911 296 2949 heerenorde
313 2913 506 2949 behoorde.
