2097 3466
352 274 414 307 ‘260
1033 276 1164 311 ANNO
1194 277 1294 310 1400

347 367 423 424 lijk
446 366 528 409 den
551 366 804 423 inquisiteur
826 368 986 425 Eylard
1016 368 1298 420 Schoneveld,
1325 369 1604 424 predikheer.
1634 394 1690 402 —
1714 372 1773 429 Zij
1802 375 1972 418 moeten

349 438 448 480 hein
471 449 523 478 en
557 436 599 479 al
622 436 765 493 zijnen
795 437 990 493 collega's
1025 452 1079 480 en
1114 438 1409 493 medehelpers
1445 437 1634 496 bijstand
1663 441 1896 484 verleenen
1920 456 1973 486 en

348 504 481 547 onder
503 505 691 549 anderen
728 507 875 550 bunne
910 507 1092 551 kei-kers
1126 511 1195 551 ter
1228 507 1518 565 beschikking
1552 509 1708 552 stellen
1730 511 1807 554 der
1829 511 1976 568 Inqui-

347 573 458 626 sitie,
485 573 552 616 die
574 587 621 617 er
643 574 687 618 in
711 574 763 618 de
785 575 986 619 Duitsche
1010 576 1170 619 landen
1193 590 1278 633 nog
1301 589 1437 632 geene
1461 577 1610 633 eigene
1634 576 1761 623 bezit.

389 717 596 754 Bonifacius
625 719 821 765 episeopus,
841 731 963 755 servus
993 731 1178 756 servorum
1206 720 1282 763 Dei,
1302 722 1569 757 venerabilibus
1585 722 1759 758 fratribus
1782 723 1974 769 archiepis-

346 773 443 817 copis
459 777 494 808 et
509 774 683 819 episcopis
699 787 741 809 ae
757 776 896 811 dilectis
910 775 993 810 filiis
1007 775 1129 810 electis
1151 776 1350 818 abbatibus,
1367 777 1561 821 prioribus,
1578 777 1801 822 praepositis,
1817 779 1972 816 decanis,

344 829 618 871 archidiaconis,
661 832 991 876 archipresbyteris,
1035 832 1207 876 plebanis,
1243 833 1443 868 rectoribus
1482 837 1517 869 ct
1555 833 1638 868 aliis
1675 833 1908 870 ecclesiarum
1938 838 1975 872 et

345 886 643 921 monasteriorum
661 888 828 931 praelatis
841 891 877 923 et
889 888 1047 932 ipsorum
1061 887 1155 923 vices
1168 889 1386 932 gerentibus,
1405 889 1572 934 capitulis
1586 899 1728 933 quoque
1741 889 1974 925 ecclesiarum

343 944 378 976 et
407 941 704 977 monasteriorum
729 943 897 987 praelatis
920 946 955 978 et
979 943 1138 987 ipsorum
1155 943 1249 978 vices
1276 945 1495 989 gerentibus,
1516 943 1684 988 capitulis
1701 955 1843 988 quoque
1860 945 1973 980 eccle-

343 995 478 1030 siarum
491 999 526 1031 et
538 997 835 1032 monasteriorum
849 998 1082 1032 conventibus
1096 998 1294 1042 ceterisque
1308 999 1468 1043 personis
1481 998 1733 1034 ecclesiasticis
1747 998 1972 1035 secularibus

343 1055 377 1086 et
416 1052 654 1096 regularibus,
696 1054 867 1097 exemptis
894 1057 929 1088 ct
956 1065 1027 1088 non
1055 1053 1227 1097 exemptis
1251 1066 1259 1096 ς
1296 1065 1434 1089 necnon
1466 1054 1648 1089 nobilibus
1679 1052 1767 1089 viris
1806 1054 1971 1099 ducibus,

343 1105 577 1150 principibus,
597 1107 876 1149 marchionibus,
897 1108 1129 1152 landgraviis,
1159 1108 1361 1150 comitibus,
1381 1109 1588 1150 baronibus,
1607 1109 1850 1151 seneschallis,
1863 1110 1968 1154 justi-

345 1159 477 1199 ciariis,
498 1161 741 1203 potestatibus,
761 1161 968 1205 capitaneis,
986 1162 1197 1203 rectoribus,
1225 1162 1364 1204 balivis,
1392 1163 1617 1205 officialibus,
1646 1162 1835 1205 militibus,
1864 1164 1970 1200 clien-

341 1214 437 1249 tibus
455 1215 652 1259 eeterisque
670 1217 824 1251 dominis
841 1217 1109 1260 temporalibus,
1129 1217 1424 1252 universitatibus
1445 1229 1587 1262 quoque
1603 1220 1638 1254 et
1651 1218 1969 1255 communitatibus

343 1269 542 1312 civitatum,
562 1270 786 1315 oppidorum,
813 1275 1024 1313 castrorum,
1044 1272 1424 1314 terrarum,*villarum
1441 1283 1477 1308 et
1492 1273 1648 1308 aliorum
1671 1283 1969 1318 quorumcunque

342 1324 503 1359 locorum
521 1336 562 1360 ac
578 1326 762 1370 magistris
779 1326 925 1368 civium,
944 1326 1163 1368 consulibus,
1183 1327 1350 1369 scabinis,
1369 1328 1530 1363 scultetis
1553 1330 1588 1362 et
1615 1326 1696 1362 aliis
1723 1327 1900 1363 universis
1925 1339 1968 1363 ae

339 1378 503 1423 singulis,
522 1381 568 1416 ad
586 1393 674 1425 quos
691 1384 893 1425 praesentes
909 1381 1053 1416 litterae
1070 1381 1309 1425 pervenerint,
1328 1382 1480 1418 salutem
1497 1384 1533 1418 et
1550 1381 1783 1426 apostolicam
1805 1382 1968 1419 benedie-

341 1434 487 1470 tionem.

387 1488 539 1526 Sanctae
554 1491 801 1535 Inquisitionis
824 1491 983 1526 officium
1007 1502 1028 1525 a
1050 1490 1164 1526 felicis
1188 1491 1448 1527 recordationis
1479 1491 1810 1535 praedecessoribus
1833 1490 1966 1527 nostris

343 1543 516 1579 Romanis
540 1546 769 1589 pontificibus
786 1549 911 1581 contra
935 1546 1116 1581 haeretica
1132 1547 1212 1581 labe
1227 1557 1406 1590 respersos
1423 1545 1617 1581 salubriter
1633 1546 1839 1582 institutum
1856 1558 1966 1591 quan-

341 1604 488 1644 tumque
505 1601 773 1646 privilegiatum
789 1613 863 1636 esse
880 1602 1051 1643 noscitur,
1071 1613 1296 1645 nequaquam
1315 1605 1435 1636 tamen
1451 1601 1646 1636 efficaciter
1669 1601 1829 1636 exerceri
1849 1604 1966 1646 posset

342 1655 410 1689 nisi
424 1655 509 1700 ipsis
527 1656 800 1700 inquisitoribus
817 1657 904 1691 cleri
921 1659 956 1691 et
971 1656 1106 1701 populi,
1126 1656 1314 1700 presertim
1331 1659 1366 1691 et
1390 1655 1596 1700 principum
1623 1668 1665 1691 ac
1688 1655 1842 1691 aliorum
1853 1655 1963 1701 juris·

340 1710 533 1745 dictionem
557 1712 788 1755 temporalem
817 1723 880 1755 pro
908 1711 987 1746 loeo
1015 1714 1049 1746 et
1075 1714 1234 1754 tempore
1261 1710 1472 1745 habentium
1496 1710 1637 1745 debitus
1664 1711 1784 1746 fervor
1810 1709 1965 1746 fideliter

338 1764 518 1800 assisteret
547 1766 706 1800 consiliis
734 1770 769 1801 et
794 1766 940 1800 auxiliis
975 1765 1197 1810 opportunis.
1234 1766 1435 1810 Eapropter
1472 1765 1698 1801 devotionem
1735 1768 1890 1802 vestram
1923 1766 1963 1802 in

337 1819 490 1854 Domino
507 1821 740 1855 exhortamur
755 1820 891 1864 pariter
914 1822 949 1855 et
972 1832 1154 1864 rogamus,
1182 1819 1291 1854 immo
1316 1823 1355 1854 ut
1382 1831 1426 1855 ex
1457 1819 1533 1863 ipsa
1559 1819 1763 1855 obedientia
1791 1820 1962 1856 meritum

339 1875 439 1909 vobis
455 1878 645 1917 accrescat,
664 1875 763 1910 vobis
780 1875 945 1909 omnibus
963 1879 997 1910 ct
1019 1875 1168 1910 cuilibet
1183 1878 1341 1910 vestrum
1358 1874 1572 1910 auctoritate
1589 1875 1785 1919 apostolica
1799 1875 1961 1911 districte
2008 1884 2009 1887 ’

336 1929 577 1973 praecipimus
604 1935 639 1965 et
666 1931 889 1971 mandamus,
910 1933 1084 1973 quatenus
1111 1929 1242 1964 dilecto
1271 1929 1346 1964 filio
1375 1930 1530 1973 Eylardo
1561 1929 1794 1971 Schoneveld,
1821 1929 1958 1964 ordinis

336 1985 489 2019 fratrum
529 1985 813 2028 praedicatorum
853 1984 1055 2029 professori,
1088 1984 1127 2018 in
1158 1995 1260 2018 sacra
1292 1984 1476 2028 theologia
1505 1984 1679 2029 magistro
1711 1996 1753 2019 ac
1783 1984 1822 2019 in
1853 1984 1960 2021 certis

335 2040 570 2075 Alemanniae
599 2041 793 2084 provinciis
823 2045 858 2076 et
888 2040 1049 2084 partibus
1078 2039 1280 2075 haereticae
1303 2039 1490 2083 pravitatis
1514 2039 1720 2084 inquisitori
1746 2039 1959 2076 auctoritate

333 2095 528 2138 apostolica
552 2097 731 2139 deputato,
751 2100 785 2131 et
809 2096 889 2130 aliis
915 2095 1188 2139 inquisitoribus
1213 2096 1372 2139 ejusdem
1390 2094 1526 2130 ordinis
1550 2096 1674 2130 eadem
1691 2095 1904 2131 auctoritate
1918 2096 1958 2131 in

325 2150 640 2194 jurisdictionibus
656 2152 781 2186 vestris
797 2151 905 2186 ctiam
923 2150 1101 2194 deputatis
1118 2162 1160 2184 ac
1175 2150 1214 2184 in
1241 2153 1423 2194 posterum
1439 2150 1653 2194 deputandis
1676 2162 1815 2200 necnon
1832 2162 1957 2186 eorum

333 2207 586 2241 commissariis
602 2208 836 2251 praesentibus
848 2211 883 2242 et
899 2206 1041 2247 futuris,
1055 2206 1139 2240 dum
1157 2209 1192 2241 et
1209 2205 1372 2249 quotiens
1385 2206 1422 2240 id
1436 2217 1457 2240 a
1470 2205 1570 2240 vobis
1585 2208 1650 2241 aut
1662 2205 1783 2250 aliquo
1797 2208 1955 2242 vestrum

333 2261 378 2296 ab
409 2261 459 2295 cis
489 2262 545 2295 vel
570 2273 694 2296 eorum
725 2262 846 2304 aliquo
877 2261 987 2296 fuerit
1017 2260 1241 2303 requisitum,
1261 2260 1299 2293 in
1329 2260 1495 2294 omnibus
1519 2260 1701 2295 efficacem
1728 2259 1815 2295 dicti
1846 2259 1956 2296 officii

335 2317 618 2360 prosecutionem
635 2317 932 2352 concernentibus
956 2319 1119 2360 prompte
1144 2318 1182 2350 et
1207 2315 1361 2350 fideliter
1389 2315 1562 2350 assistatis
1578 2318 1612 2350 et
1627 2316 1803 2361 subjectos
1819 2318 1954 2351 vestros

333 2372 465 2407 eisdem
481 2372 674 2408 efficaciter
690 2383 816 2415 parere
831 2371 982 2411 faciatis,
1002 2370 1221 2411 arrestando,
1242 2369 1427 2413 capiendo,
1446 2370 1653 2405 deducendo
1670 2372 1705 2405 et
1721 2369 1952 2405 custodiendo

335 2440 563 2472 quoscunque
575 2427 773 2463 haereticos
785 2439 845 2461 seu
860 2427 903 2461 de
914 2425 1053 2460 haeresi
1066 2427 1246 2469 suspectos
1259 2428 1322 2460 aut
1334 2425 1535 2460 diffamatos
1547 2436 1743 2468 eorumque
1755 2425 1949 2468 credentes,

331 2484 498 2523 fautores,
517 2485 754 2526 receptatores
770 2484 805 2516 et
820 2481 1070 2521 defensatores,
1090 2482 1214 2514 contra
1232 2490 1319 2522 quos
1343 2478 1452 2513 iidem
1475 2478 1706 2522 inquisitores
1729 2478 1950 2523 conjunctim

331 2538 386 2572 vel
403 2537 593 2581 separatim
610 2548 674 2581 pro
698 2540 858 2580 tempore
887 2535 1151 2579 procedendum
1177 2535 1412 2569 decreverunt
1440 2535 1475 2568 et
1501 2533 1602 2575 alias,
1620 2533 1714 2568 sicut
1740 2532 1947 2577 expedierit,

331 2592 519 2627 consilium
536 2595 570 2627 et
582 2591 757 2626 auxilium
773 2603 816 2625 ac
828 2591 986 2625 favorem
1003 2589 1139 2624 devotis
1155 2589 1334 2624 mentibus
1347 2588 1573 2632 impendatis,
1592 2588 1800 2631 praebentes
1815 2586 1949 2623 eisdem

330 2650 463 2682 vestros
480 2658 651 2688 carceres,
681 2646 810 2689 quibus
833 2644 991 2680 officium
1018 2644 1218 2688 praefatum
1242 2643 1280 2678 in
1307 2643 1468 2687 partibus
1495 2642 1621 2678 vestris
1653 2653 1777 2677 carere
1800 2641 1945 2684 dicitur,

331 2702 443 2736 donec
458 2701 573 2736 eidem
589 2701 707 2735 officio
731 2701 775 2736 de
790 2700 896 2735 certis
911 2699 1075 2734 domibus
1091 2710 1153 2734 seu
1173 2697 1378 2733 carceribus
1401 2697 1447 2732 sit
1463 2697 1665 2741 provisum3
1683 2696 1816 2732 eisdem
1832 2696 1948 2741 inqui-

329 2757 508 2797 sitoribus,
527 2757 613 2790 dum
630 2759 665 2791 et
681 2754 844 2798 quotiens
860 2766 919 2789 eos
936 2765 1043 2788 eausa
1059 2752 1305 2797 Inquisitionis
1322 2752 1417 2796 apud
1440 2764 1502 2787 vos
1524 2750 1659 2786 morari
1683 2750 1887 2796 contigerit,
1905 2750 1945 2786 in

326 2811 455 2852 eundo,
481 2811 605 2845 stando
633 2814 668 2845 et
697 2810 878 2844 redeundo
910 2821 992 2843 cum
1021 2808 1181 2852 ipsorum
1212 2807 1391 2848 societate,
1421 2807 1528 2842 rebus
1559 2808 1595 2843 et
1625 2805 1765 2841 familia
1791 2806 1942 2848 salvum,

326 2866 480 2900 liberum
496 2869 530 2900 et
546 2877 711 2900 securum
735 2865 950 2900 conductum
979 2862 1214 2898 nihilominus
1243 2861 1434 2897 tribuendo
1465 2873 1507 2896 ac
1537 2861 1577 2896 in
1606 2860 1662 2895 his
1689 2859 1856 2895 omnibus
1881 2871 1943 2895 vos

322 2920 445 2955 taliter
459 2920 670 2961 exhibendo,
690 2919 785 2963 quod
802 2918 1026 2953 Christianae
1042 2917 1125 2952 fidei
1154 2917 1324 2951 zelatores
1340 2927 1413 2951 esse
1440 2918 1476 2951 et
1501 2913 1616 2950 videri
1644 2925 1687 2949 ac
1702 2913 1798 2959 apud
1812 2913 1939 2956 Deum,

325 2976 427 3018 cujus
450 2973 518 3008 hac
541 2974 580 3008 in
602 2976 703 3018 parte
725 2985 782 3008 res
812 2973 945 3017 agitur,
974 2972 1017 3008 de
1046 2974 1164 3008 vestra
1187 2970 1285 3006 fideli
1312 2969 1514 3006 obedientia
1539 2968 1742 3014 praemium
1772 2965 1941 3012 consequi

324 3029 534 3064 mereamini
549 3028 816 3072 sempiternum.

2065 3126 2081 3221 ΜΨ
