2097 3466
299 237 342 270 45
986 237 1119 272 ΑΝΝΟ
1148 238 1247 273 1179

1071 361 1160 407 47.

365 490 500 540 1179,
528 490 687 533 Maart
717 490 790 540 19,
818 491 1066 534 Latcracm.
1093 489 1335 533 Uittreksel
1359 491 1421 534 uit
1443 490 1495 534 de
1522 491 1724 535 Canones
1743 505 1829 535 van
1851 491 1929 535 het

300 560 430 602 derde
450 559 672 615 algemeen
695 559 880 602 Concilie
918 573 1002 602 van
1042 561 1273 611 Lateraan‚
1311 560 1416 603 door
1451 574 1558 616 paus
1589 561 1837 604 Alexander
1867 561 1928 603 III

299 628 542 684 gehondcn,
565 642 669 671 over
686 628 760 670 1161,
779 628 991 671 uitroeien
1016 628 1092 671 der
1110 629 1304 686 ketterij.
1330 654 1386 660 —
1410 630 1520 672 Deze
1541 633 1637 685 pest
1668 630 1703 672 is
1737 629 1928 686 openlijk

299 712 382 740 aan
403 698 431 741 ’t
448 697 628 739 woeden
662 698 703 739 in
727 696 1089 754 Zuid-FrankriJk
1113 711 1165 740 en
1189 698 1345 741 elders.
1372 699 1431 741 De
1452 698 1622 742 ketters
1651 701 1798 742 noemt
1829 711 1928 741 men

298 767 531 818 Catharen,
559 766 810 817 Patarinen,
837 766 1120 819 Publicanen,
1143 781 1238 810 enz.
1260 767 1319 824 Zij
1339 767 1518 810 worden
1536 768 1650 810 allen
1668 767 1712 810 in
1729 767 1811 810 den
1829 767 1930 810 ker-

299 835 487 892 kelijken
504 834 587 878 ban
607 835 813 891 geslagen
831 839 918 878 met
928 836 1076 878 hunne
1093 837 1371 892 aanhangers
1382 851 1435 879 en
1449 835 1770 893 begunstigers.
1783 836 1929 892 Tegen

298 904 384 946 hen
418 911 588 946 moeten
621 904 704 946 3116
737 917 857 946 ware
889 904 1148 948 Christenen
1178 905 1230 948 de
1257 919 1436 961 wapens
1467 918 1692 961 opnemen.
1717 903 1930 949 Niemand

299 986 398 1028 mag
417 976 503 1016 met
526 973 612 1014 hen
635 973 786 1028 eenige
805 974 1122 1030 gemeenschap
1146 974 1456 1017 onderhouden
1478 988 1532 1017 en
1555 975 1607 1032 zij
1633 979 1787 1030 mogen
1809 973 1855 1016 in
1877 972 1929 1016 de

299 1040 486 1098 gewijde
508 1041 638 1084 aarde
661 1042 752 1085 niet
775 1040 995 1098 begraven
1019 1043 1214 1086 worden.
1242 1044 1400 1087 Hunne
1423 1043 1639 1100 goederen
1661 1043 1804 1086 zullen
1826 1055 1930 1085 aan-

299 1111 504 1166 geslagen
522 1110 701 1153 worden
720 1125 773 1153 en
793 1111 844 1153 de
860 1111 1133 1169 wereldlijke
1150 1116 1328 1156 vorsten
1351 1126 1506 1168 mogen
1528 1112 1612 1156 hen
1633 1114 1701 1155 tot
1722 1110 1926 1167 slavernij

297 1178 506 1235 brengen,
534 1180 593 1222 De
615 1179 1052 1224 berouwhebbenden
1082 1181 1224 1224 zullen
1258 1182 1301 1224 in
1333 1182 1500 1238 genade
1533 1184 1784 1237 ontvangen
1815 1193 1930 1224 wor-

298 1248 394 1290 den.
418 1251 637 1304 Degenen,
659 1249 726 1291 die
748 1250 841 1292 zich
864 1251 993 1306 tegen
1017 1250 1068 1292 de
1085 1250 1252 1294 ketters
1277 1251 1420 1294 zullen
1443 1264 1671 1307 wapenen,
1692 1249 1928 1293 verdienen

298 1331 433 1360 eenen
453 1317 583 1361 aflaat
601 1331 686 1360 van
704 1321 819 1361 twee
830 1320 958 1376 Jaren
979 1319 1025 1362 of
1042 1320 1146 1363 zelfs
1165 1334 1296 1363 meer.
1319 1320 1461 1364 Alwie
1479 1320 1530 1363 de
1549 1319 1827 1375 verdedigers
1844 1331 1927 1362 van

297 1385 326 1430 't
348 1386 494 1443 geloof
520 1390 789 1441 verontrust,
827 1389 892 1430 zal
926 1389 977 1431 de
1012 1390 1248 1432 communie
1282 1390 1372 1433 niet
1404 1404 1522 1433 meer
1543 1392 1808 1445 ontvangen.
1836 1387 1929 1430 Bis-

296 1455 515 1512 schoppen
537 1455 586 1498 of
602 1456 825 1512 priesters,
853 1457 920 1500 die
943 1458 1025 1501 den
1048 1457 1218 1502 ketters
1255 1459 1345 1502 niet
1375 1458 1579 1515 krachtig
1601 1458 1766 1501 zouden
1787 1470 1927 1499 weer-

297 1529 436 1575 staan,
479 1524 623 1568 zullen
660 1525 750 1568 hun
783 1525 901 1570 ambt
937 1527 1170 1580 verhezen,
1210 1528 1351 1572 totdat
1384 1529 1436 1586 zij
1478 1528 1583 1571 door
1618 1527 1699 1570 den
1738 1540 1845 1582 paus
1881 1525 1926 1568 in

297 1594 463 1649 genade
496 1594 675 1638 worden
699 1598 966 1652 ontvangen.
1005 1598 1063 1640 De
1097 1597 1372 1641 Brabanders
1406 1613 1459 1641 en
1494 1597 1654 1640 andere
1676 1594 1927 1639 kettersche

296 1661 628 1720 baanstroopers
652 1664 737 1722 zijn
763 1668 848 1708 met
873 1665 924 1708 de
948 1666 1180 1724 eigenlijke
1202 1667 1372 1711 ketters
1394 1666 1528 1725 gelijk
1551 1664 1734 1723 gesteld.

791 1788 924 1833 (Caput
946 1789 1124 1834 XXVII.)
1148 1790 1201 1824 De
1224 1788 1429 1825 haereticis.

341 1872 443 1911 Sicut
459 1877 510 1911 ait
525 1877 652 1912 beatus
669 1877 754 1919 Leo,
772 1877 859 1912 licet
875 1877 1119 1913 ecclesiastica
1135 1878 1327 1923 disciplina
1349 1878 1566 1914 sacerdotali
1590 1879 1760 1913 contento
1785 1876 1924 1921 judicio

296 1935 466 1965 cruentas
483 1943 555 1966 non
580 1932 713 1967 efficiat
734 1932 903 1974 ultiones,
934 1933 1199 1969 catholicorum
1224 1937 1347 1969 tamen
1373 1933 1581 1978 principum
1605 1932 1925 1968 constitutionibus

296 1986 505 2030 adjuvatur,
530 1991 571 2021 ut
587 1999 692 2032 saepe
719 1992 898 2030 quaerant
926 1988 1091 2024 homines
1106 1990 1265 2024 salutare
1281 1990 1494 2032 remedium,
1513 1989 1599 2024 dum
1615 1988 1803 2033 corporale
1817 1999 1925 2032 super

294 2053 334 2075 se
349 2046 517 2077 metuunt
534 2045 679 2078 evenire
695 2044 926 2088 supplicium.
947 2044 1150 2089 Eapropter
1165 2046 1251 2089 quia
1275 2046 1315 2080 in
1333 2046 1522 2088 Gasconia,
1540 2045 1732 2089 Albegesio
1763 2047 1798 2079 et
1814 2044 1925 2088 parti·

294 2098 362 2132 bus
379 2098 568 2135 Tolosanis
583 2103 619 2134 et
649 2099 731 2134 aliis
747 2099 836 2135 locis
859 2101 911 2135 ita
934 2100 1216 2143 haereticorum,
1234 2113 1324 2145 quos
1346 2101 1411 2136 alii
1439 2101 1626 2143 Catharos,
1651 2101 1716 2135 alii
1740 2093 1923 2142 patrinos,

295 2152 359 2186 alii
394 2152 626 2195 Publicanos,
645 2153 709 2188 alii
737 2155 819 2189 aliis
849 2155 1057 2190 nominibus
1087 2159 1229 2198 vocant,
1263 2156 1420 2192 invaluit
1449 2156 1619 2191 damnata
1638 2155 1866 2199 perversitas,
1882 2158 1925 2189 ut

290 2209 368 2249 jam
387 2218 460 2242 non
477 2208 515 2243 in
531 2209 687 2250 occult0‚
706 2208 801 2243 sicut
815 2209 942 2252 aliqui,
960 2209 1160 2253 nequitiam
1184 2222 1287 2245 snam
1311 2209 1524 2252 exercitant,
1547 2211 1608 2246 sed
1629 2221 1735 2245 suum
1763 2220 1924 2245 errorem

294 2262 440 2305 publice
458 2263 692 2298 manifestent
711 2266 746 2299 et
769 2264 814 2298 ad
830 2276 936 2299 suum
960 2275 1173 2299 consensum
1197 2265 1379 2310 simplices
1401 2265 1588 2300 attrahant
1603 2267 1639 2300 et
1660 2265 1836 2307 infirmos,
1865 2274 1925 2299 eos

295 2319 329 2350 et
363 2317 568 2352 defensores
585 2329 710 2353 eorum
738 2321 774 2354 et
804 2322 1048 2363 receptatores
1073 2319 1298 2355 anathemati
1324 2320 1552 2355 decernimus
1580 2320 1779 2363 subjacere,
1797 2323 1833 2354 et
1858 2318 1924 2353 sub

295 2371 529 2407 anathemate
551 2373 787 2416 prohibemus
815 2385 860 2409 ne
890 2374 971 2417 quis
1000 2386 1060 2410 eos
1090 2375 1131 2409 in
1155 2375 1318 2409 domibus
1340 2375 1399 2410 vel
1424 2374 1464 2409 in
1493 2378 1592 2409 terra
1620 2386 1686 2409 sua
1715 2377 1838 2409 tenere
1867 2372 1926 2408 vel

294 2428 415 2462 fovere
433 2428 491 2462 vel
507 2428 793 2472 negotiationem
811 2440 893 2464 cum
911 2429 962 2464 eis
978 2441 1146 2464 exercere
1177 2432 1394 2473 praesumat.
1414 2429 1452 2464 Si
1475 2431 1598 2464 autem
1625 2429 1665 2464 in
1685 2428 1755 2463 hoc
1777 2429 1925 2472 peccato

294 2482 525 2524 decesserint,
546 2495 617 2517 non
634 2484 699 2518 sub
726 2487 933 2519 nostrorum
958 2485 1236 2529 privilegiorum
1263 2485 1413 2520 cuilibet
1444 2485 1670 2519 indultorum
1693 2484 1842 2518 obtentu
1859 2493 1925 2518 1160

294 2537 359 2570 sub
377 2537 605 2581 aliacumque
621 2537 810 2573 occasione
827 2541 890 2574 aut
906 2539 1042 2574 oblatio
1058 2539 1122 2574 fiat
1138 2551 1203 2583 pro
1221 2539 1271 2574 eis
1286 2542 1349 2574 aut
1365 2540 1461 2574 inter
1493 2538 1716 2575 Christianos
1745 2538 1925 2582 recipiant

293 2592 526 2636 sepulturam.
547 2594 599 2628 De
613 2594 923 2629 Brabantionibus
939 2598 975 2630 et
989 2595 1297 2640 Aragonensibus,
1309 2595 1489 2638 Navariis,
1500 2595 1672 2636 Bascolis,
1683 2593 1871 2629 Coterellis
1888 2596 1923 2629 et

295 2647 323 2680 T
327 2648 555 2689 riaverdinis,
574 2649 636 2692 qni
661 2653 799 2684 tantam
817 2650 856 2684 in
874 2650 1099 2686 Christianos
1129 2651 1394 2685 immanitatem
1412 2654 1580 2686 exercent
1610 2653 1651 2685 ut
1674 2660 1740 2684 1160
1762 2649 1923 2684 ecclesiis

293 2711 360 2736 nec
376 2703 604 2737 monasteriis
620 2704 796 2746 deferant,
814 2715 887 2739 non
911 2705 1030 2739 viduis
1058 2708 1093 2740 et.
1119 2705 1279 2749 pupillis,
1297 2717 1370 2740 non
1401 2705 1546 2740 senibus
1562 2708 1597 2740 et
1613 2705 1736 2748 pueris
1758 2715 1825 2739 nec
1848 2703 1923 2738 cui·-

294 2757 382 2791 libet
397 2762 547 2800 parcant
563 2759 672 2793 aetati
690 2763 753 2794 aut
777 2761 890 2802 sexui,
909 2761 970 2795 sed
1002 2772 1102 2795 more
1130 2772 1357 2805 paganorum
1389 2760 1512 2795 omnia
1533 2760 1687 2804 perdant
1711 2763 1746 2794 et
1768 2761 1921 2801 vastent,

293 2812 460 2846 similiter
484 2813 748 2856 constituimus,
767 2818 807 2849 ut
830 2815 893 2858 qui
921 2827 980 2850 eos
1013 2816 1255 2851 conduxerint
1274 2816 1342 2851 >vel
1369 2815 1555 2851 tenuerint
1584 2815 1642 2849 vel
1673 2814 1830 2849 foverint
1859 2825 1926 2858 per

293 2868 470 2912 regiones,
489 2868 527 2902 in
544 2869 674 2911 quibus
689 2870 811 2904 taliter
828 2871 1112 2912 debacchantur,
1138 2871 1176 2905 in
1193 2871 1394 2906 Dominicis
1412 2874 1447 2907 et
1464 2871 1545 2905 aliis
1561 2869 1782 2905 solemnibus
1797 2869 1924 2905 diebus

292 2934 356 2967 per
373 2923 540 2960 ecclesias
553 2925 695 2969 publice
711 2925 978 2963 denuncientur
991 2931 1025 2963 et
1041 2927 1166 2963 eadem
1179 2927 1326 2964 omnino
1342 2927 1522 2964 sententia
1534 2929 1569 2963 et
1585 2937 1701 2972 poena
1720 2938 1804 2962 cum
1821 2936 1925 2970 prae-
