2097 3466
383 250 444 282 464
1053 241 1185 276 ANNO
1212 242 1309 275 1491

430 338 589 377 Carolus,
620 335 683 369 Dei
715 334 834 379 gratia
865 335 1087 368 Francorum
1116 344 1191 373 rex,
1223 331 1398 366 universis
1426 335 1604 376 presentes
1628 331 1764 367 litteras
1790 330 2004 376 inspecturis

386 394 548 427 salutem.

431 448 562 481 Notum
580 443 730 478 facimus
748 442 855 486 quod,
874 442 935 476 lito
959 444 1056 475 mota
1078 443 1113 475 et
1135 440 1309 484 pendente
1332 439 1370 474 in
1394 442 1514 475 nostra
1538 439 1756 475 Parlementi
1779 439 1893 482 curia,
1910 439 2006 474 inter

384 501 553 535 dilectum
572 502 732 533 nostrum
757 496 963 532 Collardum
988 495 1032 529 de
1058 494 1257 535 Bellaforti,
1272 493 1436 536 militem,
1454 497 1490 529 et
1512 494 1686 529 Joannem
1710 493 1880 536 Tacquet,
1902 491 2007 528 scuti-

386 556 512 593 ferum,
545 565 566 587 a
597 553 769 596 magistro
807 551 967 585 Roberto
1002 549 1035 584 le
1061 549 1203 590 deusne,
1237 549 1373 583 dudum
1403 549 1643 593 gubernatore
1669 548 1913 590 Atrebatense,
1940 557 2006 592 pro

385 610 553 644 defuncto
569 607 748 642 avunculo
765 609 801 641 et
817 603 1086 648 consanguineo
1103 605 1224 638 nostro
1238 603 1329 637 duce
1346 603 1591 647 Burgundiae,
1609 603 1694 637 dum
1710 604 1834 646 ageret
1847 601 1887 636 in
1901 600 2004 643 vivis,

385 670 420 700 et
443 677 464 699 a
481 664 638 698 Roberto
654 663 698 697 de
724 660 908 704 Marquais
933 660 1010 702 ejus
1034 658 1152 692 locum
1176 661 1331 698 tenente,
1349 657 1583 701 episcopoque
1606 657 1839 692 Atrebatense
1868 666 2007 691 necnon

387 718 568 762 magistris
583 718 721 751 ¹Ioanne
738 713 949 755 Theobaldi,
971 712 1130 754 officiali,
1150 712 1258 747 Petro
1278 712 1326 746 du
1352 712 1480 747 Hamel
1502 716 1538 747 et
1553 712 1661 747 Petro
1686 710 1845 753 Pochon,
1862 709 2009 745 vicariis

386 774 473 809 dicti
497 771 667 816 episcopi,
685 773 721 805 et
745 781 766 804 a
794 768 988 803 Guillelmo
1015 768 1093 809 (sic)
1120 767 1153 801 le
1177 767 1352 808 Brossart,
1371 766 1620 810 inquisitorem
1647 765 1731 800 fidei
1753 776 1791 800 se
1816 764 2006 806 dicentem,

385 829 520 864 ι1300110
535 828 579 862 (10
597 827 721 867 Bosco,
740 823 911 859 ecclesiae
942 821 1186 857 Atrebatensis
1209 821 1355 862 decano,
1373 821 1512 856 Joanne
1534 821 1568 856 le
1595 819 1838 864 Boullengier,
1855 817 2009 864 Aegidio

386 882 420 916 le
449 881 623 924 Flameng
646 882 682 913 et
708 877 854 913 Matheo
885 875 1020 918 Paille;
1050 878 1086 910 et
1116 875 1232 918 ipsum
1260 875 1303 909 de
1334 874 1533 916 Beuosorti,
1565 885 1587 909 a
1616 874 1754 910 Joanne
1781 873 2006 915 Faulconier,

387 936 557 980 religioso
574 933 711 969 ordinis
728 933 882 966 fratrum
899 930 1080 964 minorum
1105 929 1340 972 episcopoque
1363 929 1407 964 de
1424 929 1572 970 Baruto,
1589 941 1632 964 ac
1647 941 1669 964 a
1683 929 1857 974 magistro
1871 928 2010 964 Joanne

387 991 528 1030 Forme,
562 987 703 1022 comitis
733 986 952 1027 d'Estampes
985 983 1189 1024 secretario,
1223 983 1462 1026 appellantes3
1494 983 1706 1027 eosdemque
1737 983 1944 1018 Collardum
1965 982 2010 1017 de

387 1043 586 1083 Belloforti,
630 1042 802 1085 Tacquet,
845 1039 1036 1083 Hugonem
1075 1039 1245 1081 Aymery,
1289 1037 1562 1073 Batholomeum
1605 1038 1773 1080 Hosmen,
1819 1037 2010 1073 Nicolaum

389 1098 565 1138 Gavrelle,
577 1098 655 1142 ejus
671 1106 834 1136 uxorem,
849 1094 1026 1128 ι10311113111
1041 1093 1075 1127 10
1092 1092 1241 1134 Febvre,
1257 1092 1417 1127 defuncti
1433 1093 1581 1127 Joannis
1597 1093 1630 1128 le
1641 1093 1777 1128 Febvre
1791 1092 1882 1127 alias
1895 1092 1930 1127 le
1946 1091 2012 1127 Cat

387 1154 511 1193 filiam,
528 1152 676 1186 Petrum
689 1150 733 1185 de
747 1149 919 1189 Carioeul,
933 1147 1094 1182 defuncti
1106 1146 1207 1181 Petri
1222 1147 1266 1181 de
1277 1147 1436 1181 Carioeul
1451 1151 1614 1191 nepotem
1631 1159 1674 1182 ac
1688 1147 1890 1188 haeredem,
1903 1146 2010 1181 «10311-

387 1219 468 1241 nem
483 1207 578 1249 Bary
593 1212 629 1240 et
643 1206 912 1248 procuratorem
931 1205 1092 1236 nostrum
1110 1201 1313 1245 generalem
1338 1212 1419 1235 cum
1435 1201 1487 1236 eis
1501 1201 1725 1246 adjunctum,
1742 1201 1781 1236 in
1793 1212 1877 1236 casu
1894 1211 2010 1235 exces-

387 1273 504 1302 suum,
517 1261 694 1295 abusuum
705 1262 740 1293 et
752 1260 1009 1293 attentatorum
1022 1259 1161 1290 actores
1169 1266 1213 1290 ex
1223 1266 1296 1290 una
1311 1259 1412 1299 parte
1423 1269 1432 1299 ς
1450 1258 1486 1291 et
1500 1256 1613 1291 dictos
1625 1256 1753 1290 ducem
1764 1254 2009 1300 Burgundiae,

389 1317 588 1351 Robertum
605 1315 639 1349 le
650 1314 793 1354 Jeusne,
813 1313 1011 1347 Robertum
1032 1311 1076 1345 de
1088 1310 1285 1354 Marquais,
1309 1310 1513 1355 episcopum
1537 1311 1820 1352 Atrebatensem,
1837 1310 2013 1346 Joannem

390 1369 601 1411 Theobaldi‚
613 1369 760 1403 Petrmn
775 1367 823 1402 du
839 1366 978 1407 Hamel,
993 1366 1010 1399 J
1016 1376 1168 1400 oannem
1183 1365 1342 1407 Pochon,
1356 1365 1375 1400 J
1379 1366 1531 1400 acobum
1543 1366 1592 1401 du
1605 1366 1701 1408 Bois,
1715 1365 1891 1401 Joannem
1904 1364 2011 1400 Boul-

388 1425 540 1470 lengier,
567 1425 600 1459 le
636 1424 821 1467 Flameng,
861 1423 1001 1463 Forme,
1027 1421 1114 1456 dicti
1147 1420 1288 1456 comitis
1312 1420 1542 1465 stamparum
1564 1421 1810 1463 secretarium,
1832 1423 1868 1457 et
1894 1419 2011 1456 Paille

388 1481 609 1525 appellantes
635 1479 712 1522 ipso
739 1479 857 1512 facto:
891 1476 1102 1517 Theobaldi,
1121 1476 1168 1509 du
1197 1475 1337 1517 Hamel,
1367 1475 1526 1518 Pochon,
1553 1475 1796 1520 Boullengier,
1821 1475 2007 1519 Flameng,

390 1536 531 1576 Forme,
551 1534 678 1574 Paille,
698 1533 874 1567 Joannem
891 1530 1119 1571 l'Hostellier,
1137 1530 1323 1565 Matheum
1347 1530 1395 1564 du
1412 1530 1551 1572 Hamel,
1569 1530 1837 1575 praedictorum
1852 1527 2010 1574 episcopi
2080 1541 2082 1544 ’

388 1590 610 1625 vicariorum
627 1592 663 1623 et
676 1586 950 1630 inquisitoribus
966 1585 1113 1625 scribas,
1132 1584 1341 1628 Philippum
1357 1585 1402 1619 de
1419 1584 1592 1620 Saneuses
1614 1585 1779 1627 militem,
1796 1583 2011 1629 magistrum

390 1645 624 1680 Guillelmum
647 1644 690 1678 (10
719 1644 825 1686 Bery,
841 1643 961 1676 locum
984 1643 1164 1676 tenentem
1196 1640 1322 1675 balivii
1337 1641 1587 1676 Ambianensis
1603 1653 1640 1677 se
1654 1641 1844 1684 dicentem,
1861 1640 1900 1676 in
1914 1639 2012 1676 dicto

391 1712 476 1734 casu
493 1701 669 1734 abusuum
686 1702 721 1733 et
737 1700 957 1733 attentorum
973 1696 1188 1730 deffensores
1203 1707 1247 1730 ex
1262 1698 1363 1739 parte
1379 1696 1504 1731 altera.

435 1756 551 1799 Super
566 1766 608 1789 eo
624 1754 719 1798 quod
734 1753 821 1788 dicti
838 1751 1058 1796 appellantes
1074 1753 1109 1785 et
1132 1753 1270 1786 actores
1292 1750 1460 1786 dicebant
1481 1753 1518 1786 et
1533 1751 1789 1795 proponebant,
1807 1752 1844 1786 et
1856 1748 2014 1785 maxime

389 1811 507 1846 dictus
525 1809 712 1844 Collardus
735 1808 779 1842 de
794 1805 995 1847 Belloforti,
1014 1805 1109 1848 quod
1125 1805 1170 1839 ab
1193 1804 1315 1848 aliquo
1331 1807 1492 1849 tempore
1507 1817 1571 1850 per
1581 1808 1659 1849 Jam
1673 1805 1788 1841 dictos
1817 1804 2014 1849 appellatos

390 1869 427 1901 et
441 1865 665 1905 deffensores‚
685 1862 860 1898 nonnulla
883 1860 1129 1908 fraudulentia
1153 1859 1324 1901 inventio,
1350 1860 1416 1894 sub
1440 1861 1559 1895 colore
1580 1859 1784 1896 haereticae
1810 1858 2010 1904 pravitatis,

390 1918 566 1963 sortilegii
582 1929 643 1952 seu
660 1916 853 1956 valderiae,
871 1914 910 1949 in
926 1915 1013 1949 villa
1024 1915 1258 1950 Atrebatense
1275 1917 1417 1958 reperta
1432 1915 1561 1957 fuerat,
1579 1918 1616 1950 et
1629 1927 1694 1959 pro
1710 1916 1757 1950 ad
1770 1916 1907 1951 factum
1921 1914 2014 1950 illud

391 1973 615 2019 procedendo
640 1975 675 2006 et
701 1983 789 2015 quos
814 1970 1092 2014 pretendebatur
1108 1970 1151 2003 de
1167 1969 1374 2014 hujusmodi
1391 1973 1486 2005 secta
1502 1970 1700 2014 culpabiles
1714 1971 1908 2014 puniendo,
1925 1969 2015 2006 dicti

390 2029 604 2063 deffensores
635 2025 841 2061 commissos
871 2028 907 2059 et
934 2024 1123 2067 deputatos
1146 2035 1207 2058 seu
1233 2024 1415 2068 delegatos
1439 2036 1475 2058 se
1493 2027 1678 2068 gesserant
1699 2028 1735 2060 et
1761 2026 2012 2069 portaverunt3

389 2082 531 2117 dicebat
547 2082 693 2124 insuper
721 2080 838 2114 dictus
864 2079 1053 2114 Collardus
1077 2079 1172 2122 quod
1200 2078 1287 2122 ipse,
1305 2078 1391 2113 licet
1418 2078 1586 2113 notabilis
1601 2082 1637 2114 et
1662 2079 1765 2114 miles
1790 2081 1957 2114 strenuus
1970 2079 2016 2114 de

394 2137 543 2171 baronia
570 2136 609 2170 in
636 2135 809 2170 comitatu
825 2133 958 2168 Artesii
982 2136 1163 2168 extractus
1179 2133 1314 2174 fuisset,
1333 2137 1368 2169 et
1383 2145 1523 2177 semper
1538 2134 1639 2176 bene,
1657 2134 1776 2169 debite
1789 2136 1826 2169 et
1839 2132 2016 2169 catholice

391 2191 548 2231 vixisset,
574 2202 616 2224 ac
640 2189 678 2224 in
702 2201 768 2223 sua
785 2190 976 2234 juventute
992 2198 1094 2222 arma
1117 2190 1158 2222 ut
1173 2187 1304 2223 nobilis
1328 2189 1462 2232 absque
1476 2188 1752 2232 reprehensione
1768 2189 1892 2224 fuisset
1906 2187 2014 2224 etiam

393 2247 586 2286 insecutus,
605 2244 767 2287 nihilque
784 2242 903 2277 minus
927 2241 1098 2277 antedicti
1122 2242 1337 2278 deffensores
1359 2243 1491 2278 dictam
1515 2254 1643 2278 novam
1667 2243 1910 2278 inventionem
1932 2253 2014 2278 con-

392 2301 562 2336 ducentes
588 2299 725 2334 dictum
757 2298 964 2333 Collardum
994 2297 1038 2331 de
1072 2297 1261 2332 Belloforti
1291 2298 1481 2341 pluresque
1508 2297 1598 2332 alias
1624 2309 1792 2341 personas
1830 2297 2016 2332 variorum

393 2359 564 2396 statuum,
581 2357 656 2389 tam
672 2364 821 2397 magnas
837 2362 945 2394 quam
962 2362 1101 2395 parvaS,
1121 2352 1164 2385 de
1181 2351 1386 2395 supradicto
1402 2352 1553 2387 crimine
1576 2352 1745 2394 haeresis,
1761 2351 1938 2397 sortilegii
1953 2362 2016 2387 seu

392 2408 584 2450 valderiae,
603 2408 703 2442 nullo
734 2409 944 2441 accusatore
969 2405 1254 2449 superveniente,
1279 2406 1605 2450 informationeque
1621 2409 1684 2442 aut
1705 2406 1855 2442 minime
1877 2417 2016 2451 praece-

392 2464 509 2503 dente,
527 2463 616 2497 falso
634 2463 875 2496 oneraverunt
891 2459 1054 2503 illudque
1070 2459 1215 2494 crimini
1232 2459 1283 2495 eis
1296 2460 1556 2504 imposuerunt.

438 2517 483 2551 Et
498 2528 562 2561 pro
578 2517 624 2551 ad
636 2528 718 2551 suos
735 2516 823 2550 fines
839 2514 1016 2549 veniendo
1033 2514 1053 2548 J
1056 2515 1208 2549 acobum
1220 2515 1264 2549 de
1277 2514 1489 2557 Willeman,
1506 2515 1626 2550 virum
1642 2515 1860 2552 catholicum
1875 2519 1912 2552 et
1926 2517 2017 2552 bene

394 2572 580 2612 famatum,
599 2582 681 2604 cum
699 2568 849 2604 caeteris
867 2568 949 2602 aliis
969 2568 1101 2612 probis,
1131 2569 1350 2604 notabilibus
1361 2572 1397 2604 et
1412 2569 1516 2604 bonis
1531 2569 1738 2605 hominibus
1752 2570 1833 2615 capi
1849 2573 1885 2607 et
1898 2571 2014 2606 incar·

395 2624 468 2659 ceri
486 2625 655 2666 fecerant,
675 2627 711 2659 et
726 2622 976 2668 quamvisjam
993 2622 1082 2657 dicti
1099 2622 1313 2658 Guillelmus
1328 2624 1361 2658 le
1377 2624 1543 2659 Brossart
1558 2626 1594 2659 et
1615 2624 1770 2660 Joannes
1786 2625 2013 2667 Faulconier,

395 2679 567 2722 religiosi,
593 2678 666 2712 suis
694 2678 733 2712 in
757 2676 1086 2721 praedicationibus
1108 2688 1172 2720 per
1198 2689 1258 2712 eos
1285 2678 1330 2712 ad
1357 2678 1566 2712 universum
1591 2679 1764 2723 populum
1790 2679 1906 2722 factis,
1920 2679 2017 2723 quod

396 2733 534 2767 nullam
560 2743 748 2776 personam
776 2732 820 2766 de
847 2731 943 2766 dicto
971 2731 1123 2766 crimine
1150 2734 1367 2773 accusatam,
1393 2732 1464 2766 nisi
1490 2735 1623 2776 septem
1650 2733 1795 2768 testium
1820 2733 2016 2769 assertione

397 2798 459 2821 seu
489 2787 692 2822 testimonio
721 2789 943 2827 oneraretur,
972 2785 1122 2821 minime
1149 2789 1327 2830 caperent,
1356 2787 1474 2830 palam
1501 2798 1544 2821 30
1571 2787 1714 2831 publice
1742 2787 1926 2830 dixissent,
1957 2787 2015 2823 his

396 2846 518 2877 tamen
541 2854 613 2877 non
640 2842 874 2883 obstantibus,
899 2841 1052 2885 praefati
1077 2842 1291 2877 deffensores
1312 2841 1450 2877 dictum
1472 2842 1647 2877 Jacobum
1661 2843 1706 2878 de
1719 2842 1931 2886 Willeman,
1948 2842 2012 2884 sic,

397 2900 435 2931 ut
463 2897 694 2940 praedicitur,
713 2900 858 2940 captum
886 2895 923 2930 in
947 2907 1056 2930 unam
1082 2895 1273 2939 coquinam
1300 2896 1442 2938 adduci,
1472 2896 1534 2931 ubi
1561 2899 1670 2941 caput
1693 2897 1804 2941 ipsius
1831 2909 1913 2933 cum
1941 2909 2013 2932 una
