2097 3466
820 227 953 262 ANNO
982 230 1081 262 ΗΜ)
1711 231 1772 263 413

177 320 386 366 [Inuectina
414 319 626 365 multiplex]
652 322 697 362 (1)
721 325 848 355 contra
874 326 1032 355 tenentes
1057 320 1155 366 quod
1179 320 1304 354 beatus
1320 320 1510 355 lohannes
1527 321 1772 366 Euanyelz'sta

129 375 248 419 factus
271 376 344 420 fuit
366 375 470 420 filius
496 375 686 410 naturalis
717 375 899 419 Viryinis‚
926 375 1076 420 quando
1102 375 1269 410 Christus
1294 377 1332 409 in
1358 387 1463 410 cruce
1481 377 1650 421 pendens
1675 377 1772 411 dixit

130 431 245 464 matri
267 440 332 464 suo
348 442 359 464 .·
378 439 394 457 κ
415 430 503 464 Ecce
517 430 623 474 filius
640 435 740 464 tuus.
761 448 777 464 n

175 505 255 540 Duo
271 506 400 541 fratres
415 506 556 541 ordinis
572 506 769 548 minorum,
789 517 883 541 unus
901 506 1103 546 Cameraci,
1121 505 1214 540 alter
1233 505 1385 547 Douaci,
1402 506 1439 541 in
1457 507 1531 542 suis
1545 509 1773 544 sermonibus

130 560 176 596 ad
200 561 374 604 populum
398 561 503 596 factis
526 561 561 596 in
587 561 646 596 die
671 572 883 606 parasceues
907 571 1002 596 anno
1031 561 1115 595 1466
1133 572 1241 604 super
1259 560 1323 595 illo
1341 572 1465 604 passu:
1487 577 1504 590 ο·
1523 563 1670 604 Mulier,
1690 575 1772 599 ecce

131 615 229 651 filius
244 621 340 656 tuus.
363 634 379 653 n
399 617 571 653 dixerunt
588 618 684 662 quod
702 618 817 661 aliqui
841 618 1007 652 doctores
1031 621 1157 652 tenent
1180 617 1275 660 quod
1301 628 1365 661 per
1381 618 1445 652 illa
1462 619 1571 653 verba
1589 619 1774 655 ‚Iohannes

131 671 358 714 euangelista
382 673 500 707 sactus
524 672 593 707 fuit
625 673 723 707 filius
755 673 934 707 naturalis
967 673 1070 707 beate
1102 672 1289 716 Virginis;
1322 677 1358 707 et
1377 685 1459 708 cum
1489 685 1582 708 unus
1612 674 1773 716 illorum,

130 725 271 761 scilicet
285 726 348 761 ille
363 727 408 762 de
431 728 641 769 Cameraco,
660 728 954 773 interrogaretur
978 728 1022 763 de
1046 728 1153 763 modo
1177 739 1248 771 quo
1272 727 1343 763 hoc
1367 730 1503 764 factum
1527 731 1657 770 suerat,
1683 729 1778 764 dixit

130 781 226 824 quod
245 781 410 816 Christus
435 782 473 818 in
491 794 602 818 cruce
619 784 780 827 pendens
803 783 903 818 dedit
927 783 1005 818 istis
1035 783 1155 818 verbis
1183 798 1199 812 u
1220 784 1315 818 Ecce
1339 784 1436 819 filius
1460 790 1543 819 tuus
1559 800 1576 820 n
1602 785 1774 820 virtutem

130 837 505 874 transsubstantiandi
534 837 738 873 Johannem
765 837 802 872 in
836 837 1036 880 Christum,
1062 838 1158 873 sicut
1187 838 1288 874 dedit
1311 840 1430 874 verbis
1452 840 1776 874 sacramentalibus

131 890 306 927 virtutem
330 892 703 927 transsubstantiandi
729 904 858 936 panem
885 893 923 927 in
949 904 1080 936 corpus
1103 893 1240 937 Christi
1269 897 1304 928 et
1328 893 1454 928 vinum
1479 896 1517 928 in
1540 894 1773 938 sanguinem.

133 946 297 989 Cumque
315 948 525 982 scandalum
550 959 726 991 magnum
744 948 920 992 populum
945 948 1118 990 afficeret,
1143 947 1350 983 dubitantes
1373 949 1402 983 si
1426 948 1541 993 Virgo
1569 949 1659 983 duos
1683 949 1777 983 filios

132 1002 319 1037 naturales
335 1002 534 1044 habuisset,
554 1004 624 1038 fuit
643 1014 706 1046 per
722 1003 804 1037 illos
820 1003 998 1043 dominos,
1018 1003 1061 1036 ad
1079 1014 1169 1046 quos
1186 1004 1372 1047 spectabat
1389 1015 1477 1038 cura
1494 1004 1621 1038 salutis
1637 1005 1775 1048 populi,

133 1057 201 1092 Dei
218 1058 340 1103 gratia
356 1063 586 1103 cooperante,
607 1059 709 1093 salua
727 1059 796 1093 fide
813 1058 1032 1101 extinctum3
1052 1062 1087 1093 et
1104 1061 1258 1103 populus
1273 1059 1435 1103 gaudens
1459 1060 1550 1094 bene
1567 1060 1771 1094 edificatus.

133 1111 186 1147 Ut
199 1117 322 1148 autem
341 1114 448 1149 fidem
467 1113 688 1148 catholicam
706 1113 912 1148 rationibus
927 1114 1109 1154 iuuemus,
1128 1113 1322 1149 afferamus
1339 1118 1570 1158 argumenta,
1589 1114 1683 1157 quod
1710 1115 1776 1149 etsi

132 1167 227 1202 forte
239 1167 403 1203 Christus
415 1168 536 1213 potuit
559 1169 604 1204 de
629 1173 803 1212 potestate
819 1168 985 1203 absoluta
999 1169 1086 1202 dare
1097 1168 1192 1202 hanc
1206 1168 1377 1202 virtutem
1391 1169 1774 1210 transsubstantiandi,

133 1224 256 1257 tamen
272 1234 345 1258 non
361 1223 478 1267 dedit;
498 1229 532 1258 et
549 1223 795 1268 dogmatizare
812 1223 908 1267 quod
919 1223 1016 1265 fecit,
1030 1227 1082 1258 est
1095 1233 1198 1258 error
1214 1227 1249 1257 et
1264 1222 1413 1264 heresis,
1424 1223 1454 1258 si
1471 1223 1558 1258 assit
1574 1222 1776 1267 pertinacia

133 1280 251 1313 stante
263 1278 355 1323 lege.

178 1332 225 1367 Et
239 1332 309 1368 hoc
328 1335 505 1378 probatur
522 1335 832 1371 demonstratione
848 1334 1033 1370 ostensiua
1049 1338 1084 1370 et
1101 1334 1145 1368 ad
1163 1333 1387 1378 impossibile
1402 1334 1464 1378 (2).

501 1414 699 1455 Carlerius,
718 1413 797 1449 deel
823 1413 867 1456 ΙΙ,
886 1413 1158 1458 verhandeling
1174 1416 1235 1448 28.

887 1539 1013 1584 33¹7.

193 1671 349 1728 (1466,
365 1669 572 1714 Doorm'k
582 1669 616 1721 ?)
631 1669 754 1712 Brief
767 1683 850 1712 vau
868 1670 953 1713 Jan
971 1669 1201 1718 Tinctoris‚
1218 1668 1446 1713 kanunnik
1464 1683 1548 1712 van
1567 1668 1772 1722 Doornik,

133 1754 216 1784 aan
239 1741 383 1798 zijnen
413 1741 696 1783 leermeester
717 1739 799 1781 den
822 1738 1188 1796 Kamerijkschen
1211 1738 1353 1781 deken
1375 1738 1558 1789 Carlier,
1586 1752 1653 1780 om
1678 1739 1776 1781 hem

133 1813 178 1854 te
201 1823 367 1866 zeggen
390 1809 465 1853 dat
487 1809 547 1866 hij
574 1809 660 1865 zijn
685 1808 832 1851 oordel
856 1822 962 1851 over
982 1808 1034 1850 de
1067 1808 1303 1851 verdachte
1326 1807 1504 1864 stelling
1522 1807 1776 1864 aangaande

132 1879 275 1923 Maria
296 1893 351 1922 en
373 1877 414 1922 St
435 1879 518 1922 Jan
542 1878 625 1921 den
647 1877 906 1933 Evangelist
928 1877 1161 1920 volkomen
1185 1874 1410 1933 bthreedt.

178 2003 364 2048 Scriptum
393 2002 540 2037 domini
569 2000 756 2036 Johamns
790 2001 983 2042 Tinctoris‚
1020 2000 1256 2047 [professoris
1283 2012 1388 2035 sacre
1418 1999 1598 2044 theoloyz'e
1625 2000 1776 2045 eyreyzj,

135 2060 305 2093 canonici
335 2057 580 2092 Torozacensz's
605 2063 636 2090 et
661 2056 929 2101 hospitalartjj
954 2058 999 2100 (3)
1023 2068 1134 2102 super
1157 2057 1568 2091 transsubstantiatione
1591 2055 1779 2090 Johannis

135 2113 186 2148 ad
202 2112 402 2147 decanum.

183 2195 263 2203 ......
283 2169 328 2210 (4)
346 2167 516 2203 Licenter
532 2167 582 2202 sic
608 2167 715 2202 intuli
733 2170 772 2202 ut
788 2178 852 2211 per
868 2167 937 2202 hoc
952 2166 1161 2201 huiusmodi
1185 2166 1399 2202 assertiones
1423 2166 1623 2210 perniciose
1646 2166 1684 2200 in
1700 2165 1780 2201 hor-

136 2233 257 2258 rorem
282 2222 428 2257 aurium
455 2222 736 2257 christianarum
761 2222 907 2257 veniant
923 2225 958 2256 et
974 2222 1114 2257 discant
1137 2221 1345 2256 huiusmodi
1370 2221 1568 2265 vaniloqui,
1587 2234 1670 2267 ymo
1693 2234 1779 2258 vcro

135 2279 180 2313 ab
197 2281 301 2313 utero
317 2282 480 2312 errantes
497 2282 531 2312 et
547 2278 734 2321 loquentes
746 2278 836 2311 falsa
850 2288 921 2312 non
937 2277 1144 2312 huiusmodi
1161 2276 1316 2311 sublime
1331 2277 1544 2321 figmentum
1561 2288 1697 2321 sapere,
1716 2278 1777 2312 sed

135 2344 260 2377 sapere
276 2333 321 2368 ad
338 2333 579 2374 sobrietatem,
606 2336 640 2367 et
657 2332 909 2367 consuetudini
926 2332 1076 2367 ecclesie
1100 2331 1328 2372 uniuersalis,
1347 2343 1417 2375 que
1441 2332 1478 2366 in
1496 2331 1663 2366 omnibus
1678 2343 1776 2366 emu-

134 2389 243 2423 landa
259 2392 323 2430 est,
341 2400 424 2423 suas
442 2388 655 2422 diffinitiuas
672 2388 907 2422 accomodare
931 2399 1047 2422 voces,
1076 2387 1151 2422 Etsi
1176 2386 1272 2422 enim
1296 2387 1393 2421 scola
1416 2387 1639 2430 disputatiua
1662 2387 1777 2421 multa

134 2441 339 2488 probabilia
365 2444 534 2478 licentius
557 2454 665 2487 quam
689 2443 855 2478 doctrina
878 2442 1041 2487 vulgaris
1064 2443 1244 2484 admittat,
1270 2443 1497 2477 scandalosas
1520 2446 1643 2477 tamen
1668 2445 1776 2486 atque

135 2499 299 2534 doctrine
315 2499 388 2534 iam
405 2498 508 2542 quasi
525 2498 733 2533 christianis
750 2498 948 2533 visceribus
975 2498 1204 2542 incorporate
1229 2497 1367 2538 obuias,
1386 2509 1466 2532 meo
1484 2497 1604 2532 nescio
1621 2497 1651 2532 si
1669 2498 1776 2532 fallar

183 2642 231 2687 (1)
258 2643 348 2679 Deze
371 2642 543 2678 woorden
559 2646 663 2677 staan
679 2643 718 2678 in
733 2643 777 2678 de
792 2642 1049 2683 inhoudstafel,
1069 2653 1171 2677 maar
1188 2641 1264 2676 niet
1287 2653 1358 2676 aan
1374 2641 1398 2676 't
1414 2640 1523 2676 hoofd
1542 2640 1606 2675 der
1623 2639 1777 2675 verhan·

137 2697 344 2798 degsgflier
358 2753 459 2798 volgt
475 2753 545 2788 dan
562 2764 649 2789 eene
665 2765 744 2789 zeer
761 2753 1022 2797 breedvoerige
1039 2753 1282 2797 godgeleerde
1299 2752 1583 2796 verbandeling.

185 2810 230 2851 (3)
248 2809 338 2844 Deze
351 2809 520 2843 woorden
533 2808 733 2843 ontbreken
746 2808 838 2851 hier,
855 2819 958 2843 maar
970 2811 1071 2843 staan
1089 2808 1126 2842 in
1142 2808 1186 2843 de
1203 2807 1457 2843 inhoudstafel.

182 2865 227 2906 (4)
245 2864 315 2899 Het
331 2864 440 2909 begin
457 2875 527 2898 van
550 2864 619 2899 den
643 2863 740 2899 brief
761 2863 860 2899 werd
889 2863 1175 2906 waarschijnlijk
1198 2863 1436 2909 weggelaten,
1462 2863 1552 2898 daar
1575 2862 1619 2898 de
1642 2861 1776 2907 godge-

138 2918 258 2955 leerde
273 2919 533 2963 uitweidingen
549 2919 639 2955 door
651 2918 742 2954 niets
758 2918 905 2954 worden
921 2919 1202 2963 voorasgegaan.
