<?xml version="1.0" encoding="UTF-8"?>
<!DOCTYPE html PUBLIC "-//W3C//DTD XHTML 1.0 Transitional//EN"
    "http://www.w3.org/TR/xhtml1/DTD/xhtml1-transitional.dtd">
<html xmlns="http://www.w3.org/1999/xhtml" xml:lang="en" lang="en">
 <head>
  <title>
</title>
<meta http-equiv="Content-Type" content="text/html;charset=utf-8" />
  <meta name='ocr-system' content='tesseract 3.04.00' />
  <meta name='ocr-capabilities' content='ocr_page ocr_carea ocr_par ocr_line ocrx_word'/>
</head>
<body>
  <div class='ocr_page' id='page_1' title='image "./corpusdocumentor01fruoft_0500.png"; bbox 0 0 2097 3466; ppageno 0'>
   <div class='ocr_carea' id='block_1_1' title="bbox 328 273 1267 311">
    <p class='ocr_par' dir='ltr' id='par_1_1' title="bbox 328 273 1267 311">
     <span class='ocr_line' id='line_1_1' title="bbox 328 273 1267 311; baseline -0.004 -1"><span class='ocrx_word' id='word_1_1' title='bbox 328 280 390 311; x_wconf 48' lang='grc' dir='ltr'>’ΠΜ</span> <span class='ocrx_word' id='word_1_2' title='bbox 1009 273 1138 308; x_wconf 79' lang='lat' dir='ltr'>ANNO</span> <span class='ocrx_word' id='word_1_3' title='bbox 1167 275 1267 306; x_wconf 58' lang='lat'>14³2</span> 
     </span>
    </p>
   </div>
   <div class='ocr_carea' id='block_1_2' title="bbox 324 361 1949 686">
    <p class='ocr_par' dir='ltr' id='par_1_2' title="bbox 324 361 1949 686">
     <span class='ocr_line' id='line_1_2' title="bbox 369 361 1945 410; baseline -0.004 -5"><span class='ocrx_word' id='word_1_4' title='bbox 369 371 468 409; x_wconf 85' lang='lat' dir='ltr'>Item,</span> <span class='ocrx_word' id='word_1_5' title='bbox 489 369 524 403; x_wconf 90' lang='lat' dir='ltr'>in</span> <span class='ocrx_word' id='word_1_6' title='bbox 541 369 591 403; x_wconf 84' lang='lat' dir='ltr'>dit</span> <span class='ocrx_word' id='word_1_7' title='bbox 610 367 845 402; x_wconf 83' lang='lat' dir='ltr'>voornocmde</span> <span class='ocrx_word' id='word_1_8' title='bbox 863 369 945 410; x_wconf 84' lang='lat' dir='ltr'>jaer</span> <span class='ocrx_word' id='word_1_9' title='bbox 966 365 1034 399; x_wconf 91' lang='lat' dir='ltr'>dcn</span> <span class='ocrx_word' id='word_1_10' title='bbox 1058 365 1153 408; x_wconf 74' lang='lat' dir='ltr'>xxvj,</span> <span class='ocrx_word' id='word_1_11' title='bbox 1170 364 1238 398; x_wconf 90' lang='lat' dir='ltr'>den</span> <span class='ocrx_word' id='word_1_12' title='bbox 1254 364 1339 398; x_wconf 80' lang='lat' dir='ltr'>xxix</span> <span class='ocrx_word' id='word_1_13' title='bbox 1365 363 1454 398; x_wconf 89' lang='lat' dir='ltr'>ende</span> <span class='ocrx_word' id='word_1_14' title='bbox 1475 364 1572 407; x_wconf 79' lang='lat' dir='ltr'><strong>xxxj,</strong></span> <span class='ocrx_word' id='word_1_15' title='bbox 1591 363 1751 398; x_wconf 83' lang='lat' dir='ltr'>wesende</span> <span class='ocrx_word' id='word_1_16' title='bbox 1769 361 1945 406; x_wconf 87' lang='lat' dir='ltr'>vrijdach‚</span> 
     </span>
     <span class='ocr_line' id='line_1_3' title="bbox 329 418 1945 463; baseline -0.004 -3"><span class='ocrx_word' id='word_1_17' title='bbox 329 425 524 461; x_wconf 74' lang='lat' dir='ltr'>macndach</span> <span class='ocrx_word' id='word_1_18' title='bbox 549 424 637 458; x_wconf 76' lang='lat' dir='ltr'>ende</span> <span class='ocrx_word' id='word_1_19' title='bbox 660 422 885 461; x_wconf 80' lang='lat' dir='ltr'>woonsdacli,</span> <span class='ocrx_word' id='word_1_20' title='bbox 905 433 977 455; x_wconf 83' lang='lat' dir='ltr'>was</span> <span class='ocrx_word' id='word_1_21' title='bbox 996 420 1174 462; x_wconf 87' lang='lat' dir='ltr'>Lodewijc</span> <span class='ocrx_word' id='word_1_22' title='bbox 1204 420 1338 453; x_wconf 75' lang='lat' dir='ltr'>vander</span> <span class='ocrx_word' id='word_1_23' title='bbox 1356 419 1492 453; x_wconf 87' lang='lat' dir='ltr'>Linden</span> <span class='ocrx_word' id='word_1_24' title='bbox 1517 422 1572 453; x_wconf 90' lang='lat' dir='ltr'>ter</span> <span class='ocrx_word' id='word_1_25' title='bbox 1589 418 1736 463; x_wconf 85' lang='lat' dir='ltr'>justicie</span> <span class='ocrx_word' id='word_1_26' title='bbox 1760 419 1945 463; x_wconf 81' lang='lat' dir='ltr'>ghevoert,</span> 
     </span>
     <span class='ocr_line' id='line_1_4' title="bbox 326 473 1945 521; baseline -0.004 -6"><span class='ocrx_word' id='word_1_27' title='bbox 326 482 369 515; x_wconf 91' lang='lat' dir='ltr'>de</span> <span class='ocrx_word' id='word_1_28' title='bbox 387 479 622 514; x_wconf 76' lang='lat' dir='ltr'>voornoemde</span> <span class='ocrx_word' id='word_1_29' title='bbox 638 478 724 521; x_wconf 74' lang='lat' dir='ltr'>drye</span> <span class='ocrx_word' id='word_1_30' title='bbox 741 477 881 521; x_wconf 83' lang='lat' dir='ltr'>daghen</span> <span class='ocrx_word' id='word_1_31' title='bbox 906 477 987 510; x_wconf 82' lang='lat' dir='ltr'>lanc</span> <span class='ocrx_word' id='word_1_32' title='bbox 1003 487 1050 518; x_wconf 88' lang='lat' dir='ltr'>up</span> <span class='ocrx_word' id='word_1_33' title='bbox 1069 486 1154 509; x_wconf 90' lang='lat' dir='ltr'>eenc</span> <span class='ocrx_word' id='word_1_34' title='bbox 1172 474 1279 513; x_wconf 82' lang='lat' dir='ltr'>slede,</span> <span class='ocrx_word' id='word_1_35' title='bbox 1298 474 1388 508; x_wconf 88' lang='lat' dir='ltr'>ende</span> <span class='ocrx_word' id='word_1_36' title='bbox 1405 473 1620 518; x_wconf 76' lang='lat' dir='ltr'>ghestreken</span> <span class='ocrx_word' id='word_1_37' title='bbox 1637 477 1670 507; x_wconf 88' lang='lat' dir='ltr'>te</span> <span class='ocrx_word' id='word_1_38' title='bbox 1687 474 1763 508; x_wconf 88' lang='lat' dir='ltr'>vele</span> <span class='ocrx_word' id='word_1_39' title='bbox 1788 474 1945 517; x_wconf 81' lang='lat' dir='ltr'>plaetsen</span> 
     </span>
     <span class='ocr_line' id='line_1_5' title="bbox 326 528 1949 579; baseline -0.004 -9"><span class='ocrx_word' id='word_1_40' title='bbox 326 547 374 579; x_wconf 87' lang='lat' dir='ltr'>up</span> <span class='ocrx_word' id='word_1_41' title='bbox 390 536 458 576; x_wconf 86' lang='lat' dir='ltr'>zijn</span> <span class='ocrx_word' id='word_1_42' title='bbox 477 534 571 568; x_wconf 88' lang='lat' dir='ltr'>bloot.</span> <span class='ocrx_word' id='word_1_43' title='bbox 594 533 652 574; x_wconf 86' lang='lat' dir='ltr'>lijf</span> <span class='ocrx_word' id='word_1_44' title='bbox 665 535 737 567; x_wconf 86' lang='lat' dir='ltr'>met</span> <span class='ocrx_word' id='word_1_45' title='bbox 758 543 868 566; x_wconf 86' lang='lat' dir='ltr'>eenen</span> <span class='ocrx_word' id='word_1_46' title='bbox 894 530 1115 575; x_wconf 78' lang='lat' dir='ltr'>gheloeyden</span> <span class='ocrx_word' id='word_1_47' title='bbox 1133 539 1246 573; x_wconf 82' lang='lat' dir='ltr'>ysere,</span> <span class='ocrx_word' id='word_1_48' title='bbox 1271 529 1362 563; x_wconf 89' lang='lat' dir='ltr'>ende</span> <span class='ocrx_word' id='word_1_49' title='bbox 1378 529 1513 563; x_wconf 90' lang='lat' dir='ltr'>daerna</span> <span class='ocrx_word' id='word_1_50' title='bbox 1530 528 1684 572; x_wconf 88' lang='lat' dir='ltr'>ghestelt</span> <span class='ocrx_word' id='word_1_51' title='bbox 1707 539 1754 572; x_wconf 91' lang='lat' dir='ltr'>up</span> <span class='ocrx_word' id='word_1_52' title='bbox 1771 529 1795 563; x_wconf 83' lang='lat' dir='ltr'>’t</span> <span class='ocrx_word' id='word_1_53' title='bbox 1811 528 1949 573; x_wconf 76' lang='lat' dir='ltr'>pellory</span> 
     </span>
     <span class='ocr_line' id='line_1_6' title="bbox 324 582 1947 629; baseline -0.004 -5"><span class='ocrx_word' id='word_1_54' title='bbox 324 601 370 624; x_wconf 86' lang='lat' dir='ltr'>an</span> <span class='ocrx_word' id='word_1_55' title='bbox 387 590 409 624; x_wconf 81' lang='lat' dir='ltr'>&#39;t</span> <span class='ocrx_word' id='word_1_56' title='bbox 427 588 636 628; x_wconf 71' lang='lat' dir='ltr'>Vleeshuus,</span> <span class='ocrx_word' id='word_1_57' title='bbox 654 587 743 622; x_wconf 87' lang='lat' dir='ltr'>ende</span> <span class='ocrx_word' id='word_1_58' title='bbox 759 587 844 621; x_wconf 90' lang='lat' dir='ltr'>daer</span> <span class='ocrx_word' id='word_1_59' title='bbox 860 588 929 629; x_wconf 84' lang='lat' dir='ltr'>zijn</span> <span class='ocrx_word' id='word_1_60' title='bbox 953 584 1087 628; x_wconf 86' lang='lat' dir='ltr'>tonghe</span> <span class='ocrx_word' id='word_1_61' title='bbox 1104 584 1269 628; x_wconf 88' lang='lat' dir='ltr'>ghecurt,</span> <span class='ocrx_word' id='word_1_62' title='bbox 1288 583 1378 618; x_wconf 89' lang='lat' dir='ltr'>ende</span> <span class='ocrx_word' id='word_1_63' title='bbox 1393 583 1608 627; x_wconf 83' lang='lat' dir='ltr'>ghebannen</span> <span class='ocrx_word' id='word_1_64' title='bbox 1626 590 1692 618; x_wconf 87' lang='lat' dir='ltr'>uut</span> <span class='ocrx_word' id='word_1_65' title='bbox 1708 582 1947 625; x_wconf 87' lang='lat' dir='ltr'>Vlaenderen,</span> 
     </span>
     <span class='ocr_line' id='line_1_7' title="bbox 324 637 1752 686; baseline -0.005 -8"><span class='ocrx_word' id='word_1_66' title='bbox 324 654 440 678; x_wconf 89' lang='lat' dir='ltr'>omme</span> <span class='ocrx_word' id='word_1_67' title='bbox 456 642 518 677; x_wconf 82' lang='lat' dir='ltr'>dat</span> <span class='ocrx_word' id='word_1_68' title='bbox 533 641 582 686; x_wconf 73' lang='lat' dir='ltr'>hij</span> <span class='ocrx_word' id='word_1_69' title='bbox 603 640 820 686; x_wconf 72' lang='lat' dir='ltr'>blasphemie</span> <span class='ocrx_word' id='word_1_70' title='bbox 835 639 1062 685; x_wconf 85' lang='lat' dir='ltr'>ghesproken</span> <span class='ocrx_word' id='word_1_71' title='bbox 1078 638 1195 673; x_wconf 83' lang='lat' dir='ltr'>hadde</span> <span class='ocrx_word' id='word_1_72' title='bbox 1211 649 1281 672; x_wconf 88' lang='lat' dir='ltr'>van</span> <span class='ocrx_word' id='word_1_73' title='bbox 1299 637 1396 672; x_wconf 89' lang='lat' dir='ltr'>Gode</span> <span class='ocrx_word' id='word_1_74' title='bbox 1412 648 1482 672; x_wconf 88' lang='lat' dir='ltr'>van</span> <span class='ocrx_word' id='word_1_75' title='bbox 1499 637 1752 680; x_wconf 80' lang='lat' dir='ltr'>Hemelrijcke.</span> 
     </span>
    </p>
   </div>
   <div class='ocr_carea' id='block_1_3' title="bbox 673 714 1597 759">
    <p class='ocr_par' dir='ltr' id='par_1_3' title="bbox 673 714 1597 759">
     <span class='ocr_line' id='line_1_8' title="bbox 673 714 1597 759; baseline -0.004 -6"><span class='ocrx_word' id='word_1_76' title='bbox 673 718 941 753; x_wconf 73' lang='lat' dir='ltr'>Memorz‘eboek</span> <span class='ocrx_word' id='word_1_77' title='bbox 959 718 1025 752; x_wconf 86' lang='lat' dir='ltr'>der</span> <span class='ocrx_word' id='word_1_78' title='bbox 1038 717 1124 752; x_wconf 78' lang='lat' dir='ltr'>stad</span> <span class='ocrx_word' id='word_1_79' title='bbox 1142 716 1276 759; x_wconf 80' lang='lat' dir='ltr'>Ghent,</span> <span class='ocrx_word' id='word_1_80' title='bbox 1293 715 1371 751; x_wconf 89' lang='lat' dir='ltr'>deel</span> <span class='ocrx_word' id='word_1_81' title='bbox 1387 714 1416 757; x_wconf 86' lang='lat'>1,</span> <span class='ocrx_word' id='word_1_82' title='bbox 1434 715 1500 750; x_wconf 89' lang='lat' dir='ltr'>blz.</span> <span class='ocrx_word' id='word_1_83' title='bbox 1520 716 1597 750; x_wconf 87' lang='lat'>318.</span> 
     </span>
    </p>
   </div>
   <div class='ocr_carea' id='block_1_4' title="bbox 1088 863 1198 909">
    <p class='ocr_par' dir='ltr' id='par_1_4' title="bbox 1088 863 1198 909">
     <span class='ocr_line' id='line_1_9' title="bbox 1088 863 1198 909; baseline -0.027 0"><span class='ocrx_word' id='word_1_84' title='bbox 1088 863 1198 909; x_wconf 83' lang='lat'><strong>371.</strong></span> 
     </span>
    </p>
   </div>
   <div class='ocr_carea' id='block_1_5' title="bbox 329 998 1960 1815">
    <p class='ocr_par' dir='ltr' id='par_1_5' title="bbox 329 998 1960 1815">
     <span class='ocr_line' id='line_1_10' title="bbox 391 998 1954 1056; baseline -0.001 -10"><span class='ocrx_word' id='word_1_85' title='bbox 391 1003 529 1052; x_wconf 80' lang='grc'><em>1482,</em></span> <span class='ocrx_word' id='word_1_86' title='bbox 549 1002 601 1045; x_wconf 81' lang='lat' dir='ltr'>in</span> <span class='ocrx_word' id='word_1_87' title='bbox 617 1002 703 1045; x_wconf 79' lang='lat' dir='ltr'>den</span> <span class='ocrx_word' id='word_1_88' title='bbox 720 1004 892 1050; x_wconf 80' lang='lat' dir='ltr'><em>vasten,</em></span> <span class='ocrx_word' id='word_1_89' title='bbox 914 999 1134 1050; x_wconf 74' lang='lat' dir='ltr'>Doornik;</span> <span class='ocrx_word' id='word_1_90' title='bbox 1156 998 1386 1043; x_wconf 71' lang='lat' dir='ltr'>Febmtarz&#39;</span> <span class='ocrx_word' id='word_1_91' title='bbox 1405 999 1450 1052; x_wconf 89' lang='lat'>5,</span> <span class='ocrx_word' id='word_1_92' title='bbox 1475 1000 1649 1056; x_wconf 72' lang='lat' dir='ltr'>Par-ijs.</span> <span class='ocrx_word' id='word_1_93' title='bbox 1673 999 1854 1044; x_wconf 89' lang='lat' dir='ltr'>Oordeel</span> <span class='ocrx_word' id='word_1_94' title='bbox 1878 1000 1954 1044; x_wconf 89' lang='lat' dir='ltr'>der</span> 
     </span>
     <span class='ocr_line' id='line_1_11' title="bbox 329 1069 1954 1129; baseline -0.001 -15"><span class='ocrx_word' id='word_1_95' title='bbox 329 1071 614 1129; x_wconf 82' lang='lat' dir='ltr'>godgeleerde</span> <span class='ocrx_word' id='word_1_96' title='bbox 637 1070 852 1113; x_wconf 75' lang='lat' dir='ltr'>Faculteit</span> <span class='ocrx_word' id='word_1_97' title='bbox 870 1084 951 1112; x_wconf 78' lang='lat' dir='ltr'>van</span> <span class='ocrx_word' id='word_1_98' title='bbox 974 1069 1130 1125; x_wconf 83' lang='lat' dir='ltr'>Parijs,</span> <span class='ocrx_word' id='word_1_99' title='bbox 1153 1083 1205 1124; x_wconf 88' lang='lat' dir='ltr'>op</span> <span class='ocrx_word' id='word_1_100' title='bbox 1229 1081 1450 1124; x_wconf 83' lang='lat' dir='ltr'>aanvraag</span> <span class='ocrx_word' id='word_1_101' title='bbox 1468 1082 1549 1111; x_wconf 88' lang='lat' dir='ltr'>van</span> <span class='ocrx_word' id='word_1_102' title='bbox 1573 1072 1645 1113; x_wconf 86' lang='lat' dir='ltr'>het</span> <span class='ocrx_word' id='word_1_103' title='bbox 1663 1069 1845 1126; x_wconf 87' lang='lat' dir='ltr'>kapittel</span> <span class='ocrx_word' id='word_1_104' title='bbox 1869 1083 1954 1113; x_wconf 87' lang='lat' dir='ltr'>van</span> 
     </span>
     <span class='ocr_line' id='line_1_12' title="bbox 332 1138 1954 1196; baseline -0.002 -11"><span class='ocrx_word' id='word_1_105' title='bbox 332 1142 516 1185; x_wconf 87' lang='lat' dir='ltr'>Doornik</span> <span class='ocrx_word' id='word_1_106' title='bbox 543 1139 828 1196; x_wconf 78' lang='lat' dir='ltr'>uitgebracht,</span> <span class='ocrx_word' id='word_1_107' title='bbox 857 1152 960 1181; x_wconf 87' lang='lat' dir='ltr'>over</span> <span class='ocrx_word' id='word_1_108' title='bbox 994 1139 1184 1181; x_wconf 87' lang='lat' dir='ltr'>veertien</span> <span class='ocrx_word' id='word_1_109' title='bbox 1210 1138 1446 1181; x_wconf 87' lang='lat' dir='ltr'>verdachte</span> <span class='ocrx_word' id='word_1_110' title='bbox 1479 1139 1712 1195; x_wconf 86' lang='lat' dir='ltr'>stellingen</span> <span class='ocrx_word' id='word_1_111' title='bbox 1747 1139 1848 1182; x_wconf 82' lang='lat' dir='ltr'>door</span> <span class='ocrx_word' id='word_1_112' title='bbox 1871 1139 1954 1182; x_wconf 91' lang='lat' dir='ltr'>den</span> 
     </span>
     <span class='ocr_line' id='line_1_13' title="bbox 332 1207 1956 1263; baseline -0.002 -10"><span class='ocrx_word' id='word_1_113' title='bbox 332 1209 681 1253; x_wconf 77' lang='lat' dir='ltr'>minderbroeder</span> <span class='ocrx_word' id='word_1_114' title='bbox 720 1209 801 1251; x_wconf 85' lang='lat' dir='ltr'>Jan</span> <span class='ocrx_word' id='word_1_115' title='bbox 847 1208 1002 1263; x_wconf 85' lang='lat' dir='ltr'>Angeli</span> <span class='ocrx_word' id='word_1_116' title='bbox 1041 1212 1081 1250; x_wconf 90' lang='lat' dir='ltr'>te</span> <span class='ocrx_word' id='word_1_117' title='bbox 1123 1207 1311 1250; x_wconf 88' lang='lat' dir='ltr'>Doornik</span> <span class='ocrx_word' id='word_1_118' title='bbox 1355 1207 1596 1263; x_wconf 84' lang='lat' dir='ltr'>gepredikt.</span> <span class='ocrx_word' id='word_1_119' title='bbox 1646 1232 1703 1239; x_wconf 88' lang='lat'><em>-</em></span> <span class='ocrx_word' id='word_1_120' title='bbox 1747 1208 1815 1251; x_wconf 92' lang='lat' dir='ltr'>Na</span> <span class='ocrx_word' id='word_1_121' title='bbox 1850 1221 1956 1250; x_wconf 89' lang='lat' dir='ltr'>eene</span> 
     </span>
     <span class='ocr_line' id='line_1_14' title="bbox 331 1275 1954 1332; baseline -0.002 -11"><span class='ocrx_word' id='word_1_122' title='bbox 331 1278 566 1322; x_wconf 82' lang='lat' dir='ltr'>herhaalde</span> <span class='ocrx_word' id='word_1_123' title='bbox 590 1291 642 1320; x_wconf 90' lang='lat' dir='ltr'>en</span> <span class='ocrx_word' id='word_1_124' title='bbox 666 1276 875 1332; x_wconf 84' lang='lat' dir='ltr'>grondige</span> <span class='ocrx_word' id='word_1_125' title='bbox 899 1275 1039 1318; x_wconf 89' lang='lat' dir='ltr'>studie</span> <span class='ocrx_word' id='word_1_126' title='bbox 1062 1288 1112 1318; x_wconf 84' lang='lat' dir='ltr'>en</span> <span class='ocrx_word' id='word_1_127' title='bbox 1148 1275 1408 1331; x_wconf 81' lang='lat' dir='ltr'>bespreking</span> <span class='ocrx_word' id='word_1_128' title='bbox 1430 1276 1607 1319; x_wconf 80' lang='lat' dir='ltr'>worden</span> <span class='ocrx_word' id='word_1_129' title='bbox 1634 1276 1701 1320; x_wconf 86' lang='lat' dir='ltr'>die</span> <span class='ocrx_word' id='word_1_130' title='bbox 1724 1276 1954 1332; x_wconf 84' lang='lat' dir='ltr'>stellingen</span> 
     </span>
     <span class='ocr_line' id='line_1_15' title="bbox 330 1344 1955 1401; baseline -0.002 -11"><span class='ocrx_word' id='word_1_131' title='bbox 330 1347 495 1397; x_wconf 85' lang='lat' dir='ltr'>valsch,</span> <span class='ocrx_word' id='word_1_132' title='bbox 533 1344 817 1401; x_wconf 78' lang='lat' dir='ltr'>schandelijk,</span> <span class='ocrx_word' id='word_1_133' title='bbox 860 1357 972 1393; x_wconf 89' lang='lat' dir='ltr'>enz.‚</span> <span class='ocrx_word' id='word_1_134' title='bbox 1000 1344 1246 1387; x_wconf 86' lang='lat' dir='ltr'>verklaard.</span> <span class='ocrx_word' id='word_1_135' title='bbox 1289 1344 1450 1387; x_wconf 88' lang='lat' dir='ltr'>Vooral</span> <span class='ocrx_word' id='word_1_136' title='bbox 1492 1344 1612 1387; x_wconf 83' lang='lat' dir='ltr'>heeft</span> <span class='ocrx_word' id='word_1_137' title='bbox 1649 1344 1831 1388; x_wconf 90' lang='lat' dir='ltr'>broeder</span> <span class='ocrx_word' id='word_1_138' title='bbox 1872 1345 1955 1388; x_wconf 87' lang='lat' dir='ltr'>Jan</span> 
     </span>
     <span class='ocr_line' id='line_1_16' title="bbox 331 1412 1958 1472; baseline -0.002 -12"><span class='ocrx_word' id='word_1_139' title='bbox 331 1417 485 1472; x_wconf 85' lang='lat' dir='ltr'>Angeli</span> <span class='ocrx_word' id='word_1_140' title='bbox 510 1413 747 1471; x_wconf 86' lang='lat' dir='ltr'>gezondigd</span> <span class='ocrx_word' id='word_1_141' title='bbox 772 1417 858 1455; x_wconf 82' lang='lat' dir='ltr'>met</span> <span class='ocrx_word' id='word_1_142' title='bbox 880 1416 922 1455; x_wconf 88' lang='lat' dir='ltr'>te</span> <span class='ocrx_word' id='word_1_143' title='bbox 946 1412 1256 1468; x_wconf 83' lang='lat' dir='ltr'>verkondigen,</span> <span class='ocrx_word' id='word_1_144' title='bbox 1285 1412 1358 1455; x_wconf 87' lang='lat' dir='ltr'>dat</span> <span class='ocrx_word' id='word_1_145' title='bbox 1380 1412 1438 1469; x_wconf 88' lang='lat' dir='ltr'>hij</span> <span class='ocrx_word' id='word_1_146' title='bbox 1465 1413 1577 1469; x_wconf 90' lang='lat' dir='ltr'>zijne</span> <span class='ocrx_word' id='word_1_147' title='bbox 1609 1413 1844 1469; x_wconf 86' lang='lat' dir='ltr'>stellingen</span> <span class='ocrx_word' id='word_1_148' title='bbox 1878 1426 1958 1456; x_wconf 89' lang='lat' dir='ltr'>zou</span> 
     </span>
     <span class='ocr_line' id='line_1_17' title="bbox 331 1481 1954 1538; baseline -0.003 -9"><span class='ocrx_word' id='word_1_149' title='bbox 331 1485 510 1529; x_wconf 82' lang='lat' dir='ltr'>staande</span> <span class='ocrx_word' id='word_1_150' title='bbox 534 1483 701 1525; x_wconf 80' lang='lat' dir='ltr'>houden</span> <span class='ocrx_word' id='word_1_151' title='bbox 726 1487 790 1525; x_wconf 87' lang='lat' dir='ltr'>tot</span> <span class='ocrx_word' id='word_1_152' title='bbox 814 1495 865 1538; x_wconf 90' lang='lat' dir='ltr'>op</span> <span class='ocrx_word' id='word_1_153' title='bbox 899 1481 981 1523; x_wconf 87' lang='lat' dir='ltr'>den</span> <span class='ocrx_word' id='word_1_154' title='bbox 1008 1481 1282 1537; x_wconf 79' lang='lat' dir='ltr'>brandstapel</span> <span class='ocrx_word' id='word_1_155' title='bbox 1302 1495 1352 1524; x_wconf 89' lang='lat' dir='ltr'>en</span> <span class='ocrx_word' id='word_1_156' title='bbox 1381 1481 1566 1524; x_wconf 90' lang='lat' dir='ltr'>nimmer</span> <span class='ocrx_word' id='word_1_157' title='bbox 1584 1495 1662 1524; x_wconf 92' lang='lat' dir='ltr'>zou</span> <span class='ocrx_word' id='word_1_158' title='bbox 1685 1482 1954 1537; x_wconf 90' lang='lat' dir='ltr'>herroepen;</span> 
     </span>
     <span class='ocr_line' id='line_1_18' title="bbox 332 1550 1960 1608; baseline -0.002 -13"><span class='ocrx_word' id='word_1_159' title='bbox 332 1553 414 1596; x_wconf 88' lang='lat' dir='ltr'>ook</span> <span class='ocrx_word' id='word_1_160' title='bbox 439 1561 548 1595; x_wconf 88' lang='lat' dir='ltr'>moet</span> <span class='ocrx_word' id='word_1_161' title='bbox 573 1552 628 1608; x_wconf 88' lang='lat' dir='ltr'>hij</span> <span class='ocrx_word' id='word_1_162' title='bbox 654 1552 717 1594; x_wconf 87' lang='lat' dir='ltr'>als</span> <span class='ocrx_word' id='word_1_163' title='bbox 740 1551 949 1593; x_wconf 88' lang='lat' dir='ltr'>verdacht</span> <span class='ocrx_word' id='word_1_164' title='bbox 972 1564 1056 1593; x_wconf 88' lang='lat' dir='ltr'>van</span> <span class='ocrx_word' id='word_1_165' title='bbox 1076 1551 1250 1608; x_wconf 85' lang='lat' dir='ltr'>ketterij</span> <span class='ocrx_word' id='word_1_166' title='bbox 1271 1550 1448 1593; x_wconf 86' lang='lat' dir='ltr'>worden</span> <span class='ocrx_word' id='word_1_167' title='bbox 1475 1551 1699 1607; x_wconf 86' lang='lat' dir='ltr'>vervolgd.</span> <span class='ocrx_word' id='word_1_168' title='bbox 1721 1551 1837 1596; x_wconf 76' lang='lat' dir='ltr'>(Van</span> <span class='ocrx_word' id='word_1_169' title='bbox 1857 1550 1960 1593; x_wconf 90' lang='lat' dir='ltr'>deze</span> 
     </span>
     <span class='ocr_line' id='line_1_19' title="bbox 332 1618 1959 1665; baseline -0.002 0"><span class='ocrx_word' id='word_1_170' title='bbox 332 1628 426 1665; x_wconf 86' lang='lat' dir='ltr'>acte</span> <span class='ocrx_word' id='word_1_171' title='bbox 449 1621 626 1663; x_wconf 79' lang='lat' dir='ltr'>worden</span> <span class='ocrx_word' id='word_1_172' title='bbox 651 1635 731 1663; x_wconf 87' lang='lat' dir='ltr'>aan</span> <span class='ocrx_word' id='word_1_173' title='bbox 765 1619 1060 1664; x_wconf 87' lang='lat' dir='ltr'>Doorniksche</span> <span class='ocrx_word' id='word_1_174' title='bbox 1092 1620 1375 1662; x_wconf 87' lang='lat' dir='ltr'>kanunniken</span> <span class='ocrx_word' id='word_1_175' title='bbox 1409 1633 1514 1662; x_wconf 89' lang='lat' dir='ltr'>eene</span> <span class='ocrx_word' id='word_1_176' title='bbox 1542 1619 1671 1662; x_wconf 90' lang='lat' dir='ltr'>reeks</span> <span class='ocrx_word' id='word_1_177' title='bbox 1702 1618 1959 1662; x_wconf 85' lang='lat' dir='ltr'>afschriften</span> 
     </span>
     <span class='ocr_line' id='line_1_20' title="bbox 332 1687 1960 1746; baseline -0.001 -14"><span class='ocrx_word' id='word_1_178' title='bbox 332 1689 577 1746; x_wconf 84' lang='lat' dir='ltr'>afgeleverd</span> <span class='ocrx_word' id='word_1_179' title='bbox 599 1689 704 1732; x_wconf 93' lang='lat' dir='ltr'>door</span> <span class='ocrx_word' id='word_1_180' title='bbox 725 1688 807 1731; x_wconf 90' lang='lat' dir='ltr'>den</span> <span class='ocrx_word' id='word_1_181' title='bbox 831 1687 997 1730; x_wconf 86' lang='lat' dir='ltr'>notaris</span> <span class='ocrx_word' id='word_1_182' title='bbox 1020 1688 1097 1730; x_wconf 91' lang='lat' dir='ltr'>der</span> <span class='ocrx_word' id='word_1_183' title='bbox 1119 1687 1343 1744; x_wconf 83' lang='lat' dir='ltr'>Parijsche</span> <span class='ocrx_word' id='word_1_184' title='bbox 1385 1688 1615 1741; x_wconf 87' lang='lat' dir='ltr'>Faculteit,</span> <span class='ocrx_word' id='word_1_185' title='bbox 1641 1688 1708 1730; x_wconf 92' lang='lat' dir='ltr'>die</span> <span class='ocrx_word' id='word_1_186' title='bbox 1730 1691 1805 1731; x_wconf 90' lang='lat' dir='ltr'>ten</span> <span class='ocrx_word' id='word_1_187' title='bbox 1830 1688 1960 1731; x_wconf 87' lang='lat' dir='ltr'>slotte</span> 
     </span>
     <span class='ocr_line' id='line_1_21' title="bbox 332 1756 1960 1815; baseline -0.001 -13"><span class='ocrx_word' id='word_1_188' title='bbox 332 1759 373 1802; x_wconf 88' lang='lat' dir='ltr'>al</span> <span class='ocrx_word' id='word_1_189' title='bbox 395 1759 446 1801; x_wconf 90' lang='lat' dir='ltr'>de</span> <span class='ocrx_word' id='word_1_190' title='bbox 467 1757 816 1814; x_wconf 87' lang='lat' dir='ltr'>tegenwoordige</span> <span class='ocrx_word' id='word_1_191' title='bbox 835 1757 1039 1813; x_wconf 86' lang='lat' dir='ltr'>getuigen</span> <span class='ocrx_word' id='word_1_192' title='bbox 1060 1756 1274 1799; x_wconf 82' lang='lat' dir='ltr'>vermeldt</span> <span class='ocrx_word' id='word_1_193' title='bbox 1292 1770 1344 1799; x_wconf 90' lang='lat' dir='ltr'>en</span> <span class='ocrx_word' id='word_1_194' title='bbox 1364 1756 1440 1798; x_wconf 91' lang='lat' dir='ltr'>het</span> <span class='ocrx_word' id='word_1_195' title='bbox 1461 1756 1562 1799; x_wconf 87' lang='lat' dir='ltr'>stuk</span> <span class='ocrx_word' id='word_1_196' title='bbox 1587 1756 1686 1799; x_wconf 89' lang='lat' dir='ltr'>echt</span> <span class='ocrx_word' id='word_1_197' title='bbox 1703 1756 1960 1815; x_wconf 89' lang='lat' dir='ltr'>verklaart.)</span> 
     </span>
    </p>
   </div>
   <div class='ocr_carea' id='block_1_6' title="bbox 327 1879 1961 2035">
    <p class='ocr_par' dir='ltr' id='par_1_6' title="bbox 327 1879 1961 2035">
     <span class='ocr_line' id='line_1_22' title="bbox 379 1879 1961 1924; baseline -0.001 -9"><span class='ocrx_word' id='word_1_198' title='bbox 379 1881 607 1915; x_wconf 83' lang='lat' dir='ltr'>Parisiensz&#39;s</span> <span class='ocrx_word' id='word_1_199' title='bbox 637 1890 793 1914; x_wconf 75' lang='lat' dir='ltr'>censura</span> <span class='ocrx_word' id='word_1_200' title='bbox 827 1879 1103 1924; x_wconf 74' lang='lat' dir='ltr'>quatuordecim</span> <span class='ocrx_word' id='word_1_201' title='bbox 1130 1882 1430 1924; x_wconf 75' lang='lat' dir='ltr'>propositionum</span> <span class='ocrx_word' id='word_1_202' title='bbox 1455 1879 1766 1924; x_wconf 81' lang='lat' dir='ltr'>praedicatarum</span> <span class='ocrx_word' id='word_1_203' title='bbox 1805 1879 1961 1914; x_wconf 78' lang='lat' dir='ltr'>Tornacz&#39;</span> 
     </span>
     <span class='ocr_line' id='line_1_23' title="bbox 327 1935 1960 1979; baseline 0 -11"><span class='ocrx_word' id='word_1_204' title='bbox 327 1945 399 1979; x_wconf 80' lang='lat' dir='ltr'>per</span> <span class='ocrx_word' id='word_1_205' title='bbox 421 1935 576 1978; x_wconf 75' lang='lat' dir='ltr'>fratrem</span> <span class='ocrx_word' id='word_1_206' title='bbox 599 1935 782 1969; x_wconf 79' lang='lat' dir='ltr'>Joannem</span> <span class='ocrx_word' id='word_1_207' title='bbox 805 1935 951 1979; x_wconf 65' lang='lat' dir='ltr'>Anqeh,</span> <span class='ocrx_word' id='word_1_208' title='bbox 971 1935 1117 1968; x_wconf 79' lang='lat' dir='ltr'>ordinis</span> <span class='ocrx_word' id='word_1_209' title='bbox 1140 1936 1302 1979; x_wconf 76' lang='lat' dir='ltr'>fratrum</span> <span class='ocrx_word' id='word_1_210' title='bbox 1329 1937 1532 1976; x_wconf 76' lang='lat' dir='ltr'>minorum,</span> <span class='ocrx_word' id='word_1_211' title='bbox 1558 1935 1603 1969; x_wconf 89' lang='lat' dir='ltr'>de</span> <span class='ocrx_word' id='word_1_212' title='bbox 1625 1939 1854 1969; x_wconf 77' lang='lat' dir='ltr'>sacramento</span> <span class='ocrx_word' id='word_1_213' title='bbox 1875 1945 1960 1978; x_wconf 82' lang='lat' dir='ltr'>poe-</span> 
     </span>
     <span class='ocr_line' id='line_1_24' title="bbox 335 1993 994 2035; baseline -0.002 -10"><span class='ocrx_word' id='word_1_214' title='bbox 335 1993 512 2025; x_wconf 77' lang='lat' dir='ltr'>nitentiae</span> <span class='ocrx_word' id='word_1_215' title='bbox 535 1996 567 2024; x_wconf 78' lang='lat' dir='ltr'>et</span> <span class='ocrx_word' id='word_1_216' title='bbox 589 1997 763 2035; x_wconf 78' lang='lat' dir='ltr'>polestate</span> <span class='ocrx_word' id='word_1_217' title='bbox 786 1993 994 2024; x_wconf 79' lang='lat' dir='ltr'>curionum.</span> 
     </span>
    </p>
   </div>
   <div class='ocr_carea' id='block_1_7' title="bbox 336 2065 1974 2986">
    <p class='ocr_par' dir='ltr' id='par_1_7' title="bbox 377 2065 886 2108">
     <span class='ocr_line' id='line_1_25' title="bbox 377 2065 886 2108; baseline -0.004 -6"><span class='ocrx_word' id='word_1_218' title='bbox 377 2067 418 2102; x_wconf 94' lang='lat' dir='ltr'>In</span> <span class='ocrx_word' id='word_1_219' title='bbox 436 2065 580 2101; x_wconf 91' lang='lat' dir='ltr'>nomine</span> <span class='ocrx_word' id='word_1_220' title='bbox 597 2066 753 2108; x_wconf 84' lang='lat' dir='ltr'>Domini,</span> <span class='ocrx_word' id='word_1_221' title='bbox 771 2077 886 2100; x_wconf 90' lang='lat' dir='ltr'>amen.</span> 
     </span>
    </p>

    <p class='ocr_par' dir='ltr' id='par_1_8' title="bbox 336 2118 1974 2986">
     <span class='ocr_line' id='line_1_26' title="bbox 381 2118 1974 2165; baseline -0.001 -9"><span class='ocrx_word' id='word_1_222' title='bbox 381 2122 496 2165; x_wconf 85' lang='lat' dir='ltr'>Hujus</span> <span class='ocrx_word' id='word_1_223' title='bbox 525 2120 723 2165; x_wconf 88' lang='lat' dir='ltr'>praesentis</span> <span class='ocrx_word' id='word_1_224' title='bbox 751 2120 888 2164; x_wconf 81' lang='lat' dir='ltr'>publici</span> <span class='ocrx_word' id='word_1_225' title='bbox 919 2119 1148 2155; x_wconf 75' lang='lat' dir='ltr'>instrumenti</span> <span class='ocrx_word' id='word_1_226' title='bbox 1176 2122 1300 2154; x_wconf 88' lang='lat' dir='ltr'>tenore</span> <span class='ocrx_word' id='word_1_227' title='bbox 1330 2118 1470 2154; x_wconf 86' lang='lat' dir='ltr'>cunctis</span> <span class='ocrx_word' id='word_1_228' title='bbox 1501 2121 1620 2162; x_wconf 86' lang='lat' dir='ltr'>pateat</span> <span class='ocrx_word' id='word_1_229' title='bbox 1645 2119 1829 2154; x_wconf 88' lang='lat' dir='ltr'>evidenter</span> <span class='ocrx_word' id='word_1_230' title='bbox 1855 2121 1890 2154; x_wconf 83' lang='lat' dir='ltr'>et</span> <span class='ocrx_word' id='word_1_231' title='bbox 1915 2118 1974 2155; x_wconf 81' lang='lat' dir='ltr'>sit.</span> 
     </span>
     <span class='ocr_line' id='line_1_27' title="bbox 336 2173 1960 2218; baseline -0.001 -8"><span class='ocrx_word' id='word_1_232' title='bbox 336 2180 472 2216; x_wconf 88' lang='lat' dir='ltr'>notum,</span> <span class='ocrx_word' id='word_1_233' title='bbox 491 2176 585 2218; x_wconf 86' lang='lat' dir='ltr'>quod</span> <span class='ocrx_word' id='word_1_234' title='bbox 609 2187 691 2208; x_wconf 89' lang='lat' dir='ltr'>cum</span> <span class='ocrx_word' id='word_1_235' title='bbox 707 2175 802 2218; x_wconf 89' lang='lat' dir='ltr'>apud</span> <span class='ocrx_word' id='word_1_236' title='bbox 828 2175 959 2208; x_wconf 90' lang='lat' dir='ltr'>almam</span> <span class='ocrx_word' id='word_1_237' title='bbox 989 2175 1239 2218; x_wconf 82' lang='lat' dir='ltr'>theologorum</span> <span class='ocrx_word' id='word_1_238' title='bbox 1266 2175 1473 2208; x_wconf 83' lang='lat' dir='ltr'>facultatem</span> <span class='ocrx_word' id='word_1_239' title='bbox 1490 2173 1650 2208; x_wconf 83' lang='lat' dir='ltr'>Parisius</span> <span class='ocrx_word' id='word_1_240' title='bbox 1674 2185 1717 2208; x_wconf 78' lang='lat' dir='ltr'>ex</span> <span class='ocrx_word' id='word_1_241' title='bbox 1740 2177 1842 2218; x_wconf 83' lang='lat' dir='ltr'>parte</span> <span class='ocrx_word' id='word_1_242' title='bbox 1856 2185 1960 2209; x_wconf 84' lang='lat' dir='ltr'>vene·</span> 
     </span>
     <span class='ocr_line' id='line_1_28' title="bbox 337 2228 1962 2273; baseline -0.001 -8"><span class='ocrx_word' id='word_1_243' title='bbox 337 2231 461 2265; x_wconf 79' lang='lat' dir='ltr'>rabilis</span> <span class='ocrx_word' id='word_1_244' title='bbox 478 2229 626 2273; x_wconf 87' lang='lat' dir='ltr'>capituli</span> <span class='ocrx_word' id='word_1_245' title='bbox 651 2229 804 2273; x_wconf 84' lang='lat' dir='ltr'>insignis</span> <span class='ocrx_word' id='word_1_246' title='bbox 827 2229 998 2264; x_wconf 84' lang='lat' dir='ltr'>ecclcsiae</span> <span class='ocrx_word' id='word_1_247' title='bbox 1024 2229 1261 2264; x_wconf 82' lang='lat' dir='ltr'>Tornacensis</span> <span class='ocrx_word' id='word_1_248' title='bbox 1277 2229 1415 2264; x_wconf 86' lang='lat' dir='ltr'>delatae</span> <span class='ocrx_word' id='word_1_249' title='bbox 1438 2231 1473 2263; x_wconf 88' lang='lat' dir='ltr'>et</span> <span class='ocrx_word' id='word_1_250' title='bbox 1495 2231 1741 2273; x_wconf 83' lang='lat' dir='ltr'>praesentatae</span> <span class='ocrx_word' id='word_1_251' title='bbox 1763 2228 1962 2264; x_wconf 79' lang='lat' dir='ltr'>extitissent</span> 
     </span>
     <span class='ocr_line' id='line_1_29' title="bbox 338 2283 1961 2329; baseline -0.001 -10"><span class='ocrx_word' id='word_1_252' title='bbox 338 2285 607 2329; x_wconf 83' lang='lat' dir='ltr'>quatuordocim</span> <span class='ocrx_word' id='word_1_253' title='bbox 639 2284 898 2328; x_wconf 79' lang='lat' dir='ltr'>propositiones</span> <span class='ocrx_word' id='word_1_254' title='bbox 931 2288 1103 2328; x_wconf 83' lang='lat' dir='ltr'>tanquam</span> <span class='ocrx_word' id='word_1_255' title='bbox 1131 2295 1302 2320; x_wconf 85' lang='lat' dir='ltr'>erroneae</span> <span class='ocrx_word' id='word_1_256' title='bbox 1334 2288 1398 2318; x_wconf 89' lang='lat' dir='ltr'>aut</span> <span class='ocrx_word' id='word_1_257' title='bbox 1426 2284 1465 2317; x_wconf 89' lang='lat' dir='ltr'>in</span> <span class='ocrx_word' id='word_1_258' title='bbox 1495 2284 1564 2318; x_wconf 90' lang='lat' dir='ltr'>fide</span> <span class='ocrx_word' id='word_1_259' title='bbox 1594 2283 1688 2317; x_wconf 89' lang='lat' dir='ltr'>male</span> <span class='ocrx_word' id='word_1_260' title='bbox 1717 2286 1893 2325; x_wconf 80' lang='lat' dir='ltr'>sonantes,</span> <span class='ocrx_word' id='word_1_261' title='bbox 1921 2283 1961 2318; x_wconf 90' lang='lat' dir='ltr'>in</span> 
     </span>
     <span class='ocr_line' id='line_1_30' title="bbox 338 2338 1962 2384; baseline -0.001 -10"><span class='ocrx_word' id='word_1_262' title='bbox 338 2340 490 2384; x_wconf 85' lang='lat' dir='ltr'>quodam</span> <span class='ocrx_word' id='word_1_263' title='bbox 509 2339 635 2382; x_wconf 77' lang='lat' dir='ltr'>papyri</span> <span class='ocrx_word' id='word_1_264' title='bbox 651 2339 738 2373; x_wconf 90' lang='lat' dir='ltr'>folio</span> <span class='ocrx_word' id='word_1_265' title='bbox 755 2339 920 2373; x_wconf 89' lang='lat' dir='ltr'>redactae</span> <span class='ocrx_word' id='word_1_266' title='bbox 937 2343 972 2374; x_wconf 88' lang='lat' dir='ltr'>et</span> <span class='ocrx_word' id='word_1_267' title='bbox 996 2341 1164 2383; x_wconf 85' lang='lat' dir='ltr'>scriptae,</span> <span class='ocrx_word' id='word_1_268' title='bbox 1182 2351 1270 2382; x_wconf 85' lang='lat' dir='ltr'>quas</span> <span class='ocrx_word' id='word_1_269' title='bbox 1285 2339 1465 2373; x_wconf 84' lang='lat' dir='ltr'>asserebat</span> <span class='ocrx_word' id='word_1_270' title='bbox 1487 2338 1623 2372; x_wconf 82' lang='lat' dir='ltr'>dictum</span> <span class='ocrx_word' id='word_1_271' title='bbox 1639 2338 1837 2382; x_wconf 87' lang='lat' dir='ltr'>capitulum</span> <span class='ocrx_word' id='word_1_272' title='bbox 1853 2338 1962 2373; x_wconf 86' lang='lat' dir='ltr'>fuisse</span> 
     </span>
     <span class='ocr_line' id='line_1_31' title="bbox 338 2392 1961 2437; baseline 0.001 -9"><span class='ocrx_word' id='word_1_273' title='bbox 338 2393 376 2428; x_wconf 88' lang='lat' dir='ltr'>in</span> <span class='ocrx_word' id='word_1_274' title='bbox 390 2394 535 2428; x_wconf 80' lang='lat' dir='ltr'>civitate</span> <span class='ocrx_word' id='word_1_275' title='bbox 552 2394 580 2428; x_wconf 88' lang='lat' dir='ltr'>T</span> <span class='ocrx_word' id='word_1_276' title='bbox 584 2393 769 2427; x_wconf 84' lang='lat' dir='ltr'>ornacensi</span> <span class='ocrx_word' id='word_1_277' title='bbox 788 2393 930 2436; x_wconf 90' lang='lat' dir='ltr'>publice</span> <span class='ocrx_word' id='word_1_278' title='bbox 948 2393 986 2428; x_wconf 90' lang='lat' dir='ltr'>in</span> <span class='ocrx_word' id='word_1_279' title='bbox 1002 2393 1154 2428; x_wconf 85' lang='lat' dir='ltr'>diversis</span> <span class='ocrx_word' id='word_1_280' title='bbox 1170 2392 1498 2437; x_wconf 87' lang='lat' dir='ltr'>praedicationibus</span> <span class='ocrx_word' id='word_1_281' title='bbox 1514 2393 1560 2427; x_wconf 87' lang='lat' dir='ltr'>ad</span> <span class='ocrx_word' id='word_1_282' title='bbox 1575 2393 1747 2437; x_wconf 82' lang='lat' dir='ltr'>populum</span> <span class='ocrx_word' id='word_1_283' title='bbox 1762 2404 1826 2437; x_wconf 88' lang='lat' dir='ltr'>per</span> <span class='ocrx_word' id='word_1_284' title='bbox 1840 2405 1961 2437; x_wconf 89' lang='lat' dir='ltr'>quem-</span> 
     </span>
     <span class='ocr_line' id='line_1_32' title="bbox 338 2447 1960 2491; baseline 0.001 -10"><span class='ocrx_word' id='word_1_285' title='bbox 338 2448 419 2482; x_wconf 87' lang='lat' dir='ltr'>dam</span> <span class='ocrx_word' id='word_1_286' title='bbox 437 2449 583 2482; x_wconf 84' lang='lat' dir='ltr'>fratrem</span> <span class='ocrx_word' id='word_1_287' title='bbox 600 2447 801 2482; x_wconf 82' lang='lat' dir='ltr'>Johannem</span> <span class='ocrx_word' id='word_1_288' title='bbox 817 2447 960 2491; x_wconf 88' lang='lat' dir='ltr'>Angeli‚</span> <span class='ocrx_word' id='word_1_289' title='bbox 979 2448 1116 2482; x_wconf 85' lang='lat' dir='ltr'>ordinis</span> <span class='ocrx_word' id='word_1_290' title='bbox 1132 2448 1285 2482; x_wconf 85' lang='lat' dir='ltr'>fratrum</span> <span class='ocrx_word' id='word_1_291' title='bbox 1302 2447 1497 2488; x_wconf 90' lang='lat' dir='ltr'>minorum,</span> <span class='ocrx_word' id='word_1_292' title='bbox 1515 2447 1738 2490; x_wconf 87' lang='lat' dir='ltr'>praedicatas</span> <span class='ocrx_word' id='word_1_293' title='bbox 1752 2450 1788 2483; x_wconf 86' lang='lat' dir='ltr'>et</span> <span class='ocrx_word' id='word_1_294' title='bbox 1797 2450 1960 2489; x_wconf 83' lang='lat' dir='ltr'>assertas,</span> 
     </span>
     <span class='ocr_line' id='line_1_33' title="bbox 339 2501 1958 2545; baseline 0 -9"><span class='ocrx_word' id='word_1_295' title='bbox 339 2506 379 2537; x_wconf 91' lang='lat' dir='ltr'>ut</span> <span class='ocrx_word' id='word_1_296' title='bbox 404 2507 566 2537; x_wconf 85' lang='lat' dir='ltr'>constare</span> <span class='ocrx_word' id='word_1_297' title='bbox 589 2502 730 2536; x_wconf 85' lang='lat' dir='ltr'>dicebat</span> <span class='ocrx_word' id='word_1_298' title='bbox 756 2513 820 2545; x_wconf 88' lang='lat' dir='ltr'>per</span> <span class='ocrx_word' id='word_1_299' title='bbox 844 2503 1035 2544; x_wconf 86' lang='lat' dir='ltr'>quamdam</span> <span class='ocrx_word' id='word_1_300' title='bbox 1061 2502 1352 2537; x_wconf 82' lang='lat' dir='ltr'>informationem</span> <span class='ocrx_word' id='word_1_301' title='bbox 1378 2501 1604 2537; x_wconf 83' lang='lat' dir='ltr'>auctoritatis</span> <span class='ocrx_word' id='word_1_302' title='bbox 1627 2501 1789 2545; x_wconf 85' lang='lat' dir='ltr'>justitiae</span> <span class='ocrx_word' id='word_1_303' title='bbox 1815 2502 1958 2544; x_wconf 87' lang='lat' dir='ltr'>factam,</span> 
     </span>
     <span class='ocr_line' id='line_1_34' title="bbox 342 2556 1959 2601; baseline 0.001 -11"><span class='ocrx_word' id='word_1_304' title='bbox 342 2557 545 2600; x_wconf 76' lang='lat' dir='ltr'>praedictae</span> <span class='ocrx_word' id='word_1_305' title='bbox 561 2557 723 2592; x_wconf 81' lang='lat' dir='ltr'>facultati</span> <span class='ocrx_word' id='word_1_306' title='bbox 748 2569 791 2591; x_wconf 75' lang='lat' dir='ltr'>ex</span> <span class='ocrx_word' id='word_1_307' title='bbox 809 2561 907 2601; x_wconf 86' lang='lat' dir='ltr'>parte</span> <span class='ocrx_word' id='word_1_308' title='bbox 936 2557 1048 2600; x_wconf 77' lang='lat' dir='ltr'>ipsius</span> <span class='ocrx_word' id='word_1_309' title='bbox 1073 2557 1221 2601; x_wconf 87' lang='lat' dir='ltr'>capituli</span> <span class='ocrx_word' id='word_1_310' title='bbox 1250 2569 1331 2591; x_wconf 92' lang='lat' dir='ltr'>cum</span> <span class='ocrx_word' id='word_1_311' title='bbox 1350 2557 1454 2591; x_wconf 85' lang='lat' dir='ltr'>dictis</span> <span class='ocrx_word' id='word_1_312' title='bbox 1480 2556 1781 2600; x_wconf 86' lang='lat' dir='ltr'>propositionibus</span> <span class='ocrx_word' id='word_1_313' title='bbox 1797 2567 1959 2600; x_wconf 86' lang='lat' dir='ltr'>praesen·</span> 
     </span>
     <span class='ocr_line' id='line_1_35' title="bbox 342 2611 1961 2656; baseline 0 -11"><span class='ocrx_word' id='word_1_314' title='bbox 342 2619 464 2651; x_wconf 87' lang='lat' dir='ltr'>tatam,</span> <span class='ocrx_word' id='word_1_315' title='bbox 483 2617 518 2646; x_wconf 86' lang='lat' dir='ltr'>et</span> <span class='ocrx_word' id='word_1_316' title='bbox 544 2623 650 2655; x_wconf 89' lang='lat' dir='ltr'>supcr</span> <span class='ocrx_word' id='word_1_317' title='bbox 676 2613 821 2646; x_wconf 88' lang='lat' dir='ltr'>illarum</span> <span class='ocrx_word' id='word_1_318' title='bbox 840 2613 1122 2655; x_wconf 83' lang='lat' dir='ltr'>propositionum</span> <span class='ocrx_word' id='word_1_319' title='bbox 1147 2611 1415 2655; x_wconf 85' lang='lat' dir='ltr'>qualificatione</span> <span class='ocrx_word' id='word_1_320' title='bbox 1431 2611 1594 2646; x_wconf 87' lang='lat' dir='ltr'>nonnulli</span> <span class='ocrx_word' id='word_1_321' title='bbox 1619 2611 1757 2656; x_wconf 88' lang='lat' dir='ltr'>egregii</span> <span class='ocrx_word' id='word_1_322' title='bbox 1779 2611 1961 2655; x_wconf 84' lang='lat' dir='ltr'>praefatae</span> 
     </span>
     <span class='ocr_line' id='line_1_36' title="bbox 340 2664 1961 2710; baseline 0 -11"><span class='ocrx_word' id='word_1_323' title='bbox 340 2666 519 2700; x_wconf 74' lang='lat' dir='ltr'>facultatis</span> <span class='ocrx_word' id='word_1_324' title='bbox 546 2667 708 2701; x_wconf 68' lang='lat' dir='ltr'>doctores</span> <span class='ocrx_word' id='word_1_325' title='bbox 734 2672 769 2701; x_wconf 90' lang='lat' dir='ltr'>et</span> <span class='ocrx_word' id='word_1_326' title='bbox 795 2667 958 2709; x_wconf 83' lang='lat' dir='ltr'>magistri</span> <span class='ocrx_word' id='word_1_327' title='bbox 988 2679 1058 2701; x_wconf 85' lang='lat' dir='ltr'>una</span> <span class='ocrx_word' id='word_1_328' title='bbox 1085 2678 1167 2701; x_wconf 88' lang='lat' dir='ltr'>cum</span> <span class='ocrx_word' id='word_1_329' title='bbox 1192 2667 1326 2701; x_wconf 88' lang='lat' dir='ltr'>decano</span> <span class='ocrx_word' id='word_1_330' title='bbox 1355 2666 1558 2710; x_wconf 85' lang='lat' dir='ltr'>praedictae</span> <span class='ocrx_word' id='word_1_331' title='bbox 1581 2666 1762 2701; x_wconf 85' lang='lat' dir='ltr'>facultatis</span> <span class='ocrx_word' id='word_1_332' title='bbox 1788 2666 1834 2700; x_wconf 88' lang='lat' dir='ltr'>ad</span> <span class='ocrx_word' id='word_1_333' title='bbox 1861 2664 1961 2710; x_wconf 88' lang='lat' dir='ltr'>ipsas</span> 
     </span>
     <span class='ocr_line' id='line_1_37' title="bbox 339 2721 1959 2766; baseline 0 -11"><span class='ocrx_word' id='word_1_334' title='bbox 339 2723 596 2764; x_wconf 70' lang='lat' dir='ltr'>propositiones</span> <span class='ocrx_word' id='word_1_335' title='bbox 631 2724 885 2758; x_wconf 79' lang='lat' dir='ltr'>examinandas</span> <span class='ocrx_word' id='word_1_336' title='bbox 913 2726 948 2758; x_wconf 88' lang='lat' dir='ltr'>et</span> <span class='ocrx_word' id='word_1_337' title='bbox 975 2733 1099 2757; x_wconf 87' lang='lat' dir='ltr'>earum</span> <span class='ocrx_word' id='word_1_338' title='bbox 1127 2722 1315 2757; x_wconf 87' lang='lat' dir='ltr'>veritatem</span> <span class='ocrx_word' id='word_1_339' title='bbox 1342 2722 1571 2756; x_wconf 83' lang='lat' dir='ltr'>indicandam</span> <span class='ocrx_word' id='word_1_340' title='bbox 1602 2732 1666 2766; x_wconf 89' lang='lat' dir='ltr'>per</span> <span class='ocrx_word' id='word_1_341' title='bbox 1688 2721 1802 2765; x_wconf 90' lang='lat' dir='ltr'>ipsam</span> <span class='ocrx_word' id='word_1_342' title='bbox 1826 2722 1959 2756; x_wconf 80' lang='lat' dir='ltr'>almam</span> 
     </span>
     <span class='ocr_line' id='line_1_38' title="bbox 341 2775 1959 2822; baseline 0.001 -13"><span class='ocrx_word' id='word_1_343' title='bbox 341 2777 546 2811; x_wconf 86' lang='lat' dir='ltr'>facultatem</span> <span class='ocrx_word' id='word_1_344' title='bbox 565 2778 668 2812; x_wconf 82' lang='lat' dir='ltr'>electi</span> <span class='ocrx_word' id='word_1_345' title='bbox 681 2782 716 2813; x_wconf 86' lang='lat' dir='ltr'>et</span> <span class='ocrx_word' id='word_1_346' title='bbox 731 2779 891 2822; x_wconf 85' lang='lat' dir='ltr'>deputati</span> <span class='ocrx_word' id='word_1_347' title='bbox 908 2778 1067 2818; x_wconf 84' lang='lat' dir='ltr'>fuissent,</span> <span class='ocrx_word' id='word_1_348' title='bbox 1084 2777 1303 2820; x_wconf 87' lang='lat' dir='ltr'>diversisque</span> <span class='ocrx_word' id='word_1_349' title='bbox 1319 2777 1444 2811; x_wconf 89' lang='lat' dir='ltr'>diebus</span> <span class='ocrx_word' id='word_1_350' title='bbox 1467 2780 1502 2812; x_wconf 88' lang='lat' dir='ltr'>et</span> <span class='ocrx_word' id='word_1_351' title='bbox 1525 2775 1704 2812; x_wconf 84' lang='lat' dir='ltr'>reiteratis</span> <span class='ocrx_word' id='word_1_352' title='bbox 1717 2775 1867 2817; x_wconf 91' lang='lat' dir='ltr'>vicibus,</span> <span class='ocrx_word' id='word_1_353' title='bbox 1885 2779 1959 2810; x_wconf 88' lang='lat' dir='ltr'>tam</span> 
     </span>
     <span class='ocr_line' id='line_1_39' title="bbox 340 2829 1960 2876; baseline 0.001 -13"><span class='ocrx_word' id='word_1_354' title='bbox 340 2829 378 2863; x_wconf 91' lang='lat' dir='ltr'>in</span> <span class='ocrx_word' id='word_1_355' title='bbox 405 2831 510 2865; x_wconf 88' lang='lat' dir='ltr'>domo</span> <span class='ocrx_word' id='word_1_356' title='bbox 547 2832 682 2866; x_wconf 88' lang='lat' dir='ltr'>domini</span> <span class='ocrx_word' id='word_1_357' title='bbox 709 2832 834 2867; x_wconf 88' lang='lat' dir='ltr'>decani</span> <span class='ocrx_word' id='word_1_358' title='bbox 859 2833 1040 2876; x_wconf 84' lang='lat' dir='ltr'>praefatae</span> <span class='ocrx_word' id='word_1_359' title='bbox 1063 2830 1243 2866; x_wconf 87' lang='lat' dir='ltr'>facultatis</span> <span class='ocrx_word' id='word_1_360' title='bbox 1284 2842 1388 2874; x_wconf 88' lang='lat' dir='ltr'>quam</span> <span class='ocrx_word' id='word_1_361' title='bbox 1418 2830 1517 2873; x_wconf 83' lang='lat' dir='ltr'>alibi,</span> <span class='ocrx_word' id='word_1_362' title='bbox 1541 2830 1714 2874; x_wconf 89' lang='lat' dir='ltr'>praedicti</span> <span class='ocrx_word' id='word_1_363' title='bbox 1738 2831 1901 2865; x_wconf 87' lang='lat' dir='ltr'>doctores</span> <span class='ocrx_word' id='word_1_364' title='bbox 1925 2831 1960 2864; x_wconf 79' lang='lat' dir='ltr'>et.</span> 
     </span>
     <span class='ocr_line' id='line_1_40' title="bbox 340 2885 1954 2930; baseline 0 -11"><span class='ocrx_word' id='word_1_365' title='bbox 340 2887 501 2930; x_wconf 65' lang='lat' dir='ltr'>magi&lt;tii</span> <span class='ocrx_word' id='word_1_366' title='bbox 519 2887 676 2930; x_wconf 77' lang='lat' dir='ltr'>deputati</span> <span class='ocrx_word' id='word_1_367' title='bbox 695 2899 775 2921; x_wconf 87' lang='lat' dir='ltr'>cum</span> <span class='ocrx_word' id='word_1_368' title='bbox 794 2887 916 2921; x_wconf 76' lang='lat' dir='ltr'>multis</span> <span class='ocrx_word' id='word_1_369' title='bbox 931 2892 966 2921; x_wconf 84' lang='lat' dir='ltr'>et</span> <span class='ocrx_word' id='word_1_370' title='bbox 983 2886 1092 2920; x_wconf 84' lang='lat' dir='ltr'>variis</span> <span class='ocrx_word' id='word_1_371' title='bbox 1116 2885 1488 2929; x_wconf 86' lang='lat' dir='ltr'>argumentationibus</span> <span class='ocrx_word' id='word_1_372' title='bbox 1503 2889 1539 2920; x_wconf 90' lang='lat' dir='ltr'>et</span> <span class='ocrx_word' id='word_1_373' title='bbox 1553 2885 1831 2920; x_wconf 83' lang='lat' dir='ltr'>discussionibus</span> <span class='ocrx_word' id='word_1_374' title='bbox 1846 2893 1954 2928; x_wconf 81' lang='lat' dir='ltr'>super</span> 
     </span>
     <span class='ocr_line' id='line_1_41' title="bbox 339 2938 1947 2986; baseline -0.002 -9"><span class='ocrx_word' id='word_1_375' title='bbox 339 2942 502 2977; x_wconf 70' lang='lat' dir='ltr'>examine</span> <span class='ocrx_word' id='word_1_376' title='bbox 520 2943 760 2986; x_wconf 86' lang='lat' dir='ltr'>praefatorum</span> <span class='ocrx_word' id='word_1_377' title='bbox 785 2942 1067 2986; x_wconf 86' lang='lat' dir='ltr'>propositionum</span> <span class='ocrx_word' id='word_1_378' title='bbox 1091 2945 1126 2976; x_wconf 88' lang='lat' dir='ltr'>et</span> <span class='ocrx_word' id='word_1_379' title='bbox 1151 2952 1275 2976; x_wconf 88' lang='lat' dir='ltr'>earum</span> <span class='ocrx_word' id='word_1_380' title='bbox 1292 2940 1558 2984; x_wconf 87' lang='lat' dir='ltr'>qualificatione</span> <span class='ocrx_word' id='word_1_381' title='bbox 1581 2939 1790 2986; x_wconf 85' lang='lat' dir='ltr'>congregati</span> <span class='ocrx_word' id='word_1_382' title='bbox 1813 2938 1947 2975; x_wconf 86' lang='lat' dir='ltr'>extitis-</span> 
     </span>
    </p>
   </div>
   <div class='ocr_carea' id='block_1_8' title="bbox 2044 0 2097 3466">
    <p class='ocr_par' dir='ltr' id='par_1_9' title="bbox 2044 0 2097 3466">
     <span class='ocr_line' id='line_1_42' title="bbox 2044 0 2097 3466; baseline 0 0"><span class='ocrx_word' id='word_1_383' title='bbox 2044 0 2097 3466; x_wconf 95' lang='lat' dir='ltr'> </span> 
     </span>
    </p>
   </div>
  </div>
 </body>
</html>
