2097 3466
340 252 400 285 150
875 247 1007 283 ANNO
1033 249 1145 287 1301,
1172 249 1282 288 1303,
1310 248 1410 282 1307

1086 382 1201 426 159.

402 513 536 561 1301,
565 509 732 553 Rez‘ms.
775 508 1011 552 Uittreksel
1044 508 1104 551 uit
1142 507 1193 550 de
1226 510 1418 551 statuten
1450 521 1534 551 van
1578 509 1652 552 het
1691 509 1951 564 provinciaal

339 580 515 624 concilie
546 593 629 622 van
662 579 806 621 Reims
836 591 939 620 over
973 577 1047 619 het
1080 577 1313 632 vervolgen
1346 590 1432 619 van
1464 577 1515 619 de
1547 577 1759 620 verharde
1792 577 1952 633 gehan-

339 649 558 699 vloekten,
587 648 652 690 die
675 661 757 689 van
782 646 955 702 ketterij
985 647 1154 687 moeten
1178 645 1386 687 verdacht
1418 645 1608 688 worden.
1636 671 1693 677 —
1714 646 1775 704 Zij
1810 646 1952 689 zullen

340 719 510 762 telkens
543 715 648 760 voor
680 716 754 758 het
793 713 1120 758 eerstkomende
1159 713 1336 757 concilie
1368 713 1561 771 gedaagd
1593 714 1786 765 worden,
1833 729 1954 759 waar

341 802 439 832 men
461 800 509 830 ze
532 799 639 829 naar
661 784 876 828 behooren
900 783 964 825 zal
988 782 1239 837 vervolgen.

385 912 484 952 Item,
505 909 599 954 quod
622 909 651 943 si
675 907 975 944 excommunicati
998 907 1143 952 publica
1166 906 1340 942 sententia
1365 904 1746 942 excommunicationis
1768 916 1832 949 per
1857 904 1954 941 bien-

342 967 441 1003 nium
458 969 493 1001 ot
516 964 669 1008 amplius
685 963 804 998 animo
821 962 1055 997 sustinuerint
1076 962 1254 1003 indurato,
1280 964 1453 996 vocentur
1475 961 1520 995 ad
1543 960 1746 1004 proximum
1762 959 1955 995 concilium

341 1025 511 1064 tanquam
526 1018 679 1062 suspecti
697 1018 739 1052 de
756 1016 906 1058 haeresi,
925 1019 958 1051 et
978 1016 1016 1050 in
1039 1016 1162 1051 eodem
1179 1015 1331 1050 concilio
1356 1018 1481 1050 contra
1503 1015 1603 1056 tales,
1621 1017 1662 1050 ut
1678 1016 1817 1060 justum
1833 1015 1954 1057 fuerit,

343 1075 566 1121 procedatur·
686 1114 816 1155 Mansi,
835 1115 912 1149 deel
928 1114 1046 1155 XXV,
1064 1114 1129 1148 blz.
1149 1116 1202 1148 92.
1222 1114 1273 1148 De
1291 1113 1402 1156 juiste
1425 1113 1691 1158 dagteokening
1713 1124 1784 1147 van
1799 1113 1852 1148 dit,
1874 1112 1957 1148 stuk

730 1171 802 1205 kan
820 1170 893 1204 niet
908 1168 1145 1213 nauwkeurig
1162 1168 1311 1211 bepaald
1328 1168 1473 1202 worden
1489 1181 1496 1211 3
1515 1179 1597 1202 men
1613 1169 1700 1203 leest
1715 1179 1775 1203 er:
1795 1167 1957 1202 Secundo

733 1226 792 1259 die
815 1226 996 1259 Mercurii
1019 1229 1101 1258 ante
1128 1224 1367 1267 Clementem3
1398 1224 1489 1258 doch
1513 1235 1595 1259 men
1618 1224 1718 1265 weet,
1736 1224 1796 1259 dat
1819 1234 1859 1258 er
1880 1234 1956 1259 ver-

729 1281 918 1316 scheidene
940 1280 1099 1325 heiligen
1122 1291 1191 1315 van
1215 1281 1297 1314 dien
1326 1291 1430 1314 naam
1454 1279 1493 1314 in
1515 1280 1539 1315 ’t
1557 1281 1640 1325 jaar
1662 1278 1891 1314 voorkomen.
1916 1293 1959 1304 --

731 1337 821 1371 Deze
836 1336 1006 1380 bepaling
1021 1335 1119 1370 werd
1142 1334 1180 1369 in
1204 1346 1268 1369 een
1292 1333 1514 1378 provinciaal
1535 1333 1686 1370 concine
1701 1344 1771 1369 van
1788 1335 1871 1369 1303
1888 1344 1960 1379 nog

729 1390 947 1434 versoherpt.
967 1389 1040 1432 (Zie
1055 1389 1261 1424 hieraohter
1277 1399 1340 1423 ons
1356 1395 1394 1423 nr
1412 1389 1497 1431 160).

1087 1521 1207 1566 160.

407 1649 542 1700 1303,
570 1648 799 1693 Februari
823 1648 899 1698 28,
927 1647 1096 1691 Reims.
1124 1647 1362 1691 Uittreksel
1385 1647 1449 1692 uit
1481 1648 1532 1692 de
1561 1650 1756 1692 statuten
1778 1662 1863 1691 van
1885 1647 1962 1693 het

342 1719 604 1776 provinciaal
628 1718 805 1761 ooncilie
828 1731 913 1760 van
942 1717 1087 1760 Reims
1106 1730 1208 1759 over
1228 1717 1306 1760 het
1322 1717 1555 1773 vervolgen
1578 1731 1661 1760 van
1679 1717 1731 1759 de
1748 1717 1962 1760 verharde

343 1787 708 1844 gebanvloekten,
756 1787 822 1829 die
861 1800 944 1829 van
982 1785 1158 1842 ketterij
1205 1789 1374 1828 moeten
1414 1785 1622 1829 verdacht
1663 1786 1863 1829 worden.
1903 1810 1962 1817 —

345 1859 561 1913 Degenen‚
588 1856 656 1898 die
679 1869 730 1911 op
758 1855 833 1898 het
864 1855 1040 1898 concilie
1073 1853 1162 1896 niet
1184 1855 1452 1896 versohenen
1485 1854 1585 1911 zijn,
1614 1859 1782 1898 moeten
1815 1855 1962 1897 hunne

344 1925 552 1969 onschuld
575 1923 681 1967 voor
703 1924 881 1966 hunnen
909 1923 1111 1978 bissehop
1138 1921 1299 1965 binnen
1322 1937 1457 1966 eenen
1488 1923 1710 1979 gestelden
1732 1923 1812 1980 tijd
1842 1923 1961 1967 laten

343 1995 522 2052 blijken,
549 1994 695 2036 willen
719 2007 766 2036 ze
788 1993 879 2036 niet
901 1994 965 2035 als
986 1993 1153 2036 ketters
1175 1990 1415 2034 behandeld
1437 1992 1630 2034 worden.

385 2117 486 2159 Item,
505 2128 587 2151 oum
612 2115 913 2151 exeommunicati
938 2127 1002 2160 per
1026 2115 1197 2150 biennum
1213 2117 1249 2150 et
1271 2114 1425 2159 amplius
1441 2115 1485 2150 ad
1501 2125 1666 2159 praesens
1683 2114 1876 2150 concilium
1891 2114 1963 2151 sint

343 2173 472 2214 vocati,
491 2171 727 2216 peremptorie
743 2175 778 2206 et
799 2171 1036 2215 personaliter
1050 2170 1254 2215 responsuri
1272 2182 1379 2214 super
1393 2174 1492 2206 tanto
1508 2182 1664 2212 excessu,
1683 2170 1746 2214 qui
1763 2173 1883 2206 notam
1900 2182 1961 2206 seu

344 2228 496 2273 speciem
524 2227 680 2263 haeresis
707 2239 779 2261 non
805 2226 950 2269 evaditg
982 2225 1043 2269 qui
1071 2237 1143 2260 non
1173 2225 1337 2260 venerint
1367 2237 1433 2260 neo
1462 2225 1694 2269 apparuerint
1723 2237 1789 2269 per
1815 2225 1962 2261 idoneos

345 2283 575 2326 responsales,
605 2281 699 2325 ipsos
725 2293 846 2315 omnes
876 2284 912 2315 et,
942 2280 1102 2324 singulos
1129 2283 1336 2324 reputamus
1364 2282 1601 2321 contumaces,
1631 2281 1880 2325 purgationem
1910 2281 1962 2316 eis

344 2337 510 2372 omnibus
532 2340 568 2371 et
591 2335 753 2380 singulis,
773 2347 860 2379 quos
883 2335 934 2369 sic
958 2338 1137 2379 suspectos
1161 2335 1332 2369 habemus
1356 2334 1400 2369 de
1422 2333 1573 2376 haeresi,
1599 2333 1794 2370 indicentes
1817 2334 1960 2370 canoni-

344 2403 423 2426 cam
439 2404 447 2434 3
465 2391 510 2425 ad
527 2401 634 2434 quam
651 2391 899 2434 praestandam
915 2390 1111 2425 seeundum
1128 2389 1224 2435 juris
1240 2390 1393 2424 formam
1409 2389 1502 2433 ipsos
1518 2392 1554 2424 et
1573 2389 1734 2434 singulos
1748 2401 1872 2425 eorum
1887 2389 1961 2425 suis

341 2445 493 2490 singulis
509 2445 728 2480 dioecesanis
751 2444 905 2480 termino
929 2456 1036 2489 super
1058 2445 1127 2479 hoo
1151 2445 1365 2489 competenti
1390 2444 1620 2489 praefigendo
1641 2444 1774 2480 eisdem
1796 2445 1842 2480 ab
1865 2444 1958 2480 ordi·

341 2500 453 2535 nariis
467 2499 684 2544 supradictis
699 2499 925 2534 decernimus
940 2499 1067 2534 teneri.

684 2575 816 2619 Mansi‚
834 2575 913 2612 deel
929 2576 1049 2618 XXV,
1067 2576 1134 2611 blz.
1152 2578 1205 2611 95.

1096 2704 1206 2748 161.

404 2831 545 2884 1307,
567 2830 795 2874 Februarz·
825 2830 895 2883 14,
916 2831 1102 2874 Keulen.
1124 2831 1465 2888 Veroordeeling
1483 2831 1560 2874 der
1580 2831 1827 2875 kettersche
1848 2832 1956 2888 Beg-

342 2900 505 2957 garden
538 2914 591 2943 en
623 2900 889 2956 zoogezegde
912 2900 1115 2956 Apostels
1146 2913 1230 2944 van
1253 2898 1397 2944 beider
1429 2899 1575 2944 kunne
1596 2899 1701 2944 door
1721 2899 1917 2944 Hendrik
1937 2900 1958 2943 I
