2097 3466
722 216 864 260 ΛΜΝ)
882 228 916 254 0·
943 217 1050 264 mli
1695 217 1740 262 25

880 345 961 390 16.

164 473 310 531 Beyin
333 474 414 517 der
438 474 516 518 12Θ
536 486 676 524 eeuw,
703 474 998 529 Antwerpen.
1026 469 1268 517 Uittreksel
1291 470 1355 515 uit
1384 483 1521 516 eenen
1544 469 1621 513 der
1643 482 1740 514 ver-

103 543 277 600 volgers
310 556 395 585 van
428 542 627 598 Sigebert
660 555 746 584 van
779 540 1030 584 Gembloers
1063 540 1152 592 (12ε
1175 538 1318 596 eeuw)
1341 551 1445 581 over
1468 537 1740 582 Tanchelm’s

104 612 280 670 ketterij
316 625 369 655 en
397 612 505 654 hare
527 610 902 669 onderdrukking.
934 636 983 641 —
1031 610 1088 652 De
1123 607 1338 664 schrijVer
1372 608 1482 650 leert
1505 621 1583 649 ons
1606 607 1742 649 onder

104 681 314 732 anderen,
351 680 425 724 dat
462 680 696 729 Tanchelm
735 680 778 722 in
813 693 893 722 een
926 678 1047 733 schip
1080 677 1188 720 door
1226 690 1360 720 eenen
1396 676 1584 732 priester
1620 676 1740 721 werd

104 748 349 800 vermoord,
376 763 430 792 en
464 748 537 792 dat
570 762 669 791 men
702 763 759 794 na
778 749 923 806 zijnen
947 746 1056 791 dood
1087 751 1131 790 te
1164 746 1436 799 Antwerpen
1460 745 1649 796 hostien,
1676 744 1744 790 die

105 817 354 875 gedurende
387 818 516 874 lange
544 818 673 874 jaren
707 817 812 860 door
844 818 896 860 de
925 817 1092 860 ketters
1116 815 1323 858 verheeld
1347 828 1498 858 waren
1530 818 1738 870 geweest‚

106 901 190 932 aan
221 888 273 931 de
305 887 634 948 geestelijkheid
666 887 966 945 terugbracht,
993 885 1109 929 dank
1141 898 1224 927 aan
1258 883 1310 926 de
1343 883 1630 940 predikingen
1657 897 1740 926 van

105 957 363 1005 Norbertus.

151 1081 333 1128 Oppidani
358 1083 469 1119 castri
496 1084 596 1119 illius
623 1082 945 1129 (Antwerpiensis),
976 1093 997 1116 a
1023 1082 1181 1126 quodam
1208 1078 1392 1115 haeretico
1422 1078 1645 1114 Tanchelmo
1677 1078 1747 1122 (vel

107 1140 306 1182 Tandemo)
331 1140 481 1182 seducti,
501 1140 677 1185 paulatim
703 1152 724 1174 a
742 1139 811 1174 fide
830 1143 865 1175 et
880 1138 1043 1174 moribus
1059 1137 1298 1177 desciverant,
1316 1136 1402 1181 quia
1423 1136 1518 1170 idem
1542 1135 1748 1170 haereticus

105 1196 242 1232 nimiae
263 1195 476 1231 subtilitatis
499 1197 595 1240 (cum
620 1200 742 1232 tamen
767 1199 857 1231 esset
879 1194 1006 1237 laicus,
1025 1193 1085 1229 sed
1109 1193 1234 1228 multis
1259 1192 1367 1227 etiam
1391 1191 1535 1226 disertis
1551 1188 1693 1224 clericis
1709 1189 1747 1223 in

107 1261 272 1287 sermone
290 1251 458 1296 acutior),
476 1251 571 1287 sacri
588 1251 728 1286 ordinis
747 1250 932 1286 ministros
949 1253 984 1284 et
1007 1248 1247 1293 episcopalem
1267 1250 1303 1283 et
1317 1245 1576 1281 sacerdotalem
1593 1244 1747 1289 gradum

107 1306 203 1343 nihil
226 1318 301 1344 esse
331 1306 488 1350 dicebat,
516 1306 679 1355 corporis
706 1308 742 1342 et
771 1305 962 1350 sanguinis
990 1303 1126 1340 Christi
1156 1302 1425 1354 perceptionem
1452 1300 1677 1337 sumentibus
1703 1300 1748 1334 ad

108 1522 398 1569 extingueretur,
433 1522 586 1558 consilio
610 1523 749 1559 domini
779 1522 985 1559 Burchardi
1009 1521 1168 1567 episcopi
1193 1524 1228 1556 et
1250 1520 1362 1556 totius
1385 1518 1511 1564 populi
1536 1521 1572 1554 et
1602 1530 1747 1555 assensu

108 1578 260 1623 capituli
286 1578 413 1620 nostri,
451 1578 640 1613 dominum
689 1579 925 1620 Norbertum,
958 1589 1080 1612 virum
1116 1576 1250 1612 nostris
1290 1575 1514 1619 temporibus
1544 1575 1752 1618 spectabilis

108 1633 311 1678 religionis,
341 1634 513 1668 accersiri
543 1634 765 1676 curavimus,
793 1634 897 1678 eique
921 1645 963 1668 ac
986 1633 1060 1668 suis
1090 1631 1265 1668 fratribus
1292 1629 1458 1675 regulam
1486 1632 1524 1664 b.
1551 1630 1751 1672 Augustini

108 1689 338 1725 servantibus
366 1700 542 1733 suamque
572 1690 840 1725 institutionem
871 1687 1132 1732 exequentibus
1155 1686 1402 1731 supradictam
1427 1684 1635 1728 ecclesiam,
1667 1697 1751 1720 cum

107 1746 260 1790 capellis
276 1745 315 1782 in
332 1750 411 1790 ejus
429 1746 640 1781 coemiterio
666 1745 838 1787 fundatis,
857 1749 893 1780 et
917 1745 1034 1779 tribus
1057 1743 1251 1779 curtilibus
1269 1746 1303 1777 et
1314 1745 1448 1785 jugero
1486 1744 1605 1777 terrae
1636 1741 1752 1777 eidem

107 1803 320 1838 coemiterio
345 1802 608 1846 adjacentibus,
646 1814 728 1841 cum
752 1806 926 1846 quattuor
954 1800 1180 1846 praebendis,
1206 1810 1271 1842 per
1293 1809 1422 1837 manus
1443 1796 1635 1834 memorati
1664 1798 1754 1841 epis·

108 1861 189 1904 copi
215 1858 447 1901 tradidimus
472 1857 618 1904 [multa]
637 1858 964 1902 circumspectione
991 1856 1121 1901 vigiles
1148 1856 1329 1900 digneque
1353 1854 1626 1898 perpendentes,
1657 1853 1752 1897 quod

108 1926 235 1955 eorum
265 1915 523 1960 saginaremur
561 1913 789 1951 orationibus
819 1917 855 1953 et
884 1913 990 1954 bonis
1017 1911 1282 1958 spiritualibus,
1317 1911 1349 1945 si
1379 1922 1439 1946 eos
1468 1913 1752 1946 sustentaremus

106 1970 293 2007 beneficiis
308 1970 566 2016 temporalibus
574 1993 714 2005 .......

151 2046 286 2081 Actum
315 2050 437 2080 autem
468 2048 522 2080 est
546 2045 615 2080 hoc
646 2055 741 2080 anno
773 2042 885 2079 Verbi
918 2043 1102 2080 Incarnati
1132 2041 1326 2078 millesimo
1356 2041 1552 2077 centesimo
1581 2040 1754 2076 vicesimo

197 2106 341 2146 quarto,
360 2101 564 2201 in31ictione
579 2100 750 2143 secunda,
771 2103 898 2145 epacta
915 2099 1038 2136 tertia.
1059 2098 1245 2142 (Miraeus,
1266 2098 1386 2143 Opera
1402 2096 1658 2142 diplomatica,
1674 2097 1755 2132 deel

199 2157 226 2200 1,
245 2157 313 2192 blz.
327 2157 382 2192 ⁸5.

908 2230 955 2266 11.

156 2343 199 2380 In
215 2342 362 2380 nomine
380 2342 503 2378 Patris
530 2343 565 2378 et
589 2340 689 2383 Filii,
706 2340 770 2384 qui
786 2342 839 2375 est
854 2339 1000 2381 veritas,
1019 2343 1055 2375 et
1078 2339 1236 2383 Spiritus
1254 2337 1389 2380 Sancti,
1406 2336 1470 2382 qui
1487 2339 1539 2370 est
1559 2335 1750 2370 amborum

111 2398 285 2443 charitas,
302 2396 548 2436 Burchardus,
564 2397 690 2432 divina
705 2395 958 2432 misericordia
975 2394 1290 2431 Cameracensium
1309 2393 1508 2439 episeopus,
1527 2395 1601 2427 tam
1617 2391 1751 2427 futuris

110 2465 221 2499 quam
236 2453 489 2499 praesentibus
504 2451 543 2487 in
561 2455 794 2496 perpetuum.

157 2537 239 2546 ......
250 2509 404 2544 Evoluto
418 2513 540 2543 autem
558 2518 631 2542 non
649 2506 764 2541 multo
781 2510 955 2550 tempore,
975 2505 1100 2540 clerici
1114 2506 1298 2550 praefatae
1315 2503 1488 2539 ecclesiae
1501 2514 1527 2536 s,
1543 2501 1747 2544 Michaelis,

111 2566 227 2602 multa
243 2564 569 2609 circumspectione
580 2563 712 2608 vigiles
729 2563 910 2608 digneque
923 2562 1208 2607 perpendentes,
1227 2562 1321 2606 quod
1348 2573 1418 2602 ρος,
1433 2571 1587 2604 quorum
1612 2562 1748 2593 susten·

111 2626 278 2658 tarentur
309 2621 528 2662 carnalibus,
562 2620 730 2665 saginare
763 2619 936 2654 deberent
965 2618 1228 2663 spiritualibus,
1257 2623 1354 2660 (nam
1387 2628 1446 2651 eos
1473 2614 1748 2650 haeresiarchae

112 2676 319 2713 Tanszelini
349 2687 550 2711 venenosus
581 2686 698 2710 sermo
730 2674 918 2718 infecerat)
934 2674 978 2708 ad
1003 2686 1039 2710 se
1065 2674 1213 2708 fratrem
1231 2672 1463 2710 Norbertum,
1483 2671 1603 2706 virum
1616 2670 1748 2706 nostris

112 2732 336 2778 temporibus
354 2730 564 2778 spectabilis
579 2729 780 2776 religionis,
795 2731 968 2766 accersiri
984 2738 1204 2766 curaverunt
1213 2752 1332 2763 ......

131 2800 134 2803 Δ
157 2813 290 2847 Actum
319 2812 441 2844 autem
465 2812 519 2844 est
543 2807 613 2843 hoc
640 2819 735 2843 anno
768 2807 951 2842 Incarnati
984 2806 1095 2842 Verbi
1125 2806 1318 2842 millesimo
1348 2804 1544 2841 centesimo
1572 2803 1743 2839 vicesimo

200 2868 342 2910 quarto,
370 2864 570 2900 indictione
600 2863 769 2904 secunda,
800 2868 926 2906 epacta
951 2862 1072 2904 tertia,
1106 2864 1334 2907 praesulatus
1366 2861 1504 2897 domini
1538 2860 1743 2904 Burchardi

201 2934 297 2960 nono
306 2943 426 2956 ......
446 2919 633 2965 (Miraeus,
650 2918 755 2963 ibid„
772 2918 853 2958 dael
871 2919 898 2962 Ι,
917 2918 982 2955 blz.
1002 2919 1079 2969 86.)
