2097 3466
342 241 383 274 56
1020 236 1152 272 ANNO
1178 238 1276 272 1185

1105 358 1189 403 57.

403 489 536 539 1135,
560 489 717 531 Maart
739 487 782 536 4,
813 487 1001 529 Verona.
1029 486 1108 528 Bul
1132 499 1215 529 van
1239 484 1391 528 Lucius
1413 485 1488 535 III,
1511 485 1679 540 gericht
1700 488 1764 529 tot
1785 486 1946 539 Pieter,

339 558 537 613 hisschop
561 570 644 600 van
669 555 865 605 Atrecht‚
887 554 1065 611 waarbij
1087 554 1145 611 hij
1170 555 1267 596 hem
1291 554 1342 596 de
1360 556 1552 596 statuten
1570 556 1698 612 tegeri
1717 554 1768 597 de
1784 554 1951 597 ketters

343 641 394 669 en
433 629 560 682 tegen
599 625 650 667 de
688 623 850 666 sleehte
885 622 1124 679 kerkelijke
1164 622 1399 665 advocaten
1437 626 1504 665 ter
1539 622 1669 678 stipte
1705 622 1951 678 uitvoering

341 693 482 737 zendt.
510 719 564 725 ——
588 694 646 736 De
668 705 772 748 paus
796 694 909 747 zegt,
935 691 1008 733 dat
1030 691 1088 748 hij
1114 690 1194 734 den
1217 690 1416 745 bisschop
1439 690 1512 733 des
1534 693 1577 733 te
1595 704 1712 733 meer
1726 689 1950 734 berichten

342 763 413 805 wil
434 765 521 806 wat
545 775 592 804 er
613 765 742 817 tegen
761 760 811 802 de
829 759 992 802 ketters
1015 759 1134 802 werd
1157 758 1350 814 bepaald,
1378 759 1482 801 daar
1503 758 1604 801 deze
1626 759 1783 802 laatste
1804 759 1847 802 in
1863 759 1950 816 zijn

337 831 498 874 bisdom
519 833 647 886 tegen
668 830 752 871 hen
770 828 900 884 hevig
924 831 968 870 te
1005 828 1184 884 strijden
1208 827 1341 870 heeft.
1368 829 1533 883 Daarop
1556 827 1679 883 volgt
1715 827 1816 879 dan,
1853 828 1953 871 mits

339 899 490 943 enkele
513 898 788 955 wijzigingen
812 897 855 938 in
879 897 960 939 den
983 910 1102 938 vorm
1117 895 1194 953 (l),
1219 896 1269 938 de
1293 896 1469 952 geheele
1486 896 1810 951 veroordeeling
1823 899 1952 951 tegen

337 969 388 1011 de
410 968 576 1010 ketters
600 967 706 1009 door
727 965 977 1008 denzelfden
1003 979 1107 1021 paus
1130 978 1181 1020 op
1204 966 1280 1008 het
1301 965 1484 1008 Concilie
1502 978 1588 1007 van
1605 965 1778 1007 Verona
1795 963 1843 1022 (4
1863 965 1951 1016 No-

339 1035 514 1080 vember
539 1033 669 1091 1184)
693 1033 1016 1089 uitgesproken.
1051 1035 1220 1076 Daarna
1243 1037 1367 1076 vaart
1389 1033 1447 1090 hij
1475 1033 1536 1076 uit
1557 1036 1685 1088 tegen
1708 1032 1758 1075 de
1779 1046 1951 1075 aanma-

338 1104 530 1160 tigingen
554 1103 631 1146 der
654 1102 895 1159 kerkelijke
919 1102 1153 1145 advocaten
1179 1116 1230 1144 en
1253 1101 1423 1158 bepaalt
1456 1101 1507 1144 de
1535 1104 1753 1156 strengste
1775 1099 1952 1144 straffen

338 1177 467 1229 tegen
489 1173 589 1215 hen.
626 1171 748 1215 Noeh
771 1171 815 1213 in
851 1171 955 1214 zake
993 1170 1068 1213 der
1090 1170 1257 1213 ketters
1281 1170 1394 1212 noch
1426 1170 1469 1212 in
1492 1170 1597 1212 zake
1619 1169 1696 1212 der
1715 1168 1953 1212 advocaten

337 1242 374 1284 is
397 1255 444 1284 er
473 1241 597 1297 eenig
629 1240 784 1296 beroep
804 1254 856 1296 op
879 1239 982 1282 deze
999 1239 1400 1294 veroordeelingen.
1426 1239 1516 1282 Met
1538 1237 1815 1282 katholieken
1837 1237 1954 1298 iever

338 1311 403 1354 zal
426 1310 478 1353 de
498 1309 695 1365 bisschop
719 1309 758 1352 al
784 1309 884 1352 deze
901 1307 1217 1351 voorschriften
1241 1308 1440 1350 naleven.

385 1420 598 1455 Constitutio
616 1424 742 1454 contra
757 1419 930 1454 hereticos
947 1425 979 1453 et
997 1419 1172 1454 scribitur
1185 1420 1349 1464 episcopo
1360 1419 1484 1454 Petro.

383 1475 516 1510 Lucius
540 1474 736 1518 episcopus,
766 1487 888 1509 servus
915 1486 1100 1509 servorum
1125 1473 1202 1515 Dei,
1227 1473 1425 1509 venerabili
1451 1473 1555 1509 fratri
1582 1473 1702 1516 Petro,
1727 1471 1951 1511 Atrebatensi

340 1528 516 1573 episcopo,
535 1529 686 1563 salutem
702 1532 738 1564 et
754 1528 985 1572 apostolicam
1001 1528 1295 1563 benedictionem.

384 1583 661 1618 Fraternitatem
685 1586 784 1618 tuam
807 1595 914 1627 super
930 1583 997 1624 his,
1016 1595 1084 1626 que
1101 1586 1226 1617 contra
1247 1582 1423 1618 hereticos
1438 1585 1521 1618 sunt
1543 1584 1686 1624 statuta,
1703 1584 1803 1618 tanto
1822 1581 1952 1626 specia-

339 1638 409 1672 lius
426 1637 607 1673 reddimus
623 1637 814 1672 certiorem
832 1640 965 1681 quanto
983 1637 1050 1672 tibi
1066 1637 1105 1672 in
1121 1637 1325 1681 episcopatu
1342 1640 1404 1673 tuo
1420 1638 1578 1673 laborem
1595 1639 1719 1672 eontra
1733 1649 1792 1672 eos
1805 1636 1952 1683 majoris

341 1692 518 1727 credimus
535 1692 741 1727 certaminis
753 1692 951 1727 imminere.

379 1746 528 1781 Noveris
550 1746 673 1790 itaque
697 1748 791 1790 quod
823 1749 869 1782 ad
896 1747 1108 1782 abolendam
1133 1747 1355 1783 diversarum
1377 1749 1542 1783 heresum
1565 1747 1796 1791 pravivatem,
1823 1758 1891 1791 que
1912 1747 1952 1782 in

336 1801 515 1846 plerisque
545 1801 669 1836 mundi
700 1801 862 1845 partibus
896 1803 1078 1838 modernis
1109 1803 1204 1847 cepit
1233 1803 1451 1847 temporibus
1482 1803 1675 1846 pullulare,
1715 1803 1819 1847 vigor
1847 1803 1952 1839 debet

339 1856 600 1892 ecclesiasticus
616 1857 786 1898 exerceri,
806 1857 865 1891 cui
889 1857 1061 1892 nimirum
1076 1869 1203 1902 regum
1226 1861 1261 1893 et
1284 1857 1487 1902 principum
1502 1858 1721 1902 suffragante
1743 1857 1902 1901 potentia
1916 1859 1953 1893 et

340 1911 581 1946 hereticorum
598 1911 811 1955 protervitas
835 1912 874 1946 in
896 1912 1069 1956 episcopis
1093 1913 1257 1947 falsitatis
1280 1924 1343 1948 sue
1364 1913 1549 1948 conatibus
1572 1912 1707 1947 elidant
1726 1916 1762 1947 et
1777 1912 1952 1948 catholice

338 1966 550 2011 simplicitas
578 1966 739 2001 veritatis
766 1967 804 2001 in
829 1967 978 2002 ecclesia
1006 1970 1127 2003 sancta
1153 1968 1379 2012 resplendens
1406 1979 1484 2003 eam
1510 1967 1643 2011 ubique
1669 1968 1885 2002 demonstret
1905 1968 1950 2003 ab

341 2023 438 2057 omni
466 2021 729 2056 consectatione
756 2022 927 2056 falsorum
966 2023 1174 2067 dogmatum
1205 2022 1395 2066 expiatam.
1425 2023 1578 2065 Ideoque
1614 2033 1677 2056 nos
1706 2021 1886 2056 karissimi
1912 2021 1952 2057 in

341 2078 483 2114 Christo
500 2077 565 2112 filii
582 2077 693 2112 nostri
719 2077 929 2121 F[rederici]
954 2078 1103 2113 illustris
1127 2079 1289 2114 Romane
1304 2078 1378 2121 (sic)
1402 2077 1626 2122 imperatoris
1649 2089 1787 2121 semper
1806 2077 1951 2123 augusti

339 2128 519 2177 presentia
532 2131 668 2175 pariter
680 2134 715 2166 et
727 2131 853 2176 vigore
865 2132 1014 2174 suffulti,
1027 2133 1070 2168 de
1082 2133 1262 2167 communi
1275 2133 1424 2168 consilio
1436 2134 1588 2167 fratrum
1599 2135 1800 2168 nostrorum
1812 2144 1951 2169 necnon

338 2188 495 2222 aliorum
511 2185 873 2230 archiepiscoporum,
889 2187 1137 2231 episcoporum
1154 2188 1420 2231 multorumque
1435 2187 1650 2232 principum,
1665 2186 1727 2230 qui
1743 2188 1786 2222 de
1801 2187 1949 2224 diversis

336 2243 502 2287 partibus
518 2247 763 2279 convenerunt
778 2246 903 2278 contra
925 2243 1020 2286 ipsos
1035 2242 1224 2285 hereticos,
1244 2242 1373 2286 quibus
1388 2243 1527 2277 diversa
1539 2243 1713 2278 vocabula
1727 2243 1949 2279 diversarum

334 2299 472 2333 indidit
486 2299 655 2342 professio
672 2299 880 2340 falsitatum,
905 2298 1078 2342 presentis
1094 2298 1227 2333 decreti
1243 2298 1403 2342 generali
1418 2297 1685 2341 praesanctione
1701 2299 1949 2343 consurgimus

334 2357 375 2390 et
391 2365 530 2389 omnem
547 2354 712 2395 heresim,
730 2365 956 2398 quocumque
972 2353 1116 2389 nomine
1132 2356 1328 2395 censeatur,
1343 2365 1406 2398 per
1421 2353 1529 2398 hujus
1544 2353 1807 2390 constitutionis
1821 2354 1948 2391 seriem

336 2409 552 2444 auctoritate
568 2409 763 2453 apostolica
777 2410 1087 2453 condempnamus.

380 2464 422 2499 In
451 2463 575 2507 primis
605 2464 721 2508 igitur
759 2475 882 2499 omnes
912 2463 1105 2505 hereticos,
1145 2463 1415 2507 quibuscunque
1445 2463 1647 2499 nominibus
1682 2467 1945 2509 nuncupentur,

337 2522 508 2564 perpetuo
538 2519 762 2554 decernimus
791 2517 1010 2554 anathemati
1042 2519 1238 2563 subjacere.
1272 2519 1318 2554 Et
1347 2518 1516 2562 quoniam
1541 2519 1707 2554 nonnulli
1735 2521 1801 2555 sub
1830 2521 1948 2565 specie

338 2573 480 2618 pietatis
503 2576 538 2608 et
553 2573 722 2609 virtutem
746 2574 834 2617 ejus,
855 2575 961 2618 juxta
986 2573 1080 2617 quod
1103 2573 1155 2608 ait
1170 2574 1350 2617 apostolus
1366 2574 1593 2618 abnegantes,
1611 2574 1860 2611 auctoritatem
1877 2575 1946 2611 sibi

338 2628 527 2664 vendicant
553 2628 772 2672 predicandi,
802 2639 885 2662 eum
914 2628 1009 2663 idem
1040 2628 1220 2673 apostolus
1247 2628 1364 2664 dicat:
1397 2628 1581 2667 Quomodo
1602 2629 1849 2673 predicabunt
1869 2631 1946 2665 nisi

375 2802 419 2842 (1)
442 2799 518 2843 Wij
543 2799 682 2835 hebben
704 2799 758 2835 dit
783 2799 942 2844 gedeelte
966 2799 1041 2835 niet
1065 2801 1300 2845 weggelaten,
1327 2800 1499 2835 alhoewel
1521 2799 1566 2835 de
1587 2799 1682 2835 tekst
1703 2799 1784 2835 hier
1797 2811 1842 2835 en
1857 2799 1945 2835 daar

333 2854 512 2897 blijkbaar
527 2854 704 2889 bedorven
727 2854 768 2896 is,
784 2855 904 2889 omdat
919 2855 963 2889 de
978 2854 1166 2889 varianten
1182 2857 1256 2890 met
1271 2866 1334 2890 ons
1350 2854 1579 2899 voorgaande
1594 2853 1678 2890 stuk
1693 2853 1851 2891 wellicht
1869 2854 1944 2890 niet

334 2909 462 2945 zonder
476 2908 582 2954 eenig
596 2912 662 2945 nut
676 2909 823 2945 kunnen
835 2909 980 2946 worden
995 2909 1222 2954 vergeleken.
