2097 3466
353 256 397 302 52⁶
1027 254 1164 301 ARN&
1188 257 1288 303 1112

352 360 553 404 scripturae
576 366 700 396 sacrae
721 360 875 406 eulogiis
897 361 936 397 in
963 361 1122 396 medium
1147 361 1308 406 prolatis,
1334 364 1490 406 eamque
1515 362 1561 398 ab
1585 362 1789 398 astantibus
1806 355 1973 398 fidelitas

352 424 447 451 nunc
471 416 718 460 singulariter,
735 427 831 452 nunc
854 417 1093 452 communiter
1118 417 1322 460 increpatus
1339 421 1446 461 atque
1461 418 1504 452 ad
1522 417 1764 454 Christianam
1781 418 1973 454 veritatem

350 469 520 503 incitatus
543 469 654 504 nollet
677 470 914 514 acquiescam,
933 471 992 505 sed
1018 470 1133 515 magis
1156 471 1193 504 in
1218 471 1429 505 infidelitate
1453 471 1642 515 delegisset
1657 471 1836 506 obstinata
1853 473 1972 506 mente

350 524 549 568 persistere,
579 524 848 559 acclamabatur
878 528 922 559 ab
954 526 1119 560 omnibus
1151 525 1360 560 Dominicae
1388 526 1486 560 vocis
1512 527 1689 561 sententia
1705 538 1713 561 :
1746 534 1762 553 α
1791 517 1970 567 Quoniam

351 586 368 615 η’
386 579 573 615 ecclesiam
591 591 662 614 non
678 579 791 621 audit,
805 579 852 614 sit
864 581 930 614 tibi
945 581 1037 614 sicut
1053 579 1218 614 ethnicus
1235 583 1269 614 et
1286 581 1517 624 publicanus3
1533 599 1549 617 n
1561 581 1842 626 adjeceruntque
1853 572 1971 626 gradu·

349 637 537 670 moveatur
559 640 668 680 atque
689 635 933 670 damnaretur.
961 634 1062 675 Quod
1087 638 1128 669 ut
1153 635 1254 670 fieret
1276 635 1442 670 omnibus
1466 636 1750 678 accurrentibus,
1775 628 1837 671 ille
1864 638 1971 670 naalia

349 690 512 734 fugiendi
541 691 810 734 opportunitate
838 701 874 723 se
905 691 998 724 inter
1021 692 1177 723 astantes
1200 688 1371 724 subduxit
1398 689 1520 733 sicque
1549 691 1673 726 evasit.
1700 689 1858 725 Proinde
1886 696 1970 725 cum

346 745 540 788 requisitus
565 756 637 780 non
661 750 750 780 esset
772 746 950 787 inventus,
964 747 1070 788 juxta
1085 755 1265 779 canonum
1281 744 1494 785 sanctiones,
1512 745 1575 789 qui
1588 745 1746 781 noluerit
1762 745 1807 780 ad
1822 744 1969 780 audien-

346 800 435 835 tiam
451 801 574 835 venire
587 803 745 842 vocatus,
765 800 888 835 eadem
903 800 1061 843 patiatur
1073 800 1210 841 absens,
1226 802 1266 834 ut
1283 799 1440 835 breviter
1452 800 1764 844 comprehendam,
1779 801 1970 836 damnatus

345 860 409 891 est.
438 856 633 900 Inquisitus
659 859 779 891 autem
803 861 837 891 et
861 855 964 896 alter,
990 855 1050 889 ille
1082 855 1262 898 videlicet,
1287 855 1350 899 qui
1375 856 1419 890 ob
1442 855 1550 900 hujus
1573 856 1755 900 nequitiae
1780 849 1968 891 infamiam

347 912 480 947 obumb
504 913 633 947 andam
665 912 804 946 duobus
835 911 1032 945 vocabatur
1063 909 1281 952 nominibus,
1314 921 1361 946 an
1393 914 1426 946 et
1457 911 1532 954 ipse
1561 911 1782 955 praelibatae
1811 910 1973 946 Haeresis‘·

347 969 501 1000 assertor
526 967 704 1006 existeret,
724 965 934 1000 testificatus
957 969 1009 998 est
1032 975 1217 1007 nunquam
1241 976 1278 999 se
1302 965 1498 1007 professum
1523 977 1597 1000 esse
1612 965 1669 999 vel
1684 965 1846 1009 profiteri
1862 964 1971 1008 velle,

346 1022 566 1056 delatoribus
583 1034 602 1056 e
619 1027 744 1056 contra
757 1020 1019 1055 affirmantibus
1033 1024 1065 1054 et
1082 1020 1285 1054 dicentibus
1301 1033 1338 1055 se
1353 1021 1508 1064 quadam
1524 1021 1602 1056 vice
1621 1021 1801 1065 insperato
1815 1031 1968 1055 conven-

345 1077 466 1111 ticulis
502 1079 696 1112 eorundem
733 1076 1000 1111 haereticorum
1031 1075 1278 1119 supervenisse
1310 1076 1498 1120 ipsumque
1532 1076 1606 1110 illis
1639 1075 1967 1111 communicantem

345 1133 486 1168 vidisse.
507 1133 586 1175 Quo
610 1137 737 1168 contra
760 1133 821 1167 ille
836 1133 967 1167 timens
983 1144 1027 1167 ne
1050 1133 1142 1166 forte
1158 1132 1344 1167 convictus
1368 1132 1581 1176 presbyterii
1598 1132 1802 1177 privaretur
1818 1131 1967 1174 honore,

347 1190 532 1233 respondit
547 1201 584 1224 se
600 1189 645 1224 ob
660 1189 769 1233 hujus
782 1188 997 1232 suspicionis
1011 1187 1207 1222 abolendae
1218 1187 1375 1232 gratiam
1392 1187 1547 1223 libenter
1558 1187 1650 1223 velle
1662 1192 1824 1223 summae
1837 1188 1971 1222 exami-¹

344 1244 501 1279 nationis
527 1244 648 1278 subire
675 1243 900 1278 sententiam.
932 1242 1035 1283 Quod
1063 1242 1200 1277 dictum
1228 1253 1311 1276 cum
1338 1242 1530 1286 placuisset
1560 1244 1740 1286 omnibus,
1766 1245 1886 1286 jussus
1918 1246 1972 1279 est'

344 1299 489 1334 missam
513 1300 695 1334 celebrare
721 1302 757 1334 et
778 1310 921 1334 sacrum
944 1309 1118 1333 canonem
1142 1297 1205 1341 qui
1220 1298 1363 1332 Secreta
1378 1299 1435 1332 vel
1449 1298 1553 1333 Actio
1576 1299 1722 1341 dicitur,
1740 1298 1834 1334 sicut
1849 1301 1971 1334 cetera·

345 1355 485 1389 excelsa
507 1366 594 1389 voce
616 1354 820 1395 decantare,
844 1357 885 1388 ut
907 1352 970 1396 qui
997 1352 1166 1395 mysterio
1193 1351 1342 1396 pretiosi
1368 1353 1530 1396 corporis
1557 1356 1592 1388 et
1618 1353 1806 1397 sanguinis
1835 1348 1970 1388 Christi

343 1409 638 1453 praesumpsisset
653 1407 852 1449 detrahere,
871 1408 983 1452 ipsius
999 1408 1212 1451 probaretur
1228 1406 1370 1441 virtute.
1392 1406 1502 1442 Missa
1525 1407 1647 1451 itaque
1663 1408 1825 1450 decursa,
1842 1407 1906 1443 ubi
1924 1408 1970 1442 ad

345 1464 686 1499 communicandum
703 1466 914 1507 perventum
930 1466 992 1503 est,
1009 1462 1196 1506 episcopus
1213 1462 1321 1496 verba
1336 1461 1606 1506 imprecationis
1622 1456 1830 1507 hujiismodi
1845 1462 1971 1498 intulit

346 1519 488 1554 dicens:
510 1527 526 1545 α
545 1518 582 1552 Si
599 1518 784 1552 vivificum
798 1518 867 1553 hoc
883 1518 1009 1552 salutis
1025 1523 1167 1551 nostrae
1180 1520 1458 1557 sacramentum,
1479 1517 1575 1561 quod
1591 1517 1758 1553 manibus
1770 1520 1880 1559 tenes,
1896 1520 1969 1552 non

346 1576 430 1609 vere
453 1585 582 1618 corpus
606 1573 741 1608 Christi
765 1576 800 1608 et
822 1573 1036 1617 sanguinem
1061 1583 1135 1606 esse
1162 1583 1269 1606 ausus
1292 1584 1328 1606 es
1351 1571 1462 1614 impio
1486 1583 1549 1606 ore
1586 1572 1728 1617 garrire
1751 1577 1835 1607 cum
1857 1570 1970 1615 ipsius

346 1631 506 1674 mysterii
521 1629 792 1670 contestatione,
806 1628 982 1663 interdico
997 1638 1042 1661 ne
1057 1638 1127 1670 quo
1141 1627 1246 1661 modo
1261 1637 1467 1670 praesumas
1479 1626 1662 1670 accipere3
1673 1627 1703 1660 si
1716 1637 1801 1661 vero
1817 1637 1889 1661 non
1904 1625 1968 1669 ita,

346 1685 406 1720 sed
423 1685 600 1721 catholice
622 1684 814 1728 profiteris,
834 1683 970 1726 accipe.
993 1699 1009 1718 n
1031 1682 1075 1716 Et
1098 1681 1511 1725 accepit.Verumtamen
1533 1681 1690 1724 qualiter
1701 1680 1796 1716 idem
1809 1680 1968 1724 redemp-

344 1740 453 1775 tionis
469 1751 599 1774 munus
615 1739 658 1774 ad
683 1738 950 1773 damnationem
975 1738 1030 1772 sui
1054 1737 1093 1772 in
1115 1748 1154 1771 os
1179 1740 1254 1780 ejus
1277 1736 1478 1778 intraverit,
1504 1736 1640 1770 referre
1662 1738 1969 1779 supervacaneum

346 1808 417 1832 non
427 1796 601 1840 judicavi.
622 1795 711 1830 Cum
728 1795 824 1830 enim
842 1799 932 1829 esset
947 1794 986 1828 in
999 1792 1275 1828 examinationis
1287 1792 1469 1827 anxietate
1482 1792 1711 1833 constitutus,
1730 1790 1968 1835 omnipotenti

346 1851 420 1886 Deo
448 1852 491 1885 de
518 1850 681 1885 admissis
709 1849 978 1893 poenitentiam,
1008 1849 1052 1883 de
1075 1848 1207 1883 futuris
1237 1847 1438 1882 custodiam
1468 1846 1643 1891 pollicens
1673 1847 1780 1881 corde
1812 1846 1968 1896 contrito

343 1906 559 1950 supplicavit
573 1909 607 1941 et
624 1905 780 1940 obtinuit
797 1905 841 1939 ab
855 1903 1004 1939 instanti
1021 1903 1230 1938 confusione
1244 1902 1404 1937 liberari.
1422 1902 1508 1937 Inde
1523 1913 1620 1944 vero,
1635 1898 1698 1937 ubi
1713 1901 1752 1936 in
1767 1906 1833 1937 sua
1847 1901 1968 1941 rediit.

343 1961 505 2006 pollicita
521 1962 644 1996 fallere
667 1971 739 1995 non
756 1961 899 2004 expavit
915 1963 950 1994 et
965 1959 1168 1993 abdicatam
1184 1957 1361 1992 haeresim
1379 1956 1508 2001 maJ'ori
1524 1968 1634 2001 quam
1650 1960 1756 1992 antea
1771 1957 1973 2001 pertinacia

344 2017 539 2058 roboravit,
555 2028 627 2051 non
650 2016 811 2051 recolens
834 2016 928 2059 quod
947 2026 1028 2049 cum
1052 2014 1098 2048 sir,
1123 2015 1216 2049 Deus
1235 2014 1348 2057 Judex
1366 2017 1496 2057 justus,
1515 2013 1618 2048 fortis
1641 2016 1676 2048 et
1699 2012 1850 2057 patiens,
1868 2015 1973 2047 tant&

346 2073 631 2116 delinquentium
648 2073 771 2115 culpas
783 2071 981 2105 districtius
992 2070 1132 2114 judicat
1145 2073 1280 2112 quanto
1294 2069 1543 2112 aequanimius
1561 2071 1692 2112 portat.
1709 2067 1871 2112 Contigit
1884 2072 1975 2112 ergo*

346 2132 387 2162 ut
404 2135 446 2161 ‹ie
469 2127 557 2162 vitio
574 2127 612 2161 in
630 2127 758 2160 vitium
783 2130 978 2166 corrueret,
997 2125 1092 2159 sicut
1113 2125 1287 2167 scriptum
1313 2129 1386 2158 est:
1409 2132 1424 2150 α
1444 2122 1514 2164 Qui
1530 2123 1694 2157 sordidus
1711 2127 1772 2163 est,
1791 2122 1973 2158 sordescat

342 2182 481 2225 adhu03
498 2200 513 2217 n
529 2186 563 2217 et
578 2181 705 2225 spiritu
724 2180 973 2215 fornicationis
988 2180 1154 2214 seductus
1172 2190 1242 2213 non
1261 2179 1375 2213 multo
1390 2182 1467 2222 post
1484 2179 1523 2213 in
1538 2177 1717 2212 adulterio
1730 2176 1975 2221 deprehensus·

343 2240 396 2271 est
412 2240 446 2271 et
460 2237 570 2281 digna
585 2235 788 2280 iniquitatis
804 2247 889 2270 suae
906 2238 1019 2269 morte
1037 2237 1253 2278 peremptus.

739 2326 849 2361 Gesta
878 2326 1126 2366 Trevirorum,
1146 2324 1364 2369 uitgegeven
1387 2324 1476 2360 door
1490 2323 1738 2369 Wyttenbach
1755 2335 1800 2360 en
1823 2323 1974 2367 Muller,¹

691 2379 770 2414 deel
787 2379 813 2420 1,
831 2379 898 2413 blz.
919 2378 1072 2412 186-189.
1090 2377 1156 2418 (De
1180 2378 1362 2422 uitgevers
1385 2378 1547 2421 plaatsen
1562 2377 1607 2412 de
1627 2376 1857 2421 gebeurtenis
1872 2378 1972 2412 circu

695 2444 837 2468 annum
853 2433 936 2467 4145
944 2443 957 2474 ;
974 2432 1067 2467 doeh
1085 2434 1127 2468 de
1143 2434 1276 2476 synode
1292 2443 1363 2466 van
1379 2432 1497 2473 Trier,
1514 2443 1659 2476 waarop
1674 2431 1728 2466 dit
1743 2431 1972 2476 geschiedde,

694 2488 765 2522 had
783 2488 823 2523 in
839 2490 922 2523 1112
937 2488 1063 2531 plaats.
1083 2488 1135 2522 De
1151 2487 1333 2532 uitgevers
1347 2486 1468 2531 gissen
1483 2486 1712 2531 integendeel
1727 2489 1763 2522 te
1777 2486 1893 2528 recht,
1911 2486 1974 2521 dat

697 2543 741 2577 de
763 2542 898 2577 ketters
920 2553 991 2576 van
1015 2543 1100 2585 Ivoy
1123 2542 1249 2577 eerder
1264 2541 1492 2586 aanhangers
1507 2552 1577 2577 van
1595 2540 1795 2576 Tanchelm
1814 2541 1887 2576 dan
1901 2547 1973 2577 van

696 2597 938 2642 Berengarius
952 2599 1104 2641 waren).

1119 2735 1197 2779 13.

412 2866 548 2915 1112,
585 2865 698 2920 Ivoy
730 2877 784 2907 en
821 2864 963 2907 Trier.
990 2862 1228 2906 Uittreksel
1263 2861 1324 2905 uit
1356 2860 1409 2904 de
1440 2861 1644 2903 Annales
1680 2852 1970 2903 Treuir-enses

351 2944 434 2975 van
458 2932 540 2976 den
563 2935 687 2988 pater
707 2932 871 2990 Jezuiet
897 2932 1000 2977 Chr.
1025 2933 1234 2975 Brouwer
1264 2929 1317 2986 (†
1343 2930 1474 2987 1617)
1505 2942 1611 2972 over
1651 2925 1970 2972 kettervervol—
