2097 3466
310 259 372 292 ‘278
999 253 1132 289 ANNO
1159 256 1258 290 1411

310 351 382 386 illis
398 351 443 385 ad
459 361 561 385 suam
577 350 749 391 salutcm3
769 349 828 383 scd
845 348 906 383 1110
922 348 1178 393 integerrimus
1195 351 1230 385 et
1246 349 1528 393 perfectissimus
1543 353 1607 393 est,
1627 350 1690 395 qui
1713 351 1757 386 de
1772 351 1842 386 hoc
1868 363 1941 388 non

310 409 413 441 curat
429 417 493 440 ncc
510 405 546 439 in
564 417 628 439 sua
645 403 863 439 conscicntia
880 404 995 438 ullum
1010 415 1211 439 remorsum
1225 404 1324 440 facit.

357 478 371 490 ÷·
392 462 539 502 Quarta.
561 461 663 501 Quod
680 463 758 504 post
774 459 953 502 quandam
970 459 1247 501 revocationem,
1267 459 1304 494 in
1322 472 1393 504 qua
1411 472 1468 496 me
1491 472 1512 495 a
1529 461 1602 496 Deo
1620 462 1885 505 complexatum
1905 465 1942 498 et

310 516 553 550 illuminatum
572 515 680 550 fuisse
703 516 850 556 asserui,
869 515 944 549 dixi
968 515 1063 558 quod
1089 526 1188 549 eram
1215 515 1376 550 totaliter
1407 516 1580 551 alteratus
1604 519 1639 552 et
1666 517 1742 552 sine
1765 518 1889 553 labore
1905 520 1941 554 et

310 570 428 605 studio
445 570 691 614 intelligebam
707 582 845 605 sacram
859 569 1075 613 scripturam
1093 572 1127 604 et
1143 569 1277 604 clarius
1294 582 1402 613 quam
1418 573 1512 612 ante,
1532 574 1566 606 et
1579 572 1674 615 quod
1690 583 1762 606 non
1777 574 1940 616 poteram

310 625 440 669 decipi,
459 628 493 660 ct
510 625 604 668 quod
621 625 904 668 praedicationes
920 636 1020 659 meae
1036 627 1140 660 erant
1155 625 1252 660 ultra
1267 625 1467 660 humanum
1501 626 1723 662 intellectum
1747 630 1782 663 et
1808 639 1938 663 sermo-

310 692 391 715 nem
419 692 539 715 meum
567 681 812 724 praeferebam
836 680 928 721 aliis,
947 680 1117 714 dicendo:
1139 680 1291 720 Quando
1317 692 1416 715 eram
1439 680 1533 717 sicut
1555 693 1628 723 vos,
1647 682 1708 717 sed
1724 693 1820 717 nunc
1835 683 1941 718 aliter

310 748 388 770 sum
404 739 439 770 ct
455 735 561 770 aliter
577 735 753 780 intelligo.
774 737 818 771 Et
834 735 895 779 qui
913 746 1093 770 sermones
1109 746 1207 770 meos
1231 735 1344 777 audit,
1364 747 1501 771 meram
1525 736 1714 773 veritatem
1737 737 1849 773 audit.
1868 738 1940 780 Qui

311 790 466 825 aliorum
481 801 661 825 sermones
677 790 790 831 audit,
806 789 1001 830 seducitur,
1021 789 1106 833 quia
1123 790 1183 832 alij
1202 790 1415 834 praedicant
1444 794 1610 833 mortem,
1629 803 1697 836 ego
1713 803 1798 827 vero
1813 792 1937 828 vitam.

358 864 373 877 v
393 847 541 888 Quinta.
562 847 666 887 Quod
681 847 788 881 homo
806 846 856 881 ita
879 848 995 890 potest
1018 845 1117 879 uniri
1142 846 1216 880 Deo
1240 845 1279 879 in
1303 846 1371 880 hac
1387 846 1519 881 vitant
1541 858 1606 890 per
1620 850 1721 883 actus
1747 847 1941 884 exteriores
1972 871 1973 874 =

312 903 578 946 qualescunque
595 912 667 935 non
684 902 859 944 peccaret.

358 963 373 987 ἔ,
393 958 512 993 Sexta.
533 957 636 998 Quod
654 956 805 996 Pilatus,
826 954 988 998 Cayplias
1005 956 1040 988 et
1058 955 1157 997 Cayn
1174 965 1244 988 non
1261 956 1344 989 sunt
1359 955 1532 996 damnati,
1551 955 1611 990 sed
1627 958 1826 999 peccatum.

357 1030 372 1043 ‚2
393 1012 564 1057 Septima.
584 1012 688 1052 Quod
704 1010 844 1054 aliquas
860 1008 1131 1053 propositiones,
1150 1020 1238 1052 quas
1254 1009 1344 1043 alias
1359 1021 1529 1044 revocare
1541 1010 1662 1052 debui,
1674 1022 1740 1046 nec
1756 1011 1860 1055 plene
1875 1023 1941 1047 nec

312 1069 430 1105 debite
446 1067 625 1108 revocavi,
644 1069 680 1102 et
696 1066 791 1110 quod
807 1065 948 1108 aliquas
963 1076 1089 1099 earum
1105 1064 1162 1099 vel
1179 1064 1230 1099 eis
1246 1064 1380 1099 similes
1396 1069 1520 1109 postea
1535 1065 1756 1109 praedivavi.

359 1141 375 1154 υ
395 1125 542 1159 Octava.
562 1122 666 1163 Quod
683 1121 826 1165 quando
843 1120 981 1163 aliquid
997 1131 1200 1161 erroneum,
1216 1120 1310 1154 male
1323 1132 1454 1154 sonans
1470 1121 1527 1155 vel
1542 1121 1792 1156 scandalosum
1804 1121 1942 1166 praedi-

314 1180 406 1221 cavi,
424 1179 453 1213 si
470 1189 577 1221 super
593 1178 637 1212 ab
654 1177 776 1220 aliquo
792 1175 1037 1218 interrogatus
1054 1174 1198 1216 fuerim,
1217 1174 1339 1209 statim
1356 1174 1447 1209 illud
1463 1186 1598 1220 negare
1614 1176 1784 1211 consuevi
1798 1178 1834 1211 et
1848 1176 1945 1212 dieta

311 1246 391 1270 mea
405 1233 539 1279 glosari
557 1236 591 1268 ct
607 1230 849 1275 interpretari.
869 1247 886 1260 n

356 1290 412 1325 Ad
428 1288 680 1334 p1u-gationem
697 1286 909 1322 canonicam
926 1297 1008 1320 cum
1034 1285 1185 1329 septima
1208 1297 1319 1320 manu
1347 1286 1401 1321 tui
1430 1286 1566 1321 ordinis
1597 1285 1694 1321 infra
1719 1299 1878 1323 mensem
1906 1287 1946 1323 in

311 1344 480 1379 manibus
497 1341 826 1378 commissariorum
851 1343 1056 1375 nostrorum
1084 1340 1123 1374 in
1147 1340 1234 1374 villa
1257 1340 1442 1384 praedicta
1458 1341 1684 1376 Bruxellensi
1700 1342 1944 1385 peragendum

311 1400 507 1436 indicimus
523 1396 760 1434 convictionis
776 1396 984 1435 eorundem,
1004 1394 1142 1438 tibique
1158 1395 1417 1439 poenitentiam
1433 1395 1545 1430 trium
1562 1408 1741 1432 annorum
1763 1396 1802 1431 in
1829 1399 1945 1432 castro

314 1460 436 1492 nostro
467 1457 511 1491 de
537 1455 642 1490 Sellis
672 1455 751 1498 post
780 1452 894 1487 dictas
924 1454 1004 1486 tuas
1031 1452 1309 1496 abjurationem,
1339 1452 1640 1496 reprobationem,
1665 1452 1943 1495 revocationem,

315 1511 569 1557 purgationem
586 1522 651 1554 per
665 1512 700 1544 te
716 1511 757 1544 ut
772 1519 882 1552 supra
897 1508 1033 1542 fiendas
1049 1506 1276 1552 injungimus
1292 1507 1571 1551 adimplendam.
1590 1506 1763 1551 Alioquin
1786 1508 1882 1552 quod
1907 1507 1947 1542 in

314 1580 387 1603 1100
404 1569 651 1607 conventuum¹
663 1565 717 1600 tui
734 1563 871 1598 ordinis
886 1565 988 1597 extra
1004 1565 1162 1597 nostram
1176 1562 1348 1597 diocesim
1363 1563 1657 1597 Cameracensem
1668 1561 1946 1597 constitutorum

314 1635 380 1667 per
396 1634 460 1657 nos
484 1622 528 1656 de
556 1619 706 1655 consilio
732 1619 787 1654 tui
812 1620 1008 1653 conventus
1032 1617 1278 1652 Bruxellensis
1301 1617 1468 1662 eligendo
1492 1629 1557 1661 pro
1574 1617 1795 1662 poenitentia
1809 1616 1944 1658 eadem,

315 1678 392 1712 sine
408 1677 571 1713 exeundo
589 1675 742 1710 eundem
759 1676 975 1708 conventum
992 1675 1027 1707 et
1042 1672 1218 1707 ambitum
1242 1672 1366 1716 ipsius,
1384 1683 1570 1708 remaneas
1593 1684 1706 1717 usque
1723 1673 1768 1707 ad
1784 1674 1947 1707 nostrum

315 1732 594 1777 beneplacitum,
612 1733 648 1765 et
663 1730 759 1773 quod
774 1729 818 1763 de
843 1731 961 1764 cetero
985 1739 1007 1762 a
1029 1727 1359 1772 praedicationibus
1379 1727 1533 1771 publicis
1556 1727 1614 1762 vel
1639 1726 1790 1772 privatis
1816 1727 1948 1762 confes-

317 1788 549 1831 sionibusque
579 1784 768 1821 audiendis
799 1795 913 1819 cesses
939 1782 1082 1827 penitus
1109 1786 1144 1818 et
1166 1783 1325 1817 omnino.
1346 1783 1515 1827 Haecque
1540 1782 1608 1818 tibi
1631 1781 1857 1827 injungimus
1881 1781 1946 1816 sub

311 1844 520 1887 juramento
536 1843 572 1876 et
587 1841 633 1875 ad
648 1841 718 1875 hoc
732 1842 768 1875 te
791 1841 899 1883 atque
921 1839 960 1873 in
983 1837 1146 1882 expensis
1169 1837 1342 1882 legitimis
1370 1837 1554 1873 taxatione
1577 1839 1760 1873 reservata
1786 1836 1948 1872 condem-

317 1909 445 1932 namus
460 1895 556 1930 iniis
571 1896 725 1940 seriptis.

363 1953 442 1994 Qua
473 1951 618 1996 quidem
648 1951 824 1986 sententia
854 1950 905 1985 sic
935 1962 999 1994 per
1030 1961 1105 1991 1105,
1138 1951 1180 1984 ut
1209 1948 1471 1994 praemittitur,
1504 1950 1590 1991 lata,
1623 1950 1805 1993 praefatus
1835 1949 1948 1984 frater

317 2008 539 2043 Wilhelmus
566 2008 610 2041 de
638 2005 898 2041 Hildernissem
925 2006 1074 2040 eandem
1098 2007 1215 2040 ratam
1238 2005 1416 2045 habendo,
1442 2004 1686 2048 approbando,
1712 2004 1948 2048 emologando

318 2066 353 2097 et
377 2062 623 2097 confirmando
647 2061 766 2096 statim
790 2061 904 2105 ipsam
929 2061 1054 2096 devote
1082 2063 1117 2095 et
1143 2059 1332 2094 humiliter
1359 2071 1481 2094 coram
1505 2059 1607 2094 nobis
1635 2061 1809 2103 quantum
1825 2058 1950 2094 debuit

319 2116 530 2161 adimplevit
556 2116 873 2160 revocationesque
903 2119 938 2150 et
969 2115 1214 2160 abjurationes
1241 2114 1309 2149 sibi
1341 2114 1523 2159 injunctas
1550 2114 1714 2149 faciendo
1745 2113 1889 2158 publice
1915 2116 1951 2149 et

319 2183 482 2215 expresse
503 2174 610 2214 atque
628 2172 853 2215 praestando.
867 2170 1084 2213 ‘promittens
1100 2169 1208 2204 etiam
1226 2172 1261 2204 et
1276 2170 1398 2204 volens
1415 2169 1528 2212 ipsam
1545 2168 1698 2203 ulterius
1713 2168 1901 2203 humiliter
1915 2170 1952 2203 et

318 2226 445 2260 devote
460 2225 613 2260 ubilibet
628 2226 791 2260 locorum
809 2225 846 2259 in
862 2226 987 2259 eadem
1011 2224 1283 2268 designatorum
1299 2224 1497 2258 secundum
1513 2223 1625 2266 ipsius
1641 2222 1900 2258 continentiam
1916 2224 1952 2257 et

318 2283 479 2315 tenorem
492 2281 625 2324 absque
638 2281 727 2314 falso
740 2291 802 2315 seu
816 2279 960 2314 fictione
974 2279 1259 2322 quibuscumque
1276 2281 1398 2313 tenere
1411 2280 1446 2313 et
1457 2277 1655 2321 adimplere
1669 2278 1775 2312 modo
1788 2279 1823 2312 et
1834 2278 1951 2312 forma

319 2334 572 2378 suprascriptis
596 2338 632 2370 et
657 2334 696 2368 in
723 2335 847 2369 eadem
875 2333 984 2368 latius
1010 2333 1196 2377 expressis.
1226 2333 1268 2367 In
1297 2344 1451 2376 quorum
1480 2331 1642 2366 omnium
1665 2334 1701 2366 et
1723 2331 1950 2376 singulorum

319 2389 599 2434 praemissorum
615 2389 860 2425 testimonium
877 2390 1080 2432 praesentes
1097 2387 1247 2429 litteraS,
1266 2386 1479 2422 sententiam
1497 2389 1532 2422 01
1547 2385 1811 2421 ordinationem
1827 2398 1949 2431 supra-

319 2445 470 2489 scriptas
495 2446 534 2480 in
563 2458 599 2481 se
623 2458 705 2480 cum
728 2445 957 2481 revocatione
979 2445 1139 2490 ejusdem
1162 2443 1284 2479 fratris
1307 2443 1499 2479 Wilhelmi
1530 2445 1565 2478 et
1587 2442 1815 2487 abjuratione
1838 2443 1950 2478 conti-

321 2503 456 2542 000105,
471 2512 535 2544 per
547 2501 719 2536 dilectum
733 2503 768 2536 et
781 2501 922 2535 fidelem
939 2502 1102 2534 nostrum
1118 2498 1300 2534 notarium
1316 2497 1588 2541 infrascriptum
1604 2497 1642 2532 in
1658 2497 1753 2532 hane
1767 2497 1951 2542 publicam

320 2555 472 2590 formam
490 2555 569 2590 fieri
586 2558 620 2590 et
635 2555 753 2600 redigi
770 2554 1033 2596 mandavimus,
1053 2565 1095 2588 ac
1111 2565 1184 2588 una
1202 2565 1284 2588 cum
1301 2552 1414 2588 nostri
1430 2551 1542 2597 sigilli
1558 2551 1776 2596 appensione
1791 2551 1896 2597 signo
1916 2555 1952 2588 et

320 2611 582 2654 subscriptione
598 2610 672 2645 suis
688 2610 869 2645 voluimus
886 2609 1088 2644 munimine
1104 2609 1280 2644 roborari.

363 2666 493 2699 Actum
511 2668 546 2700 et
561 2666 685 2700 datum
701 2665 740 2699 in
756 2664 890 2708 palatio
907 2667 1028 2699 nostro
1053 2663 1247 2707 episcopali
1266 2661 1514 2698 Cameracensi
1531 2662 1597 2696 sub
1613 2673 1708 2697 anno
1724 2662 1770 2696 ab
1785 2661 1950 2697 incarna-

319 2719 416 2754 tione
440 2720 585 2754 Domini
609 2719 800 2754 millesimo
825 2717 1180 2763 quadringentesimo
1203 2717 1406 2757 undecimo,
1432 2715 1629 2750 indictione
1653 2718 1793 2760 quarta,
1819 2715 1951 2751 mensis

319 2786 404 2808 vero
428 2774 525 2817 Junij
552 2774 609 2809 die
631 2774 855 2815 duodecima,
875 2773 1127 2817 ponctificatus
1150 2771 1366 2807 sanctissimi
1390 2771 1428 2805 in
1453 2770 1595 2806 Christo
1619 2770 1732 2814 patris
1753 2773 1790 2806 et
1811 2770 1950 2806 domini

319 2828 431 2863 nostri
448 2828 584 2863 domini
601 2828 776 2863 Johannis
793 2827 918 2863 divina
943 2827 1170 2872 providentia
1194 2838 1306 2871 papae
1329 2825 1457 2860 XXIII
1480 2836 1575 2860 anno
1598 2825 1766 2867 secundo,
1784 2837 1949 2869 praesen-

319 2884 415 2919 tibus
429 2884 466 2918 in
479 2884 523 2918 iis
535 2884 733 2919 venerabili
746 2886 781 2919 et
793 2883 964 2927 religioso
977 2883 1123 2918 domino
1135 2883 1270 2918 Jacobo
1283 2882 1412 2916 abbate
1426 2882 1630 2923 monasterij
1647 2880 1770 2916 Sancti
1782 2881 1950 2916 Autberti

322 2939 599 2981 Cameracensis,
618 2951 757 2975 necnon
780 2938 1046 2974 venerabilibus
1069 2941 1105 2974 et
1127 2936 1395 2983 circumspectis
1418 2935 1506 2971 viris
1529 2935 1683 2971 dominis
1705 2938 1741 2971 01
1763 2935 1948 2981 magistris

2068 1659 2081 1754 “anf-o
2068 1611 2074 1651 —-
2067 1596 2070 1597 ¹
2067 1575 2070 1580 ·
2070 1526 2071 1529 „
