2097 3466
322 266 384 300 418
1002 264 1135 300 ANNO
1161 266 1263 300 1466

314 357 542 401 corrigendo,
577 355 637 390 sed
670 355 862 398 laudando,
891 368 964 391 non
991 356 1222 398 infirmando,
1254 356 1314 392 sed
1343 357 1567 398 admirando,
1593 367 1668 393 non
1696 357 1851 402 denique
1877 358 1940 394 illa

315 412 555 452 fortificando,
573 410 631 443 sed
649 421 731 445 cum
756 412 853 445 omni
879 410 1086 445 humilitate
1103 415 1137 446 et
1161 411 1366 446 reuerentia
1390 422 1454 455 pro
1471 411 1644 447 exercitio
1667 411 1842 455 ingenioli
1865 413 1940 449 zelo

315 467 397 501 fidei
422 470 456 499 et
480 464 702 508 obligatione
732 466 889 509 precepti
915 465 1023 500 vestri
1047 477 1088 500 ea
1112 466 1317 508 recolendo,
1344 466 1542 507 dilatando,
1571 467 1851 510 propalando...
1878 468 1938 512 (1),

356 521 513 555 Omnino
529 519 718 563 acquiesco
742 519 869 553 ultime
893 519 1104 553 resolutioni
1129 523 1245 554 vestre
1268 519 1307 554 in
1332 519 1403 554 fine
1426 519 1703 564 improbationis
1726 520 1841 564 prime
1863 520 1937 564 opi-

311 576 429 612 nionis
453 574 577 618 posite,
605 585 674 617 que
705 573 831 618 utique
854 574 1042 609 sanissima
1072 580 1124 610 est
1151 574 1352 610 certissima
1378 579 1412 610 et
1435 576 1615 610 catholica
1637 573 1818 616 videlicet,
1842 574 1937 618 quod

310 631 397 667 talia
425 630 596 673 dogmata
626 633 710 664 sunt
740 630 945 674 sepelienda
970 642 1034 665 nec
1066 630 1105 664 in
1134 630 1278 674 scriptis
1308 631 1593 666 commendanda
1624 642 1690 666 nec
1721 631 1759 665 in
1792 630 1936 675 publico

310 696 432 721 coram
455 684 740 728 quibuscumque
765 685 999 729 propalanda,
1018 685 1208 728 presertim
1232 690 1354 721 tamen
1379 697 1451 721 non
1474 690 1526 721 est
1549 685 1775 730 simplicibus
1791 689 1826 721 et
1847 685 1937 721 leui—

307 741 385 782 bus,
402 750 557 783 quorum
573 750 706 784 magna
731 743 783 774 est
807 739 910 783 copia
935 739 972 774 in
989 739 1141 774 ecclesia
1160 739 1237 780 Dei,
1265 751 1286 774 a
1310 739 1482 775 litteratis
1497 740 1586 775 viris
1601 739 1833 785 predicanda,
1853 751 1936 776 cum

306 805 371 838 per
384 792 470 828 talia
487 793 657 838 dogmata
673 797 805 838 cogant
821 805 881 829 eos
897 793 962 829 etsi
988 805 1059 829 non
1077 793 1175 829 viros
1199 794 1237 828 in
1255 794 1338 830 fidei
1356 795 1507 830 veritate
1531 795 1696 830 robustos
1711 794 1884 830 vacillare
1900 798 1936 831 et

307 849 531 885 orcasionem
549 849 693 884 errandi
719 854 753 884 et
776 849 819 884 de
843 850 951 884 certis
967 849 1156 884 dubitandi
1182 849 1359 885 inuenire.
1386 849 1495 885 Modo
1510 850 1633 885 videre
1656 848 1695 884 in
1713 859 1754 884 eo
1776 848 1842 884 iste
1865 849 1935 885 due

306 906 568 951 propositiones
596 915 668 941 non
693 909 776 940 sunt
799 906 844 940 ab
869 916 992 940 errore
1016 905 1073 940 vel
1100 904 1234 939 erroris
1258 904 1446 940 occasione
1474 904 1602 947 aliene,
1631 915 1715 939 cum
1741 903 1934 940 videantur

306 972 429 995 errore
458 960 591 1003 Eluidij
622 961 756 1001 fauere,
782 960 845 1003 qui
872 959 965 994 dixit
991 959 1148 994 Mariam
1178 963 1330 995 matrem
1359 959 1505 994 Domini
1534 963 1614 1004 post
1639 961 1783 1003 partum
1810 957 1887 994 eius
1912 969 1935 994 a

304 1014 436 1058 Joseph
453 1014 637 1059 cognitam
655 1019 690 1049 et
713 1013 803 1048 alios
828 1014 921 1049 filios
945 1013 1134 1058 peperisse,
1152 1015 1240 1057 quia
1257 1012 1287 1048 si
1310 1013 1522 1049 conceditur
1537 1013 1632 1057 quod
1656 1012 1839 1048 Johannes
1862 1013 1932 1049 fuit

305 1070 381 1104 eius
398 1068 494 1104 filius
511 1069 688 1104 naturalis
705 1074 739 1103 et
756 1068 935 1112 scriptura
953 1079 1055 1102 sacra
1072 1079 1144 1102 non
1169 1068 1255 1102 facit
1279 1068 1498 1103 mentionem
1523 1067 1636 1111 ipsam
1653 1067 1834 1111 peperisse
1849 1078 1931 1102 cum

304 1124 527 1169 virginitatis
543 1125 681 1159 honore
704 1123 773 1159 nisi
799 1123 994 1165 Christum,
1013 1123 1176 1167 sequitur
1192 1124 1299 1166 quod,
1317 1125 1345 1158 si
1369 1123 1461 1158 alios
1483 1123 1664 1164 habuerit,
1689 1121 1768 1166 ipsa
1795 1121 1837 1157 fit
1858 1133 1932 1157 sus-

303 1186 405 1223 pecta
422 1180 465 1214 de
481 1178 704 1224 virginitatis
728 1179 935 1220 violatione,
956 1190 1028 1213 non
1045 1179 1209 1214 obstante
1238 1190 1465 1222 quocumque
1481 1177 1607 1213 subtili
1630 1177 1736 1212 modo
1751 1176 1931 1212 saluandi.

305 1234 536 1278 Quapropter
558 1233 688 1269 merito
711 1233 801 1268 tales
825 1233 1043 1269 subtilitates
1067 1237 1288 1277 respuuntur
1311 1234 1356 1268 ab
1379 1233 1461 1276 hijs,
1480 1233 1542 1276 qui
1566 1231 1605 1266 in
1628 1242 1731 1266 sacra
1753 1230 1934 1275 scriptura

305 1288 413 1333 periti
432 1288 601 1324 existunt.

349 1341 437 1382 Quis
460 1343 557 1378 enim
582 1345 722 1378 amator
737 1342 914 1377 catholice
932 1341 1094 1377 veritatis
1119 1353 1161 1376 ac
1185 1341 1302 1376 diuini
1329 1340 1478 1376 honoris
1502 1340 1592 1376 tales
1615 1339 1807 1384 prestigias
1830 1340 1930 1375 fabu-

304 1397 468 1440 losasque
492 1397 628 1439 nenias,
647 1402 687 1432 ut
713 1397 764 1431 ita
781 1397 910 1437 dicam,
937 1407 1010 1431 non
1034 1396 1156 1431 statim
1182 1396 1317 1431 abiciat
1340 1400 1375 1430 et
1397 1394 1660 1439 condempnet?
1685 1393 1810 1430 Sermo
1834 1395 1931 1430 enim

303 1451 494 1496 theologus
517 1451 622 1486 debet
646 1463 720 1486 esse
743 1451 955 1492 catholicus,
974 1451 1139 1492 usitatus,
1164 1451 1208 1485 ab
1235 1450 1422 1485 intellectu
1452 1461 1525 1485 non
1549 1449 1714 1484 dissonus
1735 1453 1770 1484 et
1792 1449 1846 1484 rei
1867 1460 1930 1484 seu

302 1506 446 1541 veritati
471 1517 672 1549 consonus;
691 1506 784 1541 unde
801 1517 873 1540 non
897 1505 1057 1540 admittit
1081 1505 1203 1548 plures
1219 1504 1480 1549 propositiones
1497 1504 1698 1548 ambiguas
1715 1513 1785 1547 que
1806 1506 1928 1539 tamen

304 1560 438 1595 bonum
456 1564 598 1604 possent
620 1560 753 1594 habere
770 1559 1007 1601 intellectum,
1027 1571 1068 1593 eo
1084 1561 1178 1602 quod
1204 1559 1319 1593 errori
1343 1571 1404 1593 seu
1421 1558 1540 1593 heresi
1563 1558 1685 1593 fauere
1700 1561 1844 1602 possent
1866 1562 1929 1594 aut

301 1615 521 1657 viderentur,
540 1615 657 1658 qualis
673 1619 725 1650 est
740 1625 857 1650 sermo
874 1614 1005 1649 harum
1021 1615 1321 1658 propositionum.
1341 1614 1404 1648 Est
1428 1613 1524 1648 enim
1545 1624 1718 1648 erroneus
1732 1617 1797 1649 aut
1813 1613 1928 1649 errori

300 1669 443 1704 vicinus
467 1673 502 1704 et
519 1670 613 1704 male
629 1670 672 1704 de
689 1681 726 1704 se
748 1668 992 1712 intelligibilis
1017 1672 1052 1703 et
1078 1668 1159 1703 ideo
1177 1669 1277 1703 nullo
1302 1668 1407 1703 modo
1431 1667 1470 1702 in
1492 1667 1665 1703 cathedra
1688 1672 1751 1704 aut
1771 1668 1811 1704 in
1831 1669 1928 1705 scola

299 1724 555 1759 admittendus.
576 1723 680 1764 Quod
697 1724 726 1757 si
743 1724 854 1758 verba
871 1723 978 1757 fidem
995 1722 1232 1758 christianam
1250 1722 1492 1767 exprimentia
1506 1723 1638 1757 debent
1652 1735 1728 1758 esse
1743 1723 1788 1758 ab
1804 1735 1926 1760 errore

297 1779 509 1824 longinqua,
527 1783 567 1814 ut
590 1779 727 1814 dictum
744 1782 807 1820 est,
827 1782 862 1813 et
877 1777 992 1813 eciam
1017 1778 1249 1813 deuotionem
1273 1778 1435 1812 fidelium
1452 1777 1628 1820 fouentia,
1646 1778 1804 1814 maxime
1819 1779 1925 1815 debet

299 1834 369 1868 hoc
385 1833 523 1868 seruari
540 1834 657 1877 quoad
671 1844 713 1868 ea
729 1833 768 1868 in
781 1833 912 1876 quibus
925 1836 977 1867 est
993 1844 1108 1868 sermo
1126 1833 1169 1868 de
1184 1836 1300 1867 matre
1313 1832 1379 1867 Dei
1396 1831 1516 1867 Maria
1528 1831 1673 1876 virgine
1687 1833 1924 1876 sanctissima.

298 1900 369 1932 que
391 1890 467 1924 sola
491 1893 639 1924 cunctas
661 1889 804 1924 hereses
831 1889 1017 1923 interemit
1044 1889 1082 1923 in
1110 1888 1281 1924 uniuerso
1308 1888 1444 1923 mundo
1471 1887 1660 1923 veritatem
1683 1888 1723 1924 in
1744 1900 1782 1924 se
1804 1890 1923 1925 conci-

298 1945 427 1988 piendo
445 1956 486 1979 ac
507 1944 679 1989 pariendo
696 1948 730 1979 et
747 1955 810 1988 per
825 1944 894 1978 hoc
912 1944 1088 1978 mundum
1106 1943 1347 1979 illuminando
1364 1954 1406 1978 ac
1422 1942 1756 1979 reconciliationem
1772 1944 1924 1981 humani

298 2000 442 2043 generis
465 1999 720 2043 promerendo.
741 1998 970 2042 Quapropter
986 1998 1117 2033 merito
1134 2010 1221 2043 erga
1239 2010 1318 2033 eam
1343 1998 1470 2033 ardere
1490 1998 1596 2033 debet
1617 1998 1735 2033 omnis
1759 1998 1925 2036 christia-

298 2066 427 2089 norum
455 2054 599 2089 deuotio
624 2059 659 2089 et
687 2065 752 2098 pro
781 2054 857 2089 eius
885 2054 1021 2088 honore
1045 2054 1234 2098 insurgere
1257 2054 1431 2088 aduersus
1458 2064 1540 2088 suos
1563 2053 1866 2098 calumpniatores
1889 2059 1926 2092 et

296 2111 514 2144 detractores
530 2110 628 2144 fatua
644 2110 830 2152 loquentes
846 2120 1009 2152 vanaque
1025 2108 1063 2143 in
1080 2109 1189 2143 corde
1205 2107 1450 2152 concipientes
1466 2120 1507 2142 ac
1525 2108 1634 2143 telam
1652 2119 1783 2145 aranee
1799 2113 1920 2147 texen-

297 2171 361 2208 tes,
380 2166 510 2208 quibus
534 2165 635 2199 iuxta
655 2165 805 2199 verbum
831 2163 1036 2208 philosophi
1062 2164 1178 2208 primo
1195 2163 1350 2198 elencis:
1372 2177 1388 2190 α
1415 2162 1535 2207 Magis
1557 2174 1664 2207 opere
1687 2165 1848 2206 precium
1872 2169 1926 2202 est

296 2220 411 2254 videri
435 2231 509 2254 esse
526 2220 724 2263 sapientem
741 2230 850 2262 quam
875 2230 965 2253 esse.
988 2235 1005 2254 n
1031 2217 1211 2258 Quocirca
1235 2218 1386 2252 ambitio
1401 2229 1463 2252 seu
1479 2217 1624 2253 curiosa
1638 2218 1778 2254 vanitas
1800 2220 1925 2256 iuncta

297 2274 448 2309 stultitia
465 2278 500 2309 et
523 2273 786 2318 presumptioni
803 2274 903 2318 cogit
925 2274 1014 2308 tales
1038 2272 1171 2308 cotidie
1187 2284 1282 2308 noua
1300 2273 1438 2318 fingere
1454 2277 1490 2308 et
1505 2273 1637 2308 cudere
1662 2276 1702 2308 ut
1727 2274 1921 2315 famentur,

297 2331 357 2367 sed
374 2331 497 2375 pocius
513 2330 686 2366 dixerim:
706 2334 746 2365 ut
757 2329 1002 2371 diffamentur,
1021 2341 1162 2364 necnon
1179 2329 1367 2364 sanissima
1383 2331 1528 2372 patrum
1543 2339 1692 2364 suorum
1707 2328 1925 2364 documenta

296 2387 567 2430 floccipendere,
586 2387 759 2421 aduersus
781 2386 872 2421 illud
891 2385 1092 2429 Sapientis:
1115 2394 1131 2412 α
1150 2385 1256 2427 Audi,
1277 2384 1341 2427 fili,
1360 2395 1561 2420 sermonem
1580 2384 1693 2428 patris
1715 2385 1787 2420 tui.
1811 2400 1827 2414 n
1845 2384 1924 2420 Hoc

296 2442 392 2477 enim
410 2446 461 2477 est
475 2453 590 2486 genus
604 2441 806 2483 hominum,
825 2440 888 2484 qui
912 2441 1014 2476 iuxta
1029 2440 1210 2475 comicum
1225 2440 1378 2475 verbum
1394 2439 1433 2474 in
1449 2438 1626 2474 Eunucho
1643 2451 1717 2474 esse
1733 2438 1869 2483 primos
1883 2451 1921 2475 se

295 2498 457 2532 omnium
482 2509 604 2533 rerum
629 2498 766 2538 volunt,
787 2495 951 2531 omnium
976 2495 1116 2531 scilicet
1139 2495 1344 2531 nouitatum
1368 2495 1577 2531 inuentores
1602 2498 1637 2530 et
1660 2494 1699 2530 in
1721 2494 1822 2530 omni
1845 2498 1922 2530 arte

295 2558 331 2589 et
346 2552 495 2588 scientia
512 2553 725 2597 precipuos3
744 2563 810 2586 nec
827 2556 948 2586 tamen
965 2554 1061 2592 sunt,
1079 2554 1120 2586 ut
1136 2551 1204 2586 ait.

339 2608 500 2649 Quorum
516 2619 686 2652 magnam
702 2607 773 2651 hijs
789 2606 926 2647 diebus,
944 2606 1058 2650 proch
1081 2607 1209 2650 pudor,
1226 2605 1379 2650 copiam,
1405 2608 1444 2640 ut
1468 2604 1607 2647 audiui,
1632 2604 1784 2640 sustinet
1806 2607 1922 2640 mater

295 2668 417 2699 nostra
443 2663 662 2697 uniuersitas
690 2660 947 2706 [Parisiensis]‚
981 2660 1044 2704 qui
1067 2660 1212 2704 proprie
1234 2660 1351 2706 glorie
1373 2663 1542 2695 vacantes
1572 2659 1760 2704 opiniones
1781 2658 1922 2703 aliquas

296 2718 473 2760 antiquas,
491 2716 710 2760 periculosas
733 2715 888 2758 fideique
901 2718 936 2750 et
958 2715 1161 2750 deuotionis
1183 2715 1414 2750 subuersiuas
1435 2725 1548 2758 usque
1569 2714 1610 2749 in
1631 2713 1697 2748 hos
1720 2713 1796 2750 dies
1810 2725 1922 2759 prope

296 2773 478 2817 neglectas
501 2771 573 2806 iam
597 2771 787 2816 propalare
811 2781 853 2805 ac
876 2780 940 2814 per
962 2781 1075 2806 nouas
1099 2770 1320 2814 friuolasque
1343 2770 1559 2805 confirmare
1582 2771 1618 2804 et
1639 2768 1791 2804 dilatare
1813 2772 1921 2813 atque

338 2940 384 2987 (l)
409 2939 544 2987 Hierop
560 2942 691 2988 volgen
706 2953 785 2980 zeer
800 2942 1027 2988 uitgebreide
1050 2941 1293 2987 godgeleerde
1308 2939 1583 2986 uitweidingen·

2081 2540 2097 2738 -0cquexnflff
2091 2493 2094 2499 -
2094 2415 2097 2445 ,Α

2071 3115 2097 3457 Ὺ”““ἿΜ-έ-“,Φ<“·
2081 3072 2094 3091 ,ν
2073 3010 2097 3037 ζμ,
2080 2978 2082 2982 ἡ
