2097 3466
823 227 956 262 ANNO
984 228 1079 261 1491
1702 230 1764 262 405

141 329 252 363 parva
267 319 377 354 corda
394 319 525 354 nodosa
553 330 613 353 sou
642 318 743 354 nodis
766 319 871 363 plena
904 318 1023 362 ligari.
1044 321 1082 353 ut
1105 317 1227 352 taliter
1242 318 1336 361 quod
1353 321 1479 352 testam
1503 318 1662 354 intrabat
1683 318 1764 358 sibi,

141 373 237 416 quod
252 373 446 418 sortilegus
463 377 497 408 et
520 373 701 407 valderius
717 376 806 414 erat,
826 373 1062 416 improbando
1077 372 1228 415 astringi
1245 385 1253 414 ς
1272 376 1305 406 ct
1330 372 1473 414 iterum,
1492 373 1587 416 quod
1609 384 1651 407 ea
1676 383 1767 416 quac

140 428 186 462 ab
209 439 251 463 eo
279 428 447 471 petebant
474 427 623 462 minime
652 428 841 468 fatebatur,
859 428 995 462 dictum
1020 429 1097 470 ejus
1121 430 1229 470 caput
1251 427 1364 461 altera
1387 427 1566 470 grossiore
1589 427 1710 468 corda,
1730 431 1768 462 ut

139 482 241 526 prius
257 482 400 523 nodata,
416 494 560 518 rursum
579 482 686 526 ligari
703 486 738 517 ct.
755 481 905 526 astringi
920 494 928 524 3
949 482 1138 525 pluresque
1151 481 1240 515 alios
1256 481 1443 517 occasione
1454 483 1571 517 dictae
1587 481 1767 517 valderiae

140 547 205 580 per
220 548 280 571 eos
297 541 462 572 oneratos
478 541 513 572 et
537 537 778 572 incarceratos
809 548 917 580 super
931 537 1054 580 aliquo
1070 548 1215 571 scamno
1232 537 1395 580 pluribus
1412 537 1556 571 funibus
1572 550 1632 572 scu
1650 537 1768 572 cordis

139 591 271 636 ligatos
296 591 453 632 extendi,
481 603 623 634 unoque
655 592 754 625 srcno
786 603 846 626 seu
881 592 1000 634 bajulo
1029 595 1091 625 aut
1118 591 1245 625 baculo
1272 591 1317 625 ad
1344 602 1501 625 morsum
1529 596 1612 635 apto
1645 591 1682 625 in
1707 602 1768 625 ore

139 645 334 691 cujtislibct
359 646 551 689 applicato,
579 657 685 680 unam
714 657 844 689 aquam
873 646 1017 680 situlam
1043 657 1106 689 per
1132 645 1327 689 quemlibet
1352 646 1479 689 potari,
1499 647 1674 690 pluraque
1697 646 1768 680 alia

138 702 330 742 tormenta,
348 700 531 744 gehennas
548 705 583 735 et
601 701 763 735 crudeles
779 701 912 744 absque
929 701 1051 744 aliquo
1068 705 1348 744 temperamento
1366 700 1442 734 ficri
1456 713 1464 743 ;
1483 712 1621 734 necnon
1637 700 1766 743 magis-

138 759 235 790 trum
264 755 463 790 Antonium
493 755 707 799 Saqucspcv,
738 756 901 798 quamvis
929 756 1003 799 ipse
1031 756 1074 790 de
1102 755 1308 799 supradicto
1332 756 1483 790 crimine
1506 755 1681 800 sortilegii
1705 766 1766 790 seu

138 810 321 845 valderiae
337 809 486 844 minime
502 817 688 854 suspectus
712 815 814 852 esset,
848 811 1090 854 quaestionari
1115 815 1150 845 et
1175 811 1349 846 torturari
1373 812 1544 852 fecerant,
1563 811 1623 845 sed
1650 811 1765 854 ipsum

139 865 366 909 postmodum
397 876 531 909 magna
564 865 796 900 denariorum
825 877 975 906 summa,
1005 866 1050 899 ab
1077 877 1118 899 eo
1147 877 1209 908 per
1234 877 1295 899 eos
1321 870 1472 907 extorta,
1501 866 1692 907 mediante,
1722 867 1767 900 ad

137 921 283 956 domum
299 932 401 956 suam
418 920 629 956 remiserant
644 935 653 964 ς
671 926 706 955 et
722 921 943 966 paritet-jain
969 921 1105 955 dictum
1129 921 1304 956 «loannem
1321 923 1364 956 de
1382 923 1476 966 Bary
1502 922 1766 966 prisonnicruin

138 976 436 1019 mancipaverant
464 987 506 1009 ac
536 975 573 1009 in
603 979 780 1010 torturam
810 982 1015 1019 posuerant,
1034 976 1245 1019 plantasque
1275 987 1421 1010 suorum
1450 978 1580 1020 pedum
1611 977 1769 1011 candelis

139 1031 349 1066 ardentibus
372 1031 540 1072 cremari,
559 1032 678 1066 oleum
707 1037 741 1066 et
770 1037 910 1066 acetum
940 1031 977 1065 in
1002 1033 1078 1076 ejus
1105 1043 1234 1075 corpus
1261 1032 1425 1075 ponendo
1448 1044 1509 1067 seu
1533 1033 1766 1074 infundendo,

139 1087 328 1131 ipsumque
359 1098 446 1132 erga
478 1099 538 1122 eos
572 1087 610 1121 in
642 1099 812 1131 magnam
848 1087 1079 1122 denariorum
1111 1099 1287 1122 summam
1326 1087 1482 1132 obligari
1518 1089 1767 1132 procurando3

139 1141 286 1185 insuper
318 1146 351 1177 et
385 1146 458 1178 tres
488 1142 640 1177 feminas
670 1154 732 1177 seu
764 1143 933 1177 mulieres
964 1142 1172 1186 dictumque
1199 1143 1374 1177 Joannem
1401 1144 1445 1178 de
1473 1144 1586 1177 Bosco
1608 1144 1711 1178 valde
1734 1148 1770 1178 et

139 1195 388 1232 inhumaniter
404 1198 577 1232 torturari
594 1202 628 1233 et
646 1198 889 1242 quaestionari
906 1199 1065 1233 fecerant
1080 1211 1088 1241 ;
1107 1202 1142 1233 et
1157 1198 1243 1232 dum
1261 1199 1455 1242 praemissa
1471 1204 1678 1242 agerentur,
1690 1200 1768 1243 Jam

139 1250 258 1286 dictus
285 1251 319 1286 le
343 1252 521 1294 Brossart,
540 1252 790 1296 inquisitorem
815 1265 852 1288 se
879 1252 959 1287 fidei
985 1252 1119 1293 dicens,
1138 1253 1253 1287 eidem
1274 1253 1404 1288 ,loanni
1428 1254 1471 1288 de
1488 1255 1602 1289 Bosco
1625 1265 1767 1299 persua-

141 1309 238 1341 serat
253 1309 289 1341 et
303 1306 455 1349 dixerat,
474 1308 569 1351 quod
592 1319 674 1342 cum
698 1308 793 1342 idem
819 1308 1069 1351 inquisitorem
1093 1320 1129 1341 se
1153 1307 1275 1342 dicens
1304 1319 1504 1343 sermonem
1528 1310 1659 1353 populo
1683 1310 1768 1344 fate-

139 1363 252 1403 retur,
271 1362 416 1406 publice
432 1363 465 1397 ei
481 1363 726 1406 responderet,
744 1362 881 1406 alioqui
898 1362 1016 1406 ipsum
1032 1362 1075 1397 de
1092 1362 1206 1396 Bosco
1227 1374 1335 1406 super
1350 1363 1588 1399 scalfaudium
1605 1364 1768 1399 comburi

138 1426 200 1450 seu
216 1417 369 1451 cremari
386 1418 505 1452 facere
521 1419 678 1454 minatus
694 1419 822 1454 fuerat.

182 1471 334 1508 Dicebat
360 1476 547 1517 praeterea
570 1474 688 1510 dictus
710 1475 754 1510 de
771 1474 971 1516 Belloforti,
991 1474 1085 1518 quod
1109 1474 1296 1509 occasione
1320 1475 1524 1519 praedictae
1550 1475 1769 1512 inventionis

138 1527 255 1564 dietae
272 1528 455 1564 valderiae
478 1529 544 1564 sub
562 1529 682 1564 colore
700 1530 865 1574 justitiae
881 1529 990 1564 occisi
1014 1532 1050 1564 et
1072 1529 1252 1565 interfecti
1275 1531 1318 1564 de
1334 1531 1517 1574 praedicto
1533 1531 1685 1566 crimine
1701 1532 1769 1567 sibi

139 1584 308 1628 imposito
324 1584 474 1619 minime
491 1585 688 1628 culpabiles
704 1586 780 1620 fore
797 1588 833 1620 et
847 1585 969 1629 plures
985 1584 1086 1626 alios,
1105 1585 1167 1628 qui
1184 1585 1338 1620 crimina
1353 1597 1415 1621 seu
1431 1597 1556 1621 causas
1572 1587 1769 1631 supradicti

139 1639 319 1685 sortilegii
347 1640 481 1675 scelere
506 1640 574 1674 sibi
599 1640 784 1684 impositos
801 1643 1045 1684 cognoverant
1067 1651 1128 1674 seu
1157 1639 1308 1674 confessi
1332 1641 1487 1683 fuerant,
1505 1642 1638 1686 absque
1665 1642 1767 1686 puni—

139 1695 251 1736 tione,
265 1694 362 1739 juris
385 1694 511 1729 ordine
535 1706 607 1730 non
635 1698 787 1736 servato,
812 1695 976 1729 dimissos
997 1706 1059 1729 seu
1086 1695 1230 1729 relictos
1257 1695 1376 1737 fuisse,
1407 1699 1442 1731 et
1464 1695 1533 1731 hoc
1557 1708 1621 1741 per
1642 1708 1767 1732 eorum

139 1761 324 1794 processus
341 1753 505 1785 constare
527 1762 667 1794 semper
682 1751 965 1791 declaraveram,
983 1754 1018 1784 et
1040 1749 1078 1783 in
1102 1749 1350 1795 hujuscemodi
1375 1751 1556 1794 proposito
1585 1751 1718 1796 injuste
1733 1755 1769 1787 et

140 1806 275 1850 absque
289 1817 397 1840 causa
410 1811 610 1841 extremum
625 1806 720 1840 vitae
732 1805 949 1850 supplicium
966 1805 1168 1848 subierant;
1188 1808 1222 1840 et
1237 1810 1400 1849 respectu
1411 1807 1488 1850 jam
1502 1805 1589 1840 dicti
1604 1806 1769 1850 Hugonis

140 1863 298 1906 Aymery
317 1862 408 1897 alias
432 1863 674 1904 Pati-enostre,
694 1862 769 1905 ipse
796 1862 888 1896 sieut
915 1861 979 1895 alii
1007 1864 1143 1905 captus,
1161 1861 1419 1903 incarceratus,
1438 1861 1572 1905 ligatus
1595 1865 1631 1896 e't
1653 1861 1767 1896 oculis

140 1917 290 1958 velatus
306 1929 414 1961 super
429 1928 538 1952 unam
556 1917 717 1961 riparum
735 1917 933 1951 conductus
949 1917 1146 1957 exstiterat,
1161 1916 1301 1960 sibique
1313 1917 1408 1960 quod
1425 1928 1534 1952 onera
1549 1928 1657 1960 super
1671 1917 1767 1952 dieto

141 1972 294 2007 crimine
312 1973 380 2007 sibi
411 1972 579 2017 imposita
602 1974 846 2014 confiteretur,
861 1973 951 2007 alias
967 1972 1042 2016 ipso
1059 1973 1153 2007 facto
1169 1972 1462 2016 submergeretur
1476 1973 1612 2007 dictum
1629 1973 1767 2016 fuerat3

142 2031 288 2072 propter
313 2029 408 2072 quod
432 2030 678 2075 peragendum
705 2030 792 2064 dicti
820 2030 1035 2064 deffensores
1058 2028 1209 2063 eundem
1237 2029 1394 2072 Aymery
1418 2028 1561 2062 cuidam
1585 2027 1766 2069 servienti,

141 2096 248 2128 quem
279 2085 324 2119 ad
351 2097 453 2119 suam
482 2085 661 2129 loquelam
690 2088 919 2129 cognoverat,
945 2083 1172 2119 tradiderunt
1198 2084 1536 2127 liberaveruntque3
1562 2084 1622 2118 sed
1649 2091 1769 2127 postea

143 2139 220 2183 ipso
253 2140 450 2175 readducto
477 2139 564 2174 dicti
597 2139 754 2174 intimati
785 2142 820 2174 et
850 2139 1064 2173 deffensores
1091 2139 1243 2173 cundem
1272 2139 1430 2182 quinque
1458 2139 1513 2173 vel
1543 2150 1604 2173 sex
1630 2138 1770 2173 vicibus

143 2195 278 2238 absque
295 2194 417 2238 aliqua
441 2195 624 2238 temperie,
643 2195 704 2228 sed
725 2205 806 2228 cum
823 2194 981 2228 maxima
997 2193 1196 2234 severitate,
1216 2193 1324 2227 nullis
1348 2192 1492 2227 indiciis
1507 2193 1608 2227 novis
1624 2192 1767 2235 habitis,

144 2249 496 2293 quaestionaverant,
516 2253 551 2284 et
567 2249 669 2284 illum
684 2249 919 2283 nihilominus
935 2248 1174 2283 inconfessum
1188 2251 1223 2282 et
1239 2259 1310 2282 non
1325 2248 1529 2283 convictum
1543 2259 1603 2283 seu
1621 2248 1769 2284 testibus

142 2308 350 2349 superatum
382 2305 526 2349 publice
553 2304 755 2349 praedicari
787 2307 964 2348 caputque
988 2303 1112 2338 mitti-a
1138 2305 1215 2347 ejus
1241 2303 1426 2347 praecingi
1455 2304 1624 2345 fecerant,
1653 2306 1689 2338 et
1723 2296 1768 2338 ad

144 2370 326 2395 carcerem
356 2371 421 2404 per
451 2359 607 2404 spatium
638 2358 770 2403 viginti
801 2370 979 2393 annornm
1008 2358 1199 2393 tenendum
1229 2359 1577 2400 condemnaverant3
1606 2357 1769 2400 aliusque

145 2414 292 2460 Roguet
313 2418 461 2450 vocatus
477 2419 512 2450 et
536 2418 672 2459 eaptus,
692 2425 831 2448 necnon
850 2415 928 2457 jam
952 2414 1068 2449 dictus
1092 2414 1135 2447 de
1153 2413 1331 2454 Carioeul,
1349 2413 1470 2448 decem
1495 2424 1556 2447 seu
1580 2413 1768 2447 duodecim

142 2469 284 2505 vicibus
312 2473 511 2505 torturatus
538 2482 580 2504 ac
607 2469 736 2504 deinde
762 2469 808 2503 ad
834 2472 984 2503 mortem
1015 2469 1272 2503 condemnatus
1299 2468 1494 2509 exstiterat,
1520 2468 1663 2502 tandem
1686 2479 1770 2502 vero

145 2528 354 2561 exeantatus
359 2554 423 2560 .....
439 2526 486 2560 du
502 2525 669 2561 Carioeul
687 2525 724 2559 in
741 2528 899 2560 mercato
915 2525 1150 2559 Atrebatense
1163 2524 1328 2565 existens,
1347 2525 1442 2567 quod
1459 2525 1629 2559 innocens
1641 2524 1768 2560 morie-

143 2580 250 2615 batur
277 2580 421 2624 publiee
453 2584 537 2615 ante
564 2591 663 2614 suam
692 2579 939 2614 executionem
968 2590 1049 2613 cum
1078 2590 1209 2623 magno
1240 2579 1324 2613 fletu
1356 2579 1598 2622 exclamarat3
1631 2590 1769 2614 necnon

142 2635 264 2679 plures
281 2647 450 2679 personas
467 2640 501 2670 et
525 2635 712 2679 signanter
728 2636 805 2678 jam
822 2634 957 2669 dictum
980 2635 1023 2668 dc
1041 2633 1225 2668 Belloforti
1251 2645 1314 2677 per
1329 2645 1410 2667 cum
1442 2634 1530 2668 falso
1554 2638 1719 2669 oneratas
1734 2637 1769 2669 et

143 2695 329 2725 accusatas
346 2691 466 2731 fuisse,
485 2691 530 2725 ab
547 2690 597 2724 cis
613 2690 754 2724 veniam
773 2690 985 2734 postulando
1002 2689 1217 2724 vociferatus
1232 2694 1307 2723 erat
1329 2692 1435 2732 atque
1451 2689 1707 2724 declaraverat.

190 2745 366 2780 Dicebant
393 2751 652 2789 consequenter
673 2744 760 2779 dicti
789 2745 1008 2788 appellantes
1024 2748 1059 2779 et
1086 2748 1236 2784 actores,
1265 2744 1359 2786 quod
1382 2744 1595 2778 defl'cnsores
1619 2756 1765 2788 praeno-

142 2798 271 2834 minati
302 2800 494 2843 pluresque
520 2799 688 2834 mulieres
712 2803 881 2843 ceperant
908 2803 942 2834 et.
969 2798 1305 2842 quaestionavcrant
1328 2803 1363 2833 et
1388 2798 1577 2842 praecipue
1601 2800 1765 2833 Grossam

143 2853 321 2889 Joannam
338 2854 471 2890 dietam
490 2855 679 2896 Bellotam,
699 2855 734 2889 la
748 2853 903 2889 Sceliere
927 2858 961 2889 ct
984 2853 1073 2888 alias
1100 2865 1208 2897 super
1230 2865 1383 2897 quarum
1411 2857 1557 2897 gutture
1580 2857 1616 2888 et
1641 2866 1765 2889 earum

143 2909 293 2954 capillos
309 2910 496 2951 trahendo,
521 2909 685 2954 ipsasque
701 2909 747 2944 ad
771 2909 994 2953 praedictum
1011 2909 1055 2944 dc
1071 2909 1257 2944 Bellosorti
1282 2920 1421 2944 necnon
1437 2908 1572 2944 domini
1595 2910 1640 2945 de
1671 2910 1764 2954 Croy

1592 2990 1633 3022 30
