2097 3466
785 254 916 290 ANNO
943 255 1044 291 1400
1660 252 1723 287 259

143 350 300 390 Attento,
319 348 411 384 sicut
427 348 585 384 veridica
600 348 729 384 relatio
749 349 795 384 ad
815 348 927 384 nostri
951 349 1169 392 apostolatus
1191 346 1358 392 perduxit
1373 346 1548 390 auditum,
1567 346 1663 392 quod
1685 347 1723 382 in

100 406 164 440 tua
186 404 392 449 supradicta
413 403 611 448 provincia,
631 415 702 439 non
726 404 830 438 modo
855 407 1000 448 propter
1023 402 1291 438 multitudinem
1315 402 1518 438 haeresium
1541 407 1576 438 et
1598 402 1721 437 haere-

99 459 268 502 ticorum,
285 471 411 494 verum
427 459 535 494 etiam
553 462 699 503 propter
714 459 1008 494 numerositatem
1026 458 1213 493 civitatum
1230 462 1265 492 et
1281 458 1442 492 locorum
1460 457 1567 502 longe
1583 457 1724 500 lateque

99 513 207 549 nimis
235 515 281 551 ad
307 514 460 549 invicem
490 514 701 550 distantium
733 514 908 558 pravitate
949 513 1155 558 hujusmodi
1186 513 1400 549 infectorum
1434 523 1497 556 per
1523 523 1636 546 unum
1662 514 1726 546 aut

99 579 232 614 paucos
247 569 364 604 dictae
386 569 633 613 Inquisitionis
649 569 809 604 officium
827 581 1053 613 nequaquam
1077 568 1187 613 possit
1209 568 1395 603 commode
1411 566 1582 608 exerceri,
1602 569 1725 601 tenore

99 624 341 668 praesentium
366 624 432 659 tibi
457 625 716 659 committimus
731 628 767 660 ct
791 626 1014 666 mandamus,
1033 628 1210 668 quatenus
1233 635 1294 658 sex
1321 623 1409 657 dicti
1436 621 1573 657 ordinis
1597 622 1725 656 fratres

98 679 145 714 ad
167 679 237 714 hoc
260 679 417 721 idoneos,
436 679 474 714 in
498 680 578 724 lege
602 679 747 714 Domini
772 680 948 724 profunde
968 679 1139 720 eruditos,
1158 690 1313 722 quorum
1336 678 1486 713 honesta
1502 675 1725 710 conversatio

98 735 301 779 exemplum
332 734 469 770 tribuat
499 734 694 769 honestatis
722 738 758 769 et
802 734 1004 769 doctrinam
1035 734 1189 768 fundant
1217 733 1360 768 erudita
1390 731 1486 766 labia
1515 730 1722 772 salutarem,

98 788 328 833 inquisitores
340 789 547 834 hujusmodi
565 789 754 833 pravitatis
771 789 974 824 haereticae
990 789 1029 823 in
1045 787 1327 832 Moguntinensi‚
1344 785 1559 826 Coloniensi,
1578 785 1723 829 Magde—

98 844 281 889 burgensi,
300 843 497 884 Bremcnsi,
517 843 680 888 Rugensi
714 844 934 884 civitatibus,
952 842 1174 877 dioecesibus
1197 845 1232 876 ct
1256 840 1463 885 provinciis,
1489 840 1526 874 in
1550 843 1725 883 quantum

97 898 194 933 infra
209 900 382 934 terminos
398 898 602 943 praedictae
620 898 827 942 provinciae
844 898 1040 932 secundum
1058 908 1194 931 morem
1215 895 1303 930 dicti
1325 894 1462 930 ordinis
1485 895 1561 928 fore
1578 904 1725 928 noscun-

97 956 159 988 tur
174 964 312 989 necnon
336 953 374 988 in
405 953 551 988 civitate
566 957 602 988 et
625 953 778 988 dioecesi
810 952 1016 988 Caminensi
1046 955 1082 986 et
1111 950 1364 986 universaliter
1387 950 1425 984 in
1448 948 1615 984 omnibus
1638 948 1726 983 locis

97 1009 215 1044 dictae
239 1009 446 1053 provinciae
469 1008 686 1044 auctoritate
713 1008 909 1052 apostolica
939 1008 1087 1052 deputes
1117 1010 1153 1042 et
1181 1006 1351 1051 assignes,
1377 1016 1518 1049 eosque,
1562 1003 1726 1048 quotiens

97 1064 163 1100 tibi
179 1064 372 1106 videbitur,
390 1065 553 1099 absolvas
572 1067 607 1100 et
631 1076 797 1099 amoveas
818 1067 852 1099 et
876 1064 915 1098 in
939 1065 1058 1098 locum
1074 1066 1276 1097 amotorum
1293 1062 1393 1103 alios,
1413 1065 1453 1096 ut
1468 1060 1724 1105 praemittitur,

97 1120 242 1155 idoneos
273 1120 468 1155 substituas
500 1119 681 1164 perpetuis
714 1119 845 1154 futuris
877 1119 1109 1163 temporibus,
1140 1117 1304 1162 quotiens
1333 1116 1444 1151 fuerit
1469 1119 1724 1160 opportunum,

97 1175 159 1219 qui
183 1174 291 1210 simul
306 1175 363 1210 vel
386 1175 591 1219 separatim,
610 1177 717 1219 prout
742 1173 878 1218 negotii
901 1173 1066 1208 suadebit
1089 1172 1238 1214 utilitas,
1255 1172 1322 1207 sub
1345 1183 1406 1215 spe
1428 1171 1602 1207 mercedis
1616 1174 1726 1205 aeter-

97 1241 176 1271 nae,
205 1229 244 1264 in
268 1230 476 1274 provinciis,
503 1229 722 1271 civitatibus,
741 1229 964 1264 dioecesibus
995 1240 1038 1262 ac
1062 1228 1150 1263 locis
1174 1227 1365 1272 praedictis
1389 1230 1515 1262 contra
1537 1237 1724 1270 quoscum-

96 1296 166 1329 que
188 1284 387 1320 haereticos
409 1297 471 1321 seu
500 1285 545 1320 de
567 1285 707 1320 haeresi
734 1284 927 1319 infamatos
951 1288 1015 1318 aut
1041 1286 1223 1327 suspectos
1257 1283 1489 1327 ipsorumque
1527 1281 1722 1321 credentes,

95 1340 265 1382 fautores,
284 1343 523 1385 receptatores
538 1344 573 1375 et
589 1341 829 1375 defensatores
839 1341 946 1384 juxta
961 1350 1146 1373 sacrorum
1171 1339 1324 1373 formam
1341 1349 1520 1372 canonum
1543 1339 1580 1371 et
1602 1335 1725 1370 stilum

95 1393 303 1439 hujusmodi
328 1395 437 1430 officii
460 1395 634 1430 hactenus
661 1396 888 1430 observatum
919 1405 1058 1429 necnon
1083 1393 1280 1428 secundum
1302 1391 1506 1436 privilegia,
1535 1390 1723 1434 indulgen-

95 1449 165 1485 tias
191 1453 227 1485 et
256 1453 390 1486 statuta
418 1462 482 1495 per
505 1451 793 1495 praedecessores
817 1453 957 1484 nostros
980 1449 1163 1483 Romanos
1191 1447 1376 1492 pontifices
1403 1458 1446 1481 ac
1474 1447 1723 1482 Romanorum

95 1504 341 1550 imperatores,
359 1505 398 1540 in
421 1506 580 1541 favorem
597 1505 680 1540 fidei
698 1504 934 1546 Christianae,
950 1515 1015 1548 pro
1033 1503 1151 1538 officio
1173 1501 1421 1546 Inquisitionis
1443 1505 1479 1536 et
1501 1499 1722 1544 inquisitori-

96 1560 162 1595 bus
191 1571 491 1605 quarumcunque
521 1560 677 1595 aliarum
708 1558 979 1604 provinciarum
1009 1558 1106 1593 edita
1135 1560 1171 1592 et
1201 1567 1379 1597 concessa,
1410 1567 1502 1599 quae
1539 1554 1661 1590 omnia
1687 1557 1724 1589 et

95 1614 241 1660 singula
263 1619 386 1651 tenore
403 1615 645 1659 praesentium
661 1614 708 1649 ad
724 1614 931 1658 hujusmodi
954 1612 1185 1656 inquisitores
1201 1611 1408 1655 provinciae
1425 1610 1614 1651 Saxoniae,
1633 1620 1722 1653 quos

95 1681 160 1714 per
176 1673 212 1706 te
227 1674 290 1706 aut
305 1681 525 1705 successores
547 1673 627 1704 tuos
643 1680 708 1714 pro
729 1673 901 1712 tempore,
927 1667 1021 1702 sicut
1043 1665 1298 1710 praemittitur,
1325 1664 1490 1709 deputari
1513 1663 1719 1708 contigerit,

95 1725 238 1761 extendi
261 1725 465 1770 specialiter
487 1725 654 1760 volumus
676 1728 712 1759 et
733 1724 971 1764 declaramus,
997 1721 1191 1758 efficaciter
1217 1724 1253 1756 et
1277 1720 1439 1756 districte
1461 1719 1657 1764 procedant
1685 1721 1722 1754 et

93 1780 211 1825 ipsum
235 1780 395 1815 officium
418 1779 633 1815 auctoritate
656 1779 852 1823 apostolica
875 1790 947 1822 qua
973 1788 1082 1822 supra
1110 1776 1264 1811 fideliter
1286 1781 1322 1811 et
1345 1776 1458 1811 libere
1482 1777 1717 1818 exequantur,

93 1835 233 1871 nullum
265 1846 372 1880 super
402 1835 471 1870 hoc
501 1846 523 1869 a
553 1845 750 1879 quoquam,
783 1835 1031 1878 cujuscunque
1061 1830 1288 1872 conditionis,
1329 1834 1452 1872 status,
1496 1829 1632 1865 ordinis
1662 1829 1720 1864 vel

92 1889 281 1936 dignitatis
315 1890 456 1931 existat,
494 1889 633 1924 etiamsi
668 1888 846 1933 dignitate
880 1886 1128 1931 patriarchali,
1167 1885 1477 1929 archiepiscopali,
1510 1884 1716 1928 episcopali,

93 1944 274 1989 imperiali
300 1945 357 1980 vel
384 1944 500 1990 regali
527 1948 591 1979 aut
617 1943 690 1978 alia
713 1954 927 1988 quacunque
955 1943 1103 1987 fulgeat,
1130 1940 1428 1985 impedimentum
1452 1939 1719 1984 quomodolibet

92 2000 278 2044 habituri3
305 2000 397 2035 nulli
420 2012 520 2045 ergo,
547 2000 624 2044 [ecc.
650 1999 822 2044 Sequitur
844 2000 1050 2032 communis
1074 1996 1143 2031 illa
1166 1998 1416 2038 comminatio,
1435 2006 1508 2040 qua
1525 1994 1718 2040 pontifices

92 2055 210 2090 solem
231 2055 405 2090 claudere
429 2054 601 2100 epistolas
625 2053 742 2098 suas]

136 2112 270 2148 Datum
286 2111 424 2147 Romae
440 2111 535 2155 apud
551 2123 579 2145 s.
599 2110 760 2151 Petrum,
779 2120 862 2144 non.
881 2109 901 2144 J
905 2108 994 2150 unii,
1014 2107 1243 2152 pontificatus
1259 2106 1372 2142 nostri
1389 2117 1484 2142 anno
1498 2105 1648 2142 decimo.

438 2189 628 2230 Mosheim,
647 2189 713 2223 blz.
733 2191 889 2224 384-386.
906 2206 950 2213 —
965 2187 1101 2222 Aldaar
1117 2185 1233 2221 wordt
1258 2187 1341 2220 1398
1358 2185 1410 2219 als
1428 2186 1512 2230 jaar
1527 2184 1631 2219 dezer
1653 2183 1716 2218 bul

483 2255 713 2289 opgegeven3
746 2243 784 2278 in
811 2254 898 2278 eene
927 2246 1013 2277 noot
1039 2244 1118 2285 zegt
1147 2241 1191 2276 de
1218 2240 1384 2285 uitgever
1413 2251 1483 2274 van
1513 2238 1716 2275 Mosheim's

484 2300 675 2344 nagelaten
698 2298 798 2334 werk
814 2301 848 2333 te
865 2297 978 2339 recht,
996 2297 1056 2332 dat
1081 2307 1163 2331 men
1187 2295 1267 2331 hier
1292 2298 1374 2331 1400
1398 2296 1495 2332 lezen
1518 2298 1624 2330 moet.

872 2442 997 2486 244.

156 2583 290 2634 1400,
308 2583 420 2626 Jum·
439 2581 514 2633 18,
527 2580 682 2624 Rome.
699 2578 779 2622 Bul
798 2591 880 2622 van
899 2575 1143 2621 Bonifacius
1160 2574 1224 2617 IX
1235 2572 1403 2630 gericht
1422 2574 1486 2616 tot
1503 2570 1554 2615 de
1572 2573 1711 2616 aarts-

87 2652 388 2710 bissehoppen‚
426 2650 726 2705 bisschoppen‚
764 2648 919 2704 priors,
945 2645 1092 2696 abten‚
1121 2658 1213 2687 enz.
1250 2644 1340 2685 met
1361 2640 1441 2685 een
1474 2640 1621 2684 woord
1642 2643 1709 2684 tot

89 2722 173 2766 alle
189 2720 444 2779 geestelijke
461 2722 663 2763 oversten
683 2715 726 2759 of
739 2728 953 2773 personen
976 2714 1136 2758 binnen
1159 2711 1206 2755 of
1223 2711 1370 2754 buiten
1396 2710 1447 2753 de
1475 2709 1705 2761 kloosters,

85 2791 240 2835 alsook
277 2793 343 2833 tot
379 2789 431 2832 de
463 2789 693 2843 hertogen‚
730 2797 910 2841 graven,
953 2797 1067 2834 enz.‚
1110 2785 1197 2825 met
1236 2778 1314 2823 een
1352 2777 1499 2822 woord
1530 2782 1594 2822 tot
1627 2779 1710 2822 alle

88 2862 356 2921 wereldlijke
373 2860 618 2906 overheden
642 2872 726 2901 van
751 2859 826 2901 het
847 2857 1050 2901 Duitsche
1073 2854 1190 2912 Rijk,
1213 2851 1390 2909 waarbij
1415 2850 1466 2894 de
1493 2865 1598 2907 paus
1621 2851 1711 2894 hun

89 2932 263 2990 gebiedt
284 2933 336 2978 de
359 2930 600 2989 pauselijke
621 2927 902 2985 inquisiteurs
924 2927 969 2970 in
1000 2925 1090 2969 hun
1111 2922 1231 2969 ambt
1251 2922 1308 2981 bij
1334 2925 1377 2966 te
1399 2925 1540 2973 staan‚
1567 2933 1713 2964 name-
