<?xml version="1.0" encoding="UTF-8"?>
<!DOCTYPE html PUBLIC "-//W3C//DTD XHTML 1.0 Transitional//EN"
    "http://www.w3.org/TR/xhtml1/DTD/xhtml1-transitional.dtd">
<html xmlns="http://www.w3.org/1999/xhtml" xml:lang="en" lang="en">
 <head>
  <title>
</title>
<meta http-equiv="Content-Type" content="text/html;charset=utf-8" />
  <meta name='ocr-system' content='tesseract 3.04.00' />
  <meta name='ocr-capabilities' content='ocr_page ocr_carea ocr_par ocr_line ocrx_word'/>
</head>
<body>
  <div class='ocr_page' id='page_1' title='image "./corpusdocumentor01fruoft_0488.png"; bbox 0 0 2097 3466; ppageno 0'>
   <div class='ocr_carea' id='block_1_1' title="bbox 356 239 1281 273">
    <p class='ocr_par' dir='ltr' id='par_1_1' title="bbox 356 239 1281 273">
     <span class='ocr_line' id='line_1_1' title="bbox 356 239 1281 273; baseline -0.002 0"><span class='ocrx_word' id='word_1_1' title='bbox 356 243 414 273; x_wconf 56' lang='lat' dir='ltr'>-ffis</span> <span class='ocrx_word' id='word_1_2' title='bbox 1027 239 1156 272; x_wconf 69' lang='lat' dir='ltr'>ANNO</span> <span class='ocrx_word' id='word_1_3' title='bbox 1186 240 1281 271; x_wconf 69' lang='lat'>1472</span> 
     </span>
    </p>
   </div>
   <div class='ocr_carea' id='block_1_2' title="bbox 353 332 1968 798">
    <p class='ocr_par' dir='ltr' id='par_1_2' title="bbox 353 332 1968 798">
     <span class='ocr_line' id='line_1_2' title="bbox 353 332 1958 388; baseline 0 -13"><span class='ocrx_word' id='word_1_4' title='bbox 353 333 602 376; x_wconf 71' lang='lat' dir='ltr'>bew:mrder</span> <span class='ocrx_word' id='word_1_5' title='bbox 634 333 708 374; x_wconf 79' lang='lat' dir='ltr'>der</span> <span class='ocrx_word' id='word_1_6' title='bbox 731 332 768 374; x_wconf 87' lang='lat' dir='ltr'>S¹</span> <span class='ocrx_word' id='word_1_7' title='bbox 791 332 1062 374; x_wconf 83' lang='lat' dir='ltr'>Pieterskerk</span> <span class='ocrx_word' id='word_1_8' title='bbox 1089 345 1169 374; x_wconf 88' lang='lat' dir='ltr'>van</span> <span class='ocrx_word' id='word_1_9' title='bbox 1194 333 1344 388; x_wconf 86' lang='lat' dir='ltr'>Rijsel,</span> <span class='ocrx_word' id='word_1_10' title='bbox 1371 345 1474 374; x_wconf 84' lang='lat' dir='ltr'>over</span> <span class='ocrx_word' id='word_1_11' title='bbox 1504 333 1688 387; x_wconf 83' lang='lat' dir='ltr'>hetgeen</span> <span class='ocrx_word' id='word_1_12' title='bbox 1713 345 1760 374; x_wconf 90' lang='lat' dir='ltr'>er</span> <span class='ocrx_word' id='word_1_13' title='bbox 1782 334 1826 375; x_wconf 90' lang='lat' dir='ltr'>te</span> <span class='ocrx_word' id='word_1_14' title='bbox 1849 332 1958 375; x_wconf 89' lang='lat' dir='ltr'>doen</span> 
     </span>
     <span class='ocr_line' id='line_1_3' title="bbox 353 399 1959 457; baseline -0.002 -13"><span class='ocrx_word' id='word_1_15' title='bbox 353 407 465 445; x_wconf 79' lang='lat' dir='ltr'>stant</span> <span class='ocrx_word' id='word_1_16' title='bbox 489 405 572 443; x_wconf 84' lang='lat' dir='ltr'>met</span> <span class='ocrx_word' id='word_1_17' title='bbox 596 401 674 442; x_wconf 87' lang='lat' dir='ltr'>den</span> <span class='ocrx_word' id='word_1_18' title='bbox 701 400 1059 451; x_wconf 86' lang='lat' dir='ltr'>minderbroeder‚</span> <span class='ocrx_word' id='word_1_19' title='bbox 1087 400 1152 442; x_wconf 87' lang='lat' dir='ltr'>die</span> <span class='ocrx_word' id='word_1_20' title='bbox 1174 400 1249 444; x_wconf 84' lang='lat' dir='ltr'>het</span> <span class='ocrx_word' id='word_1_21' title='bbox 1277 401 1389 457; x_wconf 87' lang='lat' dir='ltr'>jaar,</span> <span class='ocrx_word' id='word_1_22' title='bbox 1417 400 1468 442; x_wconf 94' lang='lat' dir='ltr'>de</span> <span class='ocrx_word' id='word_1_23' title='bbox 1501 400 1669 451; x_wconf 79' lang='lat' dir='ltr'>maand,</span> <span class='ocrx_word' id='word_1_24' title='bbox 1698 399 1778 442; x_wconf 90' lang='lat' dir='ltr'>den</span> <span class='ocrx_word' id='word_1_25' title='bbox 1802 400 1884 456; x_wconf 84' lang='lat' dir='ltr'>dag</span> <span class='ocrx_word' id='word_1_26' title='bbox 1907 413 1959 443; x_wconf 90' lang='lat' dir='ltr'>en</span> 
     </span>
     <span class='ocr_line' id='line_1_4' title="bbox 353 467 1964 525; baseline 0 -13"><span class='ocrx_word' id='word_1_27' title='bbox 353 473 381 513; x_wconf 86' lang='lat' dir='ltr'>‘t</span> <span class='ocrx_word' id='word_1_28' title='bbox 405 483 484 511; x_wconf 85' lang='lat' dir='ltr'>nur</span> <span class='ocrx_word' id='word_1_29' title='bbox 506 483 588 511; x_wconf 84' lang='lat' dir='ltr'>van</span> <span class='ocrx_word' id='word_1_30' title='bbox 613 469 686 510; x_wconf 85' lang='lat' dir='ltr'>het</span> <span class='ocrx_word' id='word_1_31' title='bbox 705 469 825 511; x_wconf 87' lang='lat' dir='ltr'>einde</span> <span class='ocrx_word' id='word_1_32' title='bbox 845 469 920 510; x_wconf 89' lang='lat' dir='ltr'>der</span> <span class='ocrx_word' id='word_1_33' title='bbox 937 467 1099 510; x_wconf 85' lang='lat' dir='ltr'>wereld</span> <span class='ocrx_word' id='word_1_34' title='bbox 1117 469 1159 510; x_wconf 89' lang='lat' dir='ltr'>in</span> <span class='ocrx_word' id='word_1_35' title='bbox 1179 483 1255 511; x_wconf 92' lang='lat' dir='ltr'>een</span> <span class='ocrx_word' id='word_1_36' title='bbox 1275 482 1471 511; x_wconf 86' lang='lat' dir='ltr'>sermoen</span> <span class='ocrx_word' id='word_1_37' title='bbox 1488 471 1531 511; x_wconf 88' lang='lat' dir='ltr'>te</span> <span class='ocrx_word' id='word_1_38' title='bbox 1557 468 1687 525; x_wconf 85' lang='lat' dir='ltr'>Rijsel</span> <span class='ocrx_word' id='word_1_39' title='bbox 1708 468 1825 511; x_wconf 87' lang='lat' dir='ltr'>heeft</span> <span class='ocrx_word' id='word_1_40' title='bbox 1846 471 1964 512; x_wconf 85' lang='lat' dir='ltr'>vast-</span> 
     </span>
     <span class='ocr_line' id='line_1_5' title="bbox 355 536 1965 593; baseline -0.001 -13"><span class='ocrx_word' id='word_1_41' title='bbox 355 537 534 593; x_wconf 79' lang='lat' dir='ltr'>gesteld.</span> <span class='ocrx_word' id='word_1_42' title='bbox 557 563 597 568; x_wconf 95' lang='lat'><strong>—</strong></span> <span class='ocrx_word' id='word_1_43' title='bbox 624 538 731 579; x_wconf 89' lang='lat' dir='ltr'>Deze</span> <span class='ocrx_word' id='word_1_44' title='bbox 755 538 928 592; x_wconf 85' lang='lat' dir='ltr'>stelling</span> <span class='ocrx_word' id='word_1_45' title='bbox 950 537 984 578; x_wconf 89' lang='lat' dir='ltr'>is</span> <span class='ocrx_word' id='word_1_46' title='bbox 1007 537 1262 593; x_wconf 72' lang='lat' dir='ltr'>gevaarlijk,</span> <span class='ocrx_word' id='word_1_47' title='bbox 1288 537 1436 579; x_wconf 88' lang='lat' dir='ltr'>valsch</span> <span class='ocrx_word' id='word_1_48' title='bbox 1461 550 1528 586; x_wconf 88' lang='lat' dir='ltr'>en,</span> <span class='ocrx_word' id='word_1_49' title='bbox 1552 549 1627 579; x_wconf 91' lang='lat' dir='ltr'>zoo</span> <span class='ocrx_word' id='word_1_50' title='bbox 1650 549 1697 578; x_wconf 91' lang='lat' dir='ltr'>er</span> <span class='ocrx_word' id='word_1_51' title='bbox 1719 536 1762 579; x_wconf 91' lang='lat' dir='ltr'>in</span> <span class='ocrx_word' id='word_1_52' title='bbox 1786 536 1965 579; x_wconf 87' lang='lat' dir='ltr'>volhard</span> 
     </span>
     <span class='ocr_line' id='line_1_6' title="bbox 356 604 1968 662; baseline -0.001 -14"><span class='ocrx_word' id='word_1_53' title='bbox 356 606 511 657; x_wconf 80' lang='lat' dir='ltr'>wordt,</span> <span class='ocrx_word' id='word_1_54' title='bbox 538 606 772 648; x_wconf 81' lang='lat' dir='ltr'>kettersch.</span> <span class='ocrx_word' id='word_1_55' title='bbox 798 606 855 647; x_wconf 91' lang='lat' dir='ltr'>De</span> <span class='ocrx_word' id='word_1_56' title='bbox 879 605 1052 647; x_wconf 84' lang='lat' dir='ltr'>inonnik</span> <span class='ocrx_word' id='word_1_57' title='bbox 1087 609 1199 648; x_wconf 87' lang='lat' dir='ltr'>inoet</span> <span class='ocrx_word' id='word_1_58' title='bbox 1223 605 1523 662; x_wconf 86' lang='lat' dir='ltr'>uitgenoodigd</span> <span class='ocrx_word' id='word_1_59' title='bbox 1547 604 1724 647; x_wconf 85' lang='lat' dir='ltr'>worden</span> <span class='ocrx_word' id='word_1_60' title='bbox 1759 619 1826 647; x_wconf 90' lang='lat' dir='ltr'>om</span> <span class='ocrx_word' id='word_1_61' title='bbox 1858 604 1968 647; x_wconf 82' lang='lat' dir='ltr'><strong>haar</strong></span> 
     </span>
     <span class='ocr_line' id='line_1_7' title="bbox 357 671 1966 730; baseline -0.002 -13"><span class='ocrx_word' id='word_1_62' title='bbox 357 676 398 717; x_wconf 89' lang='lat' dir='ltr'>in</span> <span class='ocrx_word' id='word_1_63' title='bbox 422 688 497 716; x_wconf 87' lang='lat' dir='ltr'>een</span> <span class='ocrx_word' id='word_1_64' title='bbox 529 673 712 729; x_wconf 81' lang='lat' dir='ltr'>volgend</span> <span class='ocrx_word' id='word_1_65' title='bbox 737 687 930 715; x_wconf 89' lang='lat' dir='ltr'>sermoen</span> <span class='ocrx_word' id='word_1_66' title='bbox 963 675 1007 715; x_wconf 83' lang='lat' dir='ltr'>te</span> <span class='ocrx_word' id='word_1_67' title='bbox 1040 674 1295 729; x_wconf 87' lang='lat' dir='ltr'>herroepen.</span> <span class='ocrx_word' id='word_1_68' title='bbox 1322 674 1522 729; x_wconf 84' lang='lat' dir='ltr'>Weigert</span> <span class='ocrx_word' id='word_1_69' title='bbox 1546 673 1603 730; x_wconf 87' lang='lat' dir='ltr'>hij</span> <span class='ocrx_word' id='word_1_70' title='bbox 1630 673 1752 717; x_wconf 89' lang='lat' dir='ltr'>zulks</span> <span class='ocrx_word' id='word_1_71' title='bbox 1774 676 1818 716; x_wconf 82' lang='lat' dir='ltr'>te</span> <span class='ocrx_word' id='word_1_72' title='bbox 1840 671 1966 725; x_wconf 88' lang='lat' dir='ltr'>doen,</span> 
     </span>
     <span class='ocr_line' id='line_1_8' title="bbox 359 740 1964 798; baseline -0.001 -13"><span class='ocrx_word' id='word_1_73' title='bbox 359 743 440 786; x_wconf 85' lang='lat' dir='ltr'>dan</span> <span class='ocrx_word' id='word_1_74' title='bbox 466 745 579 785; x_wconf 87' lang='lat' dir='ltr'>moet</span> <span class='ocrx_word' id='word_1_75' title='bbox 600 742 658 798; x_wconf 89' lang='lat' dir='ltr'>hij</span> <span class='ocrx_word' id='word_1_76' title='bbox 683 740 787 784; x_wconf 74' lang='lat' dir='ltr'>voor</span> <span class='ocrx_word' id='word_1_77' title='bbox 810 742 889 784; x_wconf 88' lang='lat' dir='ltr'>den</span> <span class='ocrx_word' id='word_1_78' title='bbox 913 742 1113 798; x_wconf 88' lang='lat' dir='ltr'>bissehop</span> <span class='ocrx_word' id='word_1_79' title='bbox 1138 755 1220 784; x_wconf 86' lang='lat' dir='ltr'>van</span> <span class='ocrx_word' id='word_1_80' title='bbox 1244 742 1430 784; x_wconf 83' lang='lat' dir='ltr'>Doornik</span> <span class='ocrx_word' id='word_1_81' title='bbox 1453 741 1750 797; x_wconf 83' lang='lat' dir='ltr'>aangeklaagd</span> <span class='ocrx_word' id='word_1_82' title='bbox 1771 741 1964 784; x_wconf 86' lang='lat' dir='ltr'>worden.</span> 
     </span>
    </p>
   </div>
   <div class='ocr_carea' id='block_1_3' title="bbox 360 834 1991 1975">
    <p class='ocr_par' dir='ltr' id='par_1_3' title="bbox 404 834 1882 876">
     <span class='ocr_line' id='line_1_9' title="bbox 404 834 1882 876; baseline -0.001 -7"><span class='ocrx_word' id='word_1_83' title='bbox 404 837 535 869; x_wconf 73' lang='lat' dir='ltr'>Contra</span> <span class='ocrx_word' id='word_1_84' title='bbox 552 834 788 869; x_wconf 74' lang='lat' dir='ltr'>calculatores</span> <span class='ocrx_word' id='word_1_85' title='bbox 804 837 1130 869; x_wconf 71' lang='lat' dir='ltr'>consummationis</span> <span class='ocrx_word' id='word_1_86' title='bbox 1144 835 1268 876; x_wconf 78' lang='lat' dir='ltr'>seculi,</span> <span class='ocrx_word' id='word_1_87' title='bbox 1287 835 1337 869; x_wconf 82' lang='lat' dir='ltr'>ad</span> <span class='ocrx_word' id='word_1_88' title='bbox 1353 835 1628 870; x_wconf 74' lang='lat' dir='ltr'>thesaurarium</span> <span class='ocrx_word' id='word_1_89' title='bbox 1645 834 1882 869; x_wconf 77' lang='lat' dir='ltr'>Insulensem.</span> 
     </span>
    </p>

    <p class='ocr_par' dir='ltr' id='par_1_4' title="bbox 360 889 1976 1208">
     <span class='ocr_line' id='line_1_10' title="bbox 403 889 1970 934; baseline -0.001 -9"><span class='ocrx_word' id='word_1_90' title='bbox 403 890 612 925; x_wconf 77' lang='lat' dir='ltr'>Reuerendo</span> <span class='ocrx_word' id='word_1_91' title='bbox 629 890 798 934; x_wconf 82' lang='lat' dir='ltr'>magister</span> <span class='ocrx_word' id='word_1_92' title='bbox 815 894 932 925; x_wconf 75' lang='lat' dir='ltr'>noster</span> <span class='ocrx_word' id='word_1_93' title='bbox 955 895 988 925; x_wconf 88' lang='lat' dir='ltr'>et</span> <span class='ocrx_word' id='word_1_94' title='bbox 1013 890 1154 925; x_wconf 85' lang='lat' dir='ltr'>domine</span> <span class='ocrx_word' id='word_1_95' title='bbox 1178 891 1381 934; x_wconf 85' lang='lat' dir='ltr'>prodilecte‚</span> <span class='ocrx_word' id='word_1_96' title='bbox 1401 902 1444 925; x_wconf 76' lang='lat' dir='ltr'>ex</span> <span class='ocrx_word' id='word_1_97' title='bbox 1468 890 1594 924; x_wconf 89' lang='lat' dir='ltr'>intimo</span> <span class='ocrx_word' id='word_1_98' title='bbox 1611 889 1727 924; x_wconf 86' lang='lat' dir='ltr'>cordis</span> <span class='ocrx_word' id='word_1_99' title='bbox 1753 900 1970 925; x_wconf 88' lang='lat' dir='ltr'>recommen-</span> 
     </span>
     <span class='ocr_line' id='line_1_11' title="bbox 360 943 1972 988; baseline -0.002 -8"><span class='ocrx_word' id='word_1_100' title='bbox 360 945 502 980; x_wconf 76' lang='lat' dir='ltr'>datione</span> <span class='ocrx_word' id='word_1_101' title='bbox 531 945 711 988; x_wconf 80' lang='lat' dir='ltr'>premissa,</span> <span class='ocrx_word' id='word_1_102' title='bbox 739 945 783 978; x_wconf 84' lang='lat' dir='ltr'>ad</span> <span class='ocrx_word' id='word_1_103' title='bbox 811 945 947 979; x_wconf 74' lang='lat' dir='ltr'>litteras</span> <span class='ocrx_word' id='word_1_104' title='bbox 974 949 1108 980; x_wconf 76' lang='lat' dir='ltr'>vestras</span> <span class='ocrx_word' id='word_1_105' title='bbox 1139 946 1273 979; x_wconf 81' lang='lat' dir='ltr'>dudum</span> <span class='ocrx_word' id='word_1_106' title='bbox 1303 948 1481 988; x_wconf 84' lang='lat' dir='ltr'>susceptas</span> <span class='ocrx_word' id='word_1_107' title='bbox 1508 955 1714 987; x_wconf 80' lang='lat' dir='ltr'>responsum</span> <span class='ocrx_word' id='word_1_108' title='bbox 1743 944 1885 979; x_wconf 83' lang='lat' dir='ltr'>mittere</span> <span class='ocrx_word' id='word_1_109' title='bbox 1911 943 1972 978; x_wconf 87' lang='lat' dir='ltr'>diu</span> 
     </span>
     <span class='ocr_line' id='line_1_12' title="bbox 361 999 1974 1044; baseline -0.001 -9"><span class='ocrx_word' id='word_1_110' title='bbox 361 1001 482 1035; x_wconf 77' lang='lat' dir='ltr'>distuli</span> <span class='ocrx_word' id='word_1_111' title='bbox 508 1012 567 1043; x_wconf 81' lang='lat' dir='ltr'>per</span> <span class='ocrx_word' id='word_1_112' title='bbox 592 1004 700 1034; x_wconf 82' lang='lat' dir='ltr'>totam</span> <span class='ocrx_word' id='word_1_113' title='bbox 726 1001 1036 1044; x_wconf 74' lang='lat' dir='ltr'>quadragesimam</span> <span class='ocrx_word' id='word_1_114' title='bbox 1055 1012 1096 1035; x_wconf 82' lang='lat' dir='ltr'>ex</span> <span class='ocrx_word' id='word_1_115' title='bbox 1120 1001 1239 1035; x_wconf 80' lang='lat' dir='ltr'>debito</span> <span class='ocrx_word' id='word_1_116' title='bbox 1263 1001 1382 1043; x_wconf 73' lang='lat' dir='ltr'>officij,</span> <span class='ocrx_word' id='word_1_117' title='bbox 1402 1004 1436 1035; x_wconf 85' lang='lat' dir='ltr'>et</span> <span class='ocrx_word' id='word_1_118' title='bbox 1460 1003 1536 1044; x_wconf 82' lang='lat' dir='ltr'>post</span> <span class='ocrx_word' id='word_1_119' title='bbox 1564 999 1601 1033; x_wconf 90' lang='lat' dir='ltr'>in</span> <span class='ocrx_word' id='word_1_120' title='bbox 1624 1000 1704 1042; x_wconf 85' lang='lat' dir='ltr'>hijs,</span> <span class='ocrx_word' id='word_1_121' title='bbox 1723 1011 1791 1043; x_wconf 87' lang='lat' dir='ltr'>que</span> <span class='ocrx_word' id='word_1_122' title='bbox 1807 999 1974 1034; x_wconf 90' lang='lat' dir='ltr'>diuinum</span> 
     </span>
     <span class='ocr_line' id='line_1_13' title="bbox 363 1055 1976 1098; baseline -0.001 -8"><span class='ocrx_word' id='word_1_123' title='bbox 363 1059 581 1091; x_wconf 76' lang='lat' dir='ltr'>concernunt</span> <span class='ocrx_word' id='word_1_124' title='bbox 613 1055 768 1089; x_wconf 88' lang='lat' dir='ltr'>officium</span> <span class='ocrx_word' id='word_1_125' title='bbox 800 1060 833 1090; x_wconf 87' lang='lat' dir='ltr'>et</span> <span class='ocrx_word' id='word_1_126' title='bbox 866 1055 1079 1090; x_wconf 75' lang='lat' dir='ltr'>cerimonias</span> <span class='ocrx_word' id='word_1_127' title='bbox 1111 1056 1258 1090; x_wconf 83' lang='lat' dir='ltr'>ecclesie</span> <span class='ocrx_word' id='word_1_128' title='bbox 1290 1062 1409 1091; x_wconf 87' lang='lat' dir='ltr'>nostre</span> <span class='ocrx_word' id='word_1_129' title='bbox 1440 1058 1655 1098; x_wconf 69' lang='lat' dir='ltr'>occupatus3</span> <span class='ocrx_word' id='word_1_130' title='bbox 1688 1057 1826 1098; x_wconf 85' lang='lat' dir='ltr'>tempus</span> <span class='ocrx_word' id='word_1_131' title='bbox 1856 1056 1976 1088; x_wconf 86' lang='lat' dir='ltr'>tamen</span> 
     </span>
     <span class='ocr_line' id='line_1_14' title="bbox 363 1107 1976 1154; baseline -0.002 -8"><span class='ocrx_word' id='word_1_132' title='bbox 363 1112 540 1146; x_wconf 80' lang='lat' dir='ltr'>modicum</span> <span class='ocrx_word' id='word_1_133' title='bbox 566 1111 666 1153; x_wconf 82' lang='lat' dir='ltr'>qnasi</span> <span class='ocrx_word' id='word_1_134' title='bbox 694 1112 788 1145; x_wconf 85' lang='lat' dir='ltr'>furto</span> <span class='ocrx_word' id='word_1_135' title='bbox 816 1114 940 1145; x_wconf 81' lang='lat' dir='ltr'>nactus</span> <span class='ocrx_word' id='word_1_136' title='bbox 959 1122 1065 1154; x_wconf 82' lang='lat' dir='ltr'>super</span> <span class='ocrx_word' id='word_1_137' title='bbox 1089 1111 1323 1145; x_wconf 79' lang='lat' dir='ltr'>temeritatem</span> <span class='ocrx_word' id='word_1_138' title='bbox 1349 1111 1445 1144; x_wconf 87' lang='lat' dir='ltr'>illius</span> <span class='ocrx_word' id='word_1_139' title='bbox 1469 1109 1650 1154; x_wconf 82' lang='lat' dir='ltr'>theologie</span> <span class='ocrx_word' id='word_1_140' title='bbox 1675 1107 1882 1153; x_wconf 87' lang='lat' dir='ltr'>professoris</span> <span class='ocrx_word' id='word_1_141' title='bbox 1904 1119 1976 1143; x_wconf 91' lang='lat' dir='ltr'>non</span> 
     </span>
     <span class='ocr_line' id='line_1_15' title="bbox 362 1164 1387 1208; baseline -0.002 -8"><span class='ocrx_word' id='word_1_142' title='bbox 362 1165 484 1203; x_wconf 82' lang='lat' dir='ltr'>miehi,</span> <span class='ocrx_word' id='word_1_143' title='bbox 503 1165 562 1198; x_wconf 83' lang='lat' dir='ltr'>sed</span> <span class='ocrx_word' id='word_1_144' title='bbox 580 1165 651 1199; x_wconf 87' lang='lat' dir='ltr'>Deo</span> <span class='ocrx_word' id='word_1_145' title='bbox 668 1164 801 1208; x_wconf 82' lang='lat' dir='ltr'>cogniti</span> <span class='ocrx_word' id='word_1_146' title='bbox 821 1176 933 1207; x_wconf 51' lang='lat' dir='ltr'>pauca¹</span> <span class='ocrx_word' id='word_1_147' title='bbox 950 1165 1106 1199; x_wconf 78' lang='lat' dir='ltr'>scribere</span> <span class='ocrx_word' id='word_1_148' title='bbox 1123 1164 1322 1199; x_wconf 88' lang='lat' dir='ltr'>decreui....</span> <span class='ocrx_word' id='word_1_149' title='bbox 1342 1166 1387 1206; x_wconf 87' lang='lat'>(1)</span> 
     </span>
    </p>

    <p class='ocr_par' dir='ltr' id='par_1_5' title="bbox 365 1215 1991 1975">
     <span class='ocr_line' id='line_1_16' title="bbox 408 1215 1978 1262; baseline -0.001 -9"><span class='ocrx_word' id='word_1_150' title='bbox 408 1219 577 1262; x_wconf 77' lang='lat' dir='ltr'>Sequitur</span> <span class='ocrx_word' id='word_1_151' title='bbox 593 1219 686 1262; x_wconf 88' lang='lat' dir='ltr'>quod</span> <span class='ocrx_word' id='word_1_152' title='bbox 701 1219 767 1252; x_wconf 85' lang='lat' dir='ltr'>hec</span> <span class='ocrx_word' id='word_1_153' title='bbox 783 1218 1030 1253; x_wconf 81' lang='lat' dir='ltr'>determinatio</span> <span class='ocrx_word' id='word_1_154' title='bbox 1056 1230 1127 1253; x_wconf 89' lang='lat' dir='ltr'>non</span> <span class='ocrx_word' id='word_1_155' title='bbox 1145 1222 1196 1253; x_wconf 89' lang='lat' dir='ltr'>est</span> <span class='ocrx_word' id='word_1_156' title='bbox 1219 1220 1262 1252; x_wconf 78' lang='lat' dir='ltr'>ad</span> <span class='ocrx_word' id='word_1_157' title='bbox 1287 1219 1457 1262; x_wconf 88' lang='lat' dir='ltr'>populum</span> <span class='ocrx_word' id='word_1_158' title='bbox 1477 1217 1704 1261; x_wconf 84' lang='lat' dir='ltr'>predicanda,</span> <span class='ocrx_word' id='word_1_159' title='bbox 1723 1215 1808 1260; x_wconf 87' lang='lat' dir='ltr'>quia</span> <span class='ocrx_word' id='word_1_160' title='bbox 1829 1227 1978 1251; x_wconf 82' lang='lat' dir='ltr'>erronea</span> 
     </span>
     <span class='ocr_line' id='line_1_17' title="bbox 365 1271 1978 1318; baseline -0.002 -9"><span class='ocrx_word' id='word_1_161' title='bbox 365 1279 410 1315; x_wconf 80' lang='lat' dir='ltr'>et,</span> <span class='ocrx_word' id='word_1_162' title='bbox 429 1275 458 1308; x_wconf 90' lang='lat' dir='ltr'>si</span> <span class='ocrx_word' id='word_1_163' title='bbox 482 1273 679 1318; x_wconf 81' lang='lat' dir='ltr'>pertinacia</span> <span class='ocrx_word' id='word_1_164' title='bbox 702 1273 871 1308; x_wconf 86' lang='lat' dir='ltr'>adiuncta</span> <span class='ocrx_word' id='word_1_165' title='bbox 894 1276 994 1313; x_wconf 81' lang='lat' dir='ltr'>esset,</span> <span class='ocrx_word' id='word_1_166' title='bbox 1012 1276 1103 1308; x_wconf 84' lang='lat' dir='ltr'>esset</span> <span class='ocrx_word' id='word_1_167' title='bbox 1131 1273 1301 1308; x_wconf 86' lang='lat' dir='ltr'>heretica.</span> <span class='ocrx_word' id='word_1_168' title='bbox 1322 1273 1492 1316; x_wconf 83' lang='lat' dir='ltr'>Sequitur</span> <span class='ocrx_word' id='word_1_169' title='bbox 1514 1272 1668 1307; x_wconf 90' lang='lat' dir='ltr'>secundo</span> <span class='ocrx_word' id='word_1_170' title='bbox 1692 1271 1786 1315; x_wconf 89' lang='lat' dir='ltr'>quod</span> <span class='ocrx_word' id='word_1_171' title='bbox 1809 1271 1876 1306; x_wconf 85' lang='lat' dir='ltr'>heo</span> <span class='ocrx_word' id='word_1_172' title='bbox 1897 1271 1978 1306; x_wconf 88' lang='lat' dir='ltr'>doc-</span> 
     </span>
     <span class='ocr_line' id='line_1_18' title="bbox 366 1328 1980 1371; baseline -0.003 -5"><span class='ocrx_word' id='word_1_173' title='bbox 366 1330 463 1366; x_wconf 84' lang='lat' dir='ltr'>trina</span> <span class='ocrx_word' id='word_1_174' title='bbox 486 1333 537 1364; x_wconf 82' lang='lat' dir='ltr'>est</span> <span class='ocrx_word' id='word_1_175' title='bbox 560 1341 581 1364; x_wconf 85' lang='lat' dir='ltr'>a</span> <span class='ocrx_word' id='word_1_176' title='bbox 604 1329 770 1364; x_wconf 82' lang='lat' dir='ltr'>cordibus</span> <span class='ocrx_word' id='word_1_177' title='bbox 794 1329 952 1363; x_wconf 88' lang='lat' dir='ltr'>fidelium</span> <span class='ocrx_word' id='word_1_178' title='bbox 977 1329 1211 1371; x_wconf 79' lang='lat' dir='ltr'>eradicanda3</span> <span class='ocrx_word' id='word_1_179' title='bbox 1237 1329 1355 1363; x_wconf 85' lang='lat' dir='ltr'>nullus</span> <span class='ocrx_word' id='word_1_180' title='bbox 1380 1328 1475 1363; x_wconf 90' lang='lat' dir='ltr'>enim</span> <span class='ocrx_word' id='word_1_181' title='bbox 1498 1339 1600 1363; x_wconf 82' lang='lat' dir='ltr'>error</span> <span class='ocrx_word' id='word_1_182' title='bbox 1622 1328 1727 1362; x_wconf 87' lang='lat' dir='ltr'>fidem</span> <span class='ocrx_word' id='word_1_183' title='bbox 1750 1337 1980 1368; x_wconf 81' lang='lat' dir='ltr'>concernenS,</span> 
     </span>
     <span class='ocr_line' id='line_1_19' title="bbox 368 1381 1982 1429; baseline -0.001 -13"><span class='ocrx_word' id='word_1_184' title='bbox 368 1397 430 1429; x_wconf 82' lang='lat' dir='ltr'>per</span> <span class='ocrx_word' id='word_1_185' title='bbox 446 1396 550 1429; x_wconf 85' lang='lat' dir='ltr'>quem</span> <span class='ocrx_word' id='word_1_186' title='bbox 574 1384 726 1418; x_wconf 81' lang='lat' dir='ltr'>maxime</span> <span class='ocrx_word' id='word_1_187' title='bbox 743 1385 849 1418; x_wconf 84' lang='lat' dir='ltr'>datur</span> <span class='ocrx_word' id='word_1_188' title='bbox 864 1384 995 1428; x_wconf 91' lang='lat' dir='ltr'>populo</span> <span class='ocrx_word' id='word_1_189' title='bbox 1014 1384 1158 1418; x_wconf 82' lang='lat' dir='ltr'>incauta</span> <span class='ocrx_word' id='word_1_190' title='bbox 1174 1384 1344 1419; x_wconf 82' lang='lat' dir='ltr'>securitas</span> <span class='ocrx_word' id='word_1_191' title='bbox 1361 1395 1403 1417; x_wconf 85' lang='lat' dir='ltr'>ac</span> <span class='ocrx_word' id='word_1_192' title='bbox 1420 1394 1483 1427; x_wconf 88' lang='lat' dir='ltr'>per</span> <span class='ocrx_word' id='word_1_193' title='bbox 1508 1383 1576 1417; x_wconf 88' lang='lat' dir='ltr'>hoc</span> <span class='ocrx_word' id='word_1_194' title='bbox 1593 1381 1752 1426; x_wconf 87' lang='lat' dir='ltr'>pronitas</span> <span class='ocrx_word' id='word_1_195' title='bbox 1767 1381 1813 1416; x_wconf 82' lang='lat' dir='ltr'>ad</span> <span class='ocrx_word' id='word_1_196' title='bbox 1835 1391 1982 1425; x_wconf 86' lang='lat' dir='ltr'>peccan-</span> 
     </span>
     <span class='ocr_line' id='line_1_20' title="bbox 368 1435 1985 1483; baseline -0.002 -9"><span class='ocrx_word' id='word_1_197' title='bbox 368 1441 465 1480; x_wconf 86' lang='lat' dir='ltr'>dum,</span> <span class='ocrx_word' id='word_1_198' title='bbox 483 1442 535 1474; x_wconf 84' lang='lat' dir='ltr'>est</span> <span class='ocrx_word' id='word_1_199' title='bbox 557 1440 773 1480; x_wconf 84' lang='lat' dir='ltr'>tolerandus,</span> <span class='ocrx_word' id='word_1_200' title='bbox 791 1439 977 1483; x_wconf 86' lang='lat' dir='ltr'>presertim</span> <span class='ocrx_word' id='word_1_201' title='bbox 1001 1451 1082 1473; x_wconf 86' lang='lat' dir='ltr'>eum</span> <span class='ocrx_word' id='word_1_202' title='bbox 1106 1442 1219 1483; x_wconf 83' lang='lat' dir='ltr'>potest</span> <span class='ocrx_word' id='word_1_203' title='bbox 1249 1438 1324 1473; x_wconf 87' lang='lat' dir='ltr'>sine</span> <span class='ocrx_word' id='word_1_204' title='bbox 1348 1438 1453 1483; x_wconf 85' lang='lat' dir='ltr'>graui</span> <span class='ocrx_word' id='word_1_205' title='bbox 1478 1438 1645 1472; x_wconf 84' lang='lat' dir='ltr'>scandalo</span> <span class='ocrx_word' id='word_1_206' title='bbox 1668 1436 1792 1472; x_wconf 87' lang='lat' dir='ltr'>deleri.</span> <span class='ocrx_word' id='word_1_207' title='bbox 1812 1435 1911 1471; x_wconf 85' lang='lat' dir='ltr'>Talis</span> <span class='ocrx_word' id='word_1_208' title='bbox 1932 1438 1985 1471; x_wconf 83' lang='lat' dir='ltr'>est</span> 
     </span>
     <span class='ocr_line' id='line_1_21' title="bbox 369 1491 1986 1535; baseline -0.002 -6"><span class='ocrx_word' id='word_1_209' title='bbox 369 1495 432 1529; x_wconf 86' lang='lat' dir='ltr'>illa</span> <span class='ocrx_word' id='word_1_210' title='bbox 459 1506 607 1529; x_wconf 81' lang='lat' dir='ltr'>erronea</span> <span class='ocrx_word' id='word_1_211' title='bbox 633 1493 780 1529; x_wconf 81' lang='lat' dir='ltr'>assertio</span> <span class='ocrx_word' id='word_1_212' title='bbox 806 1495 849 1529; x_wconf 90' lang='lat' dir='ltr'>de</span> <span class='ocrx_word' id='word_1_213' title='bbox 876 1506 982 1534; x_wconf 86' lang='lat' dir='ltr'>anno,</span> <span class='ocrx_word' id='word_1_214' title='bbox 1013 1506 1144 1535; x_wconf 87' lang='lat' dir='ltr'>mense,</span> <span class='ocrx_word' id='word_1_215' title='bbox 1174 1494 1231 1528; x_wconf 85' lang='lat' dir='ltr'>die</span> <span class='ocrx_word' id='word_1_216' title='bbox 1263 1497 1297 1528; x_wconf 87' lang='lat' dir='ltr'>et</span> <span class='ocrx_word' id='word_1_217' title='bbox 1326 1494 1416 1527; x_wconf 85' lang='lat' dir='ltr'>hora</span> <span class='ocrx_word' id='word_1_218' title='bbox 1445 1493 1525 1527; x_wconf 88' lang='lat' dir='ltr'>finis</span> <span class='ocrx_word' id='word_1_219' title='bbox 1555 1491 1691 1533; x_wconf 89' lang='lat' dir='ltr'>mundi,</span> <span class='ocrx_word' id='word_1_220' title='bbox 1722 1491 1802 1526; x_wconf 86' lang='lat' dir='ltr'>ideo</span> <span class='ocrx_word' id='word_1_221' title='bbox 1829 1493 1870 1526; x_wconf 92' lang='lat' dir='ltr'>ut</span> <span class='ocrx_word' id='word_1_222' title='bbox 1895 1492 1986 1526; x_wconf 85' lang='lat' dir='ltr'>esset</span> 
     </span>
     <span class='ocr_line' id='line_1_22' title="bbox 371 1545 1984 1593; baseline -0.002 -9"><span class='ocrx_word' id='word_1_223' title='bbox 371 1549 533 1584; x_wconf 87' lang='lat' dir='ltr'>fidelibus</span> <span class='ocrx_word' id='word_1_224' title='bbox 555 1548 650 1593; x_wconf 84' lang='lat' dir='ltr'>iugis</span> <span class='ocrx_word' id='word_1_225' title='bbox 672 1549 780 1584; x_wconf 84' lang='lat' dir='ltr'>timor</span> <span class='ocrx_word' id='word_1_226' title='bbox 802 1549 845 1584; x_wconf 88' lang='lat' dir='ltr'>de</span> <span class='ocrx_word' id='word_1_227' title='bbox 873 1552 1031 1593; x_wconf 87' lang='lat' dir='ltr'>tempore</span> <span class='ocrx_word' id='word_1_228' title='bbox 1048 1547 1365 1583; x_wconf 83' lang='lat' dir='ltr'>consummationis</span> <span class='ocrx_word' id='word_1_229' title='bbox 1389 1547 1522 1590; x_wconf 73' lang='lat' dir='ltr'>seculi3</span> <span class='ocrx_word' id='word_1_230' title='bbox 1540 1558 1623 1581; x_wconf 81' lang='lat' dir='ltr'>nam</span> <span class='ocrx_word' id='word_1_231' title='bbox 1648 1548 1772 1581; x_wconf 84' lang='lat' dir='ltr'>beatus</span> <span class='ocrx_word' id='word_1_232' title='bbox 1787 1548 1840 1581; x_wconf 86' lang='lat' dir='ltr'>est</span> <span class='ocrx_word' id='word_1_233' title='bbox 1862 1545 1984 1587; x_wconf 87' lang='lat' dir='ltr'>homo,</span> 
     </span>
     <span class='ocr_line' id='line_1_23' title="bbox 373 1600 1986 1647; baseline -0.002 -9"><span class='ocrx_word' id='word_1_234' title='bbox 373 1604 434 1647; x_wconf 91' lang='lat' dir='ltr'>qui</span> <span class='ocrx_word' id='word_1_235' title='bbox 459 1615 596 1647; x_wconf 85' lang='lat' dir='ltr'>semper</span> <span class='ocrx_word' id='word_1_236' title='bbox 618 1607 669 1639; x_wconf 83' lang='lat' dir='ltr'>est</span> <span class='ocrx_word' id='word_1_237' title='bbox 696 1604 858 1647; x_wconf 86' lang='lat' dir='ltr'>pauidus.</span> <span class='ocrx_word' id='word_1_238' title='bbox 879 1604 1052 1638; x_wconf 85' lang='lat' dir='ltr'>Dominus</span> <span class='ocrx_word' id='word_1_239' title='bbox 1070 1604 1184 1638; x_wconf 86' lang='lat' dir='ltr'>noluit</span> <span class='ocrx_word' id='word_1_240' title='bbox 1210 1603 1369 1637; x_wconf 85' lang='lat' dir='ltr'>indicare</span> <span class='ocrx_word' id='word_1_241' title='bbox 1397 1602 1511 1642; x_wconf 91' lang='lat' dir='ltr'>illum,</span> <span class='ocrx_word' id='word_1_242' title='bbox 1530 1602 1748 1636; x_wconf 84' lang='lat' dir='ltr'>demonstrat</span> <span class='ocrx_word' id='word_1_243' title='bbox 1770 1600 1807 1635; x_wconf 92' lang='lat' dir='ltr'>in</span> <span class='ocrx_word' id='word_1_244' title='bbox 1824 1600 1986 1635; x_wconf 84' lang='lat' dir='ltr'>emenda-</span> 
     </span>
     <span class='ocr_line' id='line_1_24' title="bbox 373 1653 1987 1700; baseline -0.004 -6"><span class='ocrx_word' id='word_1_245' title='bbox 373 1659 471 1694; x_wconf 83' lang='lat' dir='ltr'>tione</span> <span class='ocrx_word' id='word_1_246' title='bbox 501 1658 687 1692; x_wconf 87' lang='lat' dir='ltr'>seruando.</span> <span class='ocrx_word' id='word_1_247' title='bbox 719 1658 947 1693; x_wconf 85' lang='lat' dir='ltr'>Consulerem</span> <span class='ocrx_word' id='word_1_248' title='bbox 975 1660 1014 1692; x_wconf 84' lang='lat' dir='ltr'>ut</span> <span class='ocrx_word' id='word_1_249' title='bbox 1045 1658 1203 1692; x_wconf 85' lang='lat' dir='ltr'>fraterna</span> <span class='ocrx_word' id='word_1_250' title='bbox 1228 1656 1452 1700; x_wconf 84' lang='lat' dir='ltr'>correptione</span> <span class='ocrx_word' id='word_1_251' title='bbox 1478 1656 1577 1690; x_wconf 81' lang='lat' dir='ltr'>hunc</span> <span class='ocrx_word' id='word_1_252' title='bbox 1603 1655 1838 1699; x_wconf 85' lang='lat' dir='ltr'>professorem</span> <span class='ocrx_word' id='word_1_253' title='bbox 1864 1655 1899 1688; x_wconf 79' lang='lat' dir='ltr'>et</span> <span class='ocrx_word' id='word_1_254' title='bbox 1924 1653 1987 1688; x_wconf 89' lang='lat' dir='ltr'>illo</span> 
     </span>
     <span class='ocr_line' id='line_1_25' title="bbox 374 1707 1988 1756; baseline -0.004 -8"><span class='ocrx_word' id='word_1_255' title='bbox 374 1714 497 1748; x_wconf 89' lang='lat' dir='ltr'>ordine</span> <span class='ocrx_word' id='word_1_256' title='bbox 525 1725 629 1756; x_wconf 87' lang='lat' dir='ltr'>quem</span> <span class='ocrx_word' id='word_1_257' title='bbox 658 1713 819 1747; x_wconf 84' lang='lat' dir='ltr'>Christus</span> <span class='ocrx_word' id='word_1_258' title='bbox 842 1713 973 1753; x_wconf 82' lang='lat' dir='ltr'>docuit,</span> <span class='ocrx_word' id='word_1_259' title='bbox 1004 1712 1197 1747; x_wconf 86' lang='lat' dir='ltr'>moneretis</span> <span class='ocrx_word' id='word_1_260' title='bbox 1221 1715 1260 1747; x_wconf 83' lang='lat' dir='ltr'>ut</span> <span class='ocrx_word' id='word_1_261' title='bbox 1289 1723 1352 1755; x_wconf 85' lang='lat' dir='ltr'>per</span> <span class='ocrx_word' id='word_1_262' title='bbox 1377 1723 1412 1746; x_wconf 88' lang='lat' dir='ltr'>se</span> <span class='ocrx_word' id='word_1_263' title='bbox 1440 1711 1556 1755; x_wconf 88' lang='lat' dir='ltr'>ipsum</span> <span class='ocrx_word' id='word_1_264' title='bbox 1584 1710 1623 1744; x_wconf 90' lang='lat' dir='ltr'>in</span> <span class='ocrx_word' id='word_1_265' title='bbox 1649 1721 1722 1744; x_wconf 88' lang='lat' dir='ltr'>una</span> <span class='ocrx_word' id='word_1_266' title='bbox 1747 1707 1988 1752; x_wconf 80' lang='lat' dir='ltr'>predicatione</span> 
     </span>
     <span class='ocr_line' id='line_1_26' title="bbox 375 1763 1987 1810; baseline -0.004 -8"><span class='ocrx_word' id='word_1_267' title='bbox 375 1769 516 1802; x_wconf 58' lang='lat' dir='ltr'>doceret,</span> <span class='ocrx_word' id='word_1_268' title='bbox 530 1767 728 1807; x_wconf 78' lang='lat' dir='ltr'>veritatem,</span> <span class='ocrx_word' id='word_1_269' title='bbox 746 1767 880 1802; x_wconf 85' lang='lat' dir='ltr'>scilicet</span> <span class='ocrx_word' id='word_1_270' title='bbox 904 1767 998 1810; x_wconf 89' lang='lat' dir='ltr'>quod</span> <span class='ocrx_word' id='word_1_271' title='bbox 1021 1767 1165 1801; x_wconf 91' lang='lat' dir='ltr'>omnino</span> <span class='ocrx_word' id='word_1_272' title='bbox 1184 1767 1324 1801; x_wconf 84' lang='lat' dir='ltr'>occulta</span> <span class='ocrx_word' id='word_1_273' title='bbox 1342 1769 1393 1801; x_wconf 89' lang='lat' dir='ltr'>est</span> <span class='ocrx_word' id='word_1_274' title='bbox 1418 1767 1462 1800; x_wconf 89' lang='lat' dir='ltr'>ab</span> <span class='ocrx_word' id='word_1_275' title='bbox 1485 1764 1691 1800; x_wconf 86' lang='lat' dir='ltr'>hominibus</span> <span class='ocrx_word' id='word_1_276' title='bbox 1714 1763 1812 1798; x_wconf 88' lang='lat' dir='ltr'>illius</span> <span class='ocrx_word' id='word_1_277' title='bbox 1828 1773 1987 1797; x_wconf 86' lang='lat' dir='ltr'>consum-</span> 
     </span>
     <span class='ocr_line' id='line_1_27' title="bbox 375 1817 1990 1866; baseline -0.004 -9"><span class='ocrx_word' id='word_1_278' title='bbox 375 1822 541 1857; x_wconf 87' lang='lat' dir='ltr'>mationis</span> <span class='ocrx_word' id='word_1_279' title='bbox 557 1821 816 1861; x_wconf 84' lang='lat' dir='ltr'>determinatio.</span> <span class='ocrx_word' id='word_1_280' title='bbox 835 1825 868 1857; x_wconf 86' lang='lat' dir='ltr'>et</span> <span class='ocrx_word' id='word_1_281' title='bbox 893 1823 986 1866; x_wconf 89' lang='lat' dir='ltr'>quod</span> <span class='ocrx_word' id='word_1_282' title='bbox 1002 1821 1091 1856; x_wconf 83' lang='lat' dir='ltr'>alias</span> <span class='ocrx_word' id='word_1_283' title='bbox 1114 1821 1150 1855; x_wconf 88' lang='lat' dir='ltr'>id</span> <span class='ocrx_word' id='word_1_284' title='bbox 1167 1822 1261 1865; x_wconf 87' lang='lat' dir='ltr'>quod</span> <span class='ocrx_word' id='word_1_285' title='bbox 1278 1821 1417 1856; x_wconf 77' lang='lat' dir='ltr'>dixerat</span> <span class='ocrx_word' id='word_1_286' title='bbox 1435 1821 1479 1855; x_wconf 90' lang='lat' dir='ltr'>de</span> <span class='ocrx_word' id='word_1_287' title='bbox 1494 1832 1587 1855; x_wconf 85' lang='lat' dir='ltr'>anno</span> <span class='ocrx_word' id='word_1_288' title='bbox 1605 1822 1686 1860; x_wconf 87' lang='lat' dir='ltr'>etc.,</span> <span class='ocrx_word' id='word_1_289' title='bbox 1703 1819 1773 1854; x_wconf 81' lang='lat' dir='ltr'>fuit</span> <span class='ocrx_word' id='word_1_290' title='bbox 1796 1817 1990 1852; x_wconf 86' lang='lat' dir='ltr'>secundum</span> 
     </span>
     <span class='ocr_line' id='line_1_28' title="bbox 382 1873 1989 1921; baseline -0.002 -10"><span class='ocrx_word' id='word_1_291' title='bbox 382 1876 685 1921; x_wconf 69' lang='lat' dir='ltr'>ymaginationem</span> <span class='ocrx_word' id='word_1_292' title='bbox 708 1878 923 1920; x_wconf 84' lang='lat' dir='ltr'>aliquorum,</span> <span class='ocrx_word' id='word_1_293' title='bbox 949 1888 1017 1919; x_wconf 87' lang='lat' dir='ltr'>que</span> <span class='ocrx_word' id='word_1_294' title='bbox 1040 1877 1192 1911; x_wconf 84' lang='lat' dir='ltr'>tenenda</span> <span class='ocrx_word' id='word_1_295' title='bbox 1216 1887 1287 1911; x_wconf 92' lang='lat' dir='ltr'>non</span> <span class='ocrx_word' id='word_1_296' title='bbox 1313 1878 1377 1914; x_wconf 80' lang='lat' dir='ltr'>est,</span> <span class='ocrx_word' id='word_1_297' title='bbox 1395 1875 1479 1919; x_wconf 83' lang='lat' dir='ltr'>quia</span> <span class='ocrx_word' id='word_1_298' title='bbox 1507 1874 1687 1909; x_wconf 86' lang='lat' dir='ltr'>contraria</span> <span class='ocrx_word' id='word_1_299' title='bbox 1713 1873 1856 1909; x_wconf 84' lang='lat' dir='ltr'>veritati</span> <span class='ocrx_word' id='word_1_300' title='bbox 1882 1883 1989 1908; x_wconf 85' lang='lat' dir='ltr'>euan-</span> 
     </span>
     <span class='ocr_line' id='line_1_29' title="bbox 385 1927 1991 1975; baseline -0.002 -10"><span class='ocrx_word' id='word_1_301' title='bbox 385 1932 498 1975; x_wconf 84' lang='lat' dir='ltr'>gelice</span> <span class='ocrx_word' id='word_1_302' title='bbox 519 1943 582 1966; x_wconf 88' lang='lat' dir='ltr'>nee</span> <span class='ocrx_word' id='word_1_303' title='bbox 606 1935 700 1966; x_wconf 83' lang='lat' dir='ltr'>tenet</span> <span class='ocrx_word' id='word_1_304' title='bbox 723 1943 813 1973; x_wconf 85' lang='lat' dir='ltr'>eam,</span> <span class='ocrx_word' id='word_1_305' title='bbox 831 1931 940 1966; x_wconf 89' lang='lat' dir='ltr'>immo</span> <span class='ocrx_word' id='word_1_306' title='bbox 964 1931 1001 1965; x_wconf 93' lang='lat' dir='ltr'>in</span> <span class='ocrx_word' id='word_1_307' title='bbox 1025 1932 1094 1965; x_wconf 88' lang='lat' dir='ltr'>fine</span> <span class='ocrx_word' id='word_1_308' title='bbox 1118 1927 1216 1965; x_wconf 89' lang='lat' dir='ltr'>illius</span> <span class='ocrx_word' id='word_1_309' title='bbox 1232 1930 1404 1965; x_wconf 87' lang='lat' dir='ltr'>sermonis</span> <span class='ocrx_word' id='word_1_310' title='bbox 1427 1930 1551 1965; x_wconf 80' lang='lat' dir='ltr'>fecerit</span> <span class='ocrx_word' id='word_1_311' title='bbox 1568 1930 1746 1973; x_wconf 85' lang='lat' dir='ltr'>quandam</span> <span class='ocrx_word' id='word_1_312' title='bbox 1769 1927 1991 1973; x_wconf 79' lang='lat' dir='ltr'>protestatio-</span> 
     </span>
    </p>
   </div>
   <div class='ocr_carea' id='block_1_4' title="bbox 386 1983 1989 2084">
    <p class='ocr_par' dir='ltr' id='par_1_6' title="bbox 386 1983 1989 2084">
     <span class='ocr_line' id='line_1_30' title="bbox 386 1983 1989 2030; baseline -0.002 -9"><span class='ocrx_word' id='word_1_313' title='bbox 386 1998 477 2021; x_wconf 83' lang='lat' dir='ltr'>nem.</span> <span class='ocrx_word' id='word_1_314' title='bbox 497 1986 599 2027; x_wconf 87' lang='lat' dir='ltr'>Quod</span> <span class='ocrx_word' id='word_1_315' title='bbox 621 1987 663 2027; x_wconf 89' lang='lat' dir='ltr'>si,</span> <span class='ocrx_word' id='word_1_316' title='bbox 689 1987 783 2029; x_wconf 89' lang='lat' dir='ltr'>quod</span> <span class='ocrx_word' id='word_1_317' title='bbox 808 1986 910 2027; x_wconf 87' lang='lat' dir='ltr'>absit,</span> <span class='ocrx_word' id='word_1_318' title='bbox 937 1997 1051 2030; x_wconf 87' lang='lat' dir='ltr'>neque</span> <span class='ocrx_word' id='word_1_319' title='bbox 1077 1997 1137 2020; x_wconf 87' lang='lat' dir='ltr'>vos</span> <span class='ocrx_word' id='word_1_320' title='bbox 1165 1997 1279 2029; x_wconf 89' lang='lat' dir='ltr'>neque</span> <span class='ocrx_word' id='word_1_321' title='bbox 1302 1988 1407 2020; x_wconf 82' lang='lat' dir='ltr'>testes</span> <span class='ocrx_word' id='word_1_322' title='bbox 1430 1984 1607 2019; x_wconf 86' lang='lat' dir='ltr'>adhibitos</span> <span class='ocrx_word' id='word_1_323' title='bbox 1634 1984 1791 2019; x_wconf 83' lang='lat' dir='ltr'>volentes</span> <span class='ocrx_word' id='word_1_324' title='bbox 1814 1983 1989 2027; x_wconf 84' lang='lat' dir='ltr'>prodesse,</span> 
     </span>
     <span class='ocr_line' id='line_1_31' title="bbox 392 2039 1694 2084; baseline -0.002 -8"><span class='ocrx_word' id='word_1_325' title='bbox 392 2053 463 2076; x_wconf 88' lang='lat' dir='ltr'>non</span> <span class='ocrx_word' id='word_1_326' title='bbox 480 2052 607 2076; x_wconf 86' lang='lat' dir='ltr'>nocere</span> <span class='ocrx_word' id='word_1_327' title='bbox 622 2041 787 2082; x_wconf 87' lang='lat' dir='ltr'>audierit,</span> <span class='ocrx_word' id='word_1_328' title='bbox 805 2040 913 2076; x_wconf 87' lang='lat' dir='ltr'>dicite</span> <span class='ocrx_word' id='word_1_329' title='bbox 929 2040 1087 2082; x_wconf 81' lang='lat' dir='ltr'>ecclesie,</span> <span class='ocrx_word' id='word_1_330' title='bbox 1105 2040 1142 2075; x_wconf 90' lang='lat' dir='ltr'>id</span> <span class='ocrx_word' id='word_1_331' title='bbox 1159 2043 1211 2075; x_wconf 88' lang='lat' dir='ltr'>est</span> <span class='ocrx_word' id='word_1_332' title='bbox 1226 2041 1362 2084; x_wconf 81' lang='lat' dir='ltr'>prelato</span> <span class='ocrx_word' id='word_1_333' title='bbox 1377 2041 1630 2084; x_wconf 81' lang='lat' dir='ltr'>dyocesano....</span> <span class='ocrx_word' id='word_1_334' title='bbox 1649 2039 1694 2081; x_wconf 82' lang='lat'>(1)</span> 
     </span>
    </p>
   </div>
   <div class='ocr_carea' id='block_1_5' title="bbox 729 2117 1423 2160">
    <p class='ocr_par' dir='ltr' id='par_1_7' title="bbox 729 2117 1423 2160">
     <span class='ocr_line' id='line_1_32' title="bbox 729 2117 1423 2160; baseline -0.003 -7"><span class='ocrx_word' id='word_1_335' title='bbox 729 2117 920 2159; x_wconf 81' lang='lat' dir='ltr'>Carlerius,</span> <span class='ocrx_word' id='word_1_336' title='bbox 938 2119 1016 2153; x_wconf 88' lang='lat' dir='ltr'>deel</span> <span class='ocrx_word' id='word_1_337' title='bbox 1033 2118 1078 2159; x_wconf 93' lang='lat' dir='ltr'>II,</span> <span class='ocrx_word' id='word_1_338' title='bbox 1097 2117 1356 2160; x_wconf 73' lang='lat' dir='ltr'>verhandeling</span> <span class='ocrx_word' id='word_1_339' title='bbox 1373 2120 1423 2152; x_wconf 85' lang='lat'>14.</span> 
     </span>
    </p>
   </div>
   <div class='ocr_carea' id='block_1_6' title="bbox 1133 2233 1251 2275">
    <p class='ocr_par' dir='ltr' id='par_1_8' title="bbox 1133 2233 1251 2275">
     <span class='ocr_line' id='line_1_33' title="bbox 1133 2233 1251 2275; baseline -0.025 0"><span class='ocrx_word' id='word_1_340' title='bbox 1133 2233 1251 2275; x_wconf 87' lang='grc'><strong>359.</strong></span> 
     </span>
    </p>
   </div>
   <div class='ocr_carea' id='block_1_7' title="bbox 391 2339 1998 2466">
    <p class='ocr_par' dir='ltr' id='par_1_9' title="bbox 391 2339 1998 2466">
     <span class='ocr_line' id='line_1_34' title="bbox 457 2339 1998 2396; baseline -0.001 -13"><span class='ocrx_word' id='word_1_341' title='bbox 457 2341 570 2383; x_wconf 72' lang='lat' dir='ltr'>Vo&#39;o&#39;r</span> <span class='ocrx_word' id='word_1_342' title='bbox 600 2339 852 2384; x_wconf 75' lang='lat' dir='ltr'>November</span> <span class='ocrx_word' id='word_1_343' title='bbox 888 2341 1025 2391; x_wconf 80' lang='grc'><em>1472,</em></span> <span class='ocrx_word' id='word_1_344' title='bbox 1069 2342 1116 2383; x_wconf 79' lang='lat' dir='ltr'>in</span> <span class='ocrx_word' id='word_1_345' title='bbox 1148 2342 1175 2383; x_wconf 84' lang='lat' dir='ltr'>’t</span> <span class='ocrx_word' id='word_1_346' title='bbox 1205 2340 1378 2383; x_wconf 77' lang='lat' dir='ltr'>hisdem</span> <span class='ocrx_word' id='word_1_347' title='bbox 1410 2339 1682 2396; x_wconf 75' lang='lat' dir='ltr'>Kamerzjk?</span> <span class='ocrx_word' id='word_1_348' title='bbox 1703 2340 1897 2395; x_wconf 84' lang='lat' dir='ltr'>Vertoog</span> <span class='ocrx_word' id='word_1_349' title='bbox 1913 2351 1998 2381; x_wconf 84' lang='lat' dir='ltr'>van</span> 
     </span>
     <span class='ocr_line' id='line_1_35' title="bbox 391 2407 1997 2466; baseline -0.001 -16"><span class='ocrx_word' id='word_1_350' title='bbox 391 2408 472 2451; x_wconf 90' lang='lat' dir='ltr'>den</span> <span class='ocrx_word' id='word_1_351' title='bbox 495 2409 851 2466; x_wconf 86' lang='lat' dir='ltr'>Kamerijkschen</span> <span class='ocrx_word' id='word_1_352' title='bbox 873 2409 1013 2451; x_wconf 88' lang='lat' dir='ltr'>deken</span> <span class='ocrx_word' id='word_1_353' title='bbox 1034 2409 1196 2452; x_wconf 87' lang='lat' dir='ltr'>Carlier</span> <span class='ocrx_word' id='word_1_354' title='bbox 1215 2422 1316 2451; x_wconf 89' lang='lat' dir='ltr'>over</span> <span class='ocrx_word' id='word_1_355' title='bbox 1347 2411 1461 2451; x_wconf 81' lang='lat' dir='ltr'>twee</span> <span class='ocrx_word' id='word_1_356' title='bbox 1493 2408 1739 2451; x_wconf 86' lang='lat' dir='ltr'>kettersche</span> <span class='ocrx_word' id='word_1_357' title='bbox 1768 2407 1997 2463; x_wconf 85' lang='lat' dir='ltr'>stellingen</span> 
     </span>
    </p>
   </div>
   <div class='ocr_carea' id='block_1_8' title="bbox 391 2475 2000 2602">
    <p class='ocr_par' dir='ltr' id='par_1_10' title="bbox 391 2475 2000 2602">
     <span class='ocr_line' id='line_1_36' title="bbox 391 2475 2000 2533; baseline 0 -15"><span class='ocrx_word' id='word_1_358' title='bbox 391 2490 476 2519; x_wconf 86' lang='lat' dir='ltr'>van</span> <span class='ocrx_word' id='word_1_359' title='bbox 509 2491 642 2520; x_wconf 89' lang='lat' dir='ltr'>eenen</span> <span class='ocrx_word' id='word_1_360' title='bbox 675 2477 858 2520; x_wconf 87' lang='lat' dir='ltr'>zekeren</span> <span class='ocrx_word' id='word_1_361' title='bbox 891 2478 1061 2520; x_wconf 87' lang='lat' dir='ltr'>Marcus</span> <span class='ocrx_word' id='word_1_362' title='bbox 1092 2477 1250 2520; x_wconf 89' lang='lat' dir='ltr'>Cornet</span> <span class='ocrx_word' id='word_1_363' title='bbox 1283 2477 1531 2533; x_wconf 84' lang='lat' dir='ltr'>aangaande</span> <span class='ocrx_word' id='word_1_364' title='bbox 1565 2478 1639 2519; x_wconf 86' lang='lat' dir='ltr'>het</span> <span class='ocrx_word' id='word_1_365' title='bbox 1671 2478 1724 2519; x_wconf 89' lang='lat' dir='ltr'>H.</span> <span class='ocrx_word' id='word_1_366' title='bbox 1751 2475 2000 2519; x_wconf 82' lang='lat' dir='ltr'>Sacrament</span> 
     </span>
     <span class='ocr_line' id='line_1_37' title="bbox 396 2545 1407 2602; baseline -0.001 -14"><span class='ocrx_word' id='word_1_367' title='bbox 396 2546 469 2588; x_wconf 87' lang='lat' dir='ltr'>des</span> <span class='ocrx_word' id='word_1_368' title='bbox 492 2546 651 2588; x_wconf 85' lang='lat' dir='ltr'>altaars</span> <span class='ocrx_word' id='word_1_369' title='bbox 674 2560 726 2588; x_wconf 90' lang='lat' dir='ltr'>en</span> <span class='ocrx_word' id='word_1_370' title='bbox 748 2546 800 2588; x_wconf 90' lang='lat' dir='ltr'>de</span> <span class='ocrx_word' id='word_1_371' title='bbox 822 2545 1193 2602; x_wconf 85' lang='lat' dir='ltr'>onsterfelijkheid</span> <span class='ocrx_word' id='word_1_372' title='bbox 1217 2546 1292 2588; x_wconf 88' lang='lat' dir='ltr'>der</span> <span class='ocrx_word' id='word_1_373' title='bbox 1312 2545 1407 2588; x_wconf 89' lang='lat' dir='ltr'>ziel.</span> 
     </span>
    </p>
   </div>
   <div class='ocr_carea' id='block_1_9' title="bbox 404 2635 2003 2790">
    <p class='ocr_par' dir='ltr' id='par_1_11' title="bbox 404 2635 2003 2790">
     <span class='ocr_line' id='line_1_38' title="bbox 450 2635 1866 2672; baseline -0.002 -2"><span class='ocrx_word' id='word_1_374' title='bbox 450 2637 677 2671; x_wconf 76' lang='lat' dir='ltr'>Tractatulus</span> <span class='ocrx_word' id='word_1_375' title='bbox 693 2643 819 2671; x_wconf 71' lang='lat' dir='ltr'>contra</span> <span class='ocrx_word' id='word_1_376' title='bbox 835 2637 1003 2671; x_wconf 78' lang='lat' dir='ltr'>Marcum</span> <span class='ocrx_word' id='word_1_377' title='bbox 1023 2637 1149 2672; x_wconf 75' lang='lat' dir='ltr'>Cornet</span> <span class='ocrx_word' id='word_1_378' title='bbox 1166 2641 1348 2672; x_wconf 75' lang='lat' dir='ltr'>errantem</span> <span class='ocrx_word' id='word_1_379' title='bbox 1365 2638 1405 2670; x_wconf 79' lang='lat' dir='ltr'>in</span> <span class='ocrx_word' id='word_1_380' title='bbox 1420 2640 1646 2671; x_wconf 79' lang='lat' dir='ltr'>sacramento</span> <span class='ocrx_word' id='word_1_381' title='bbox 1663 2635 1866 2670; x_wconf 72' lang='lat' dir='ltr'>eucaristie.</span> 
     </span>
     <span class='ocr_line' id='line_1_39' title="bbox 443 2688 2002 2734; baseline -0.003 -8"><span class='ocrx_word' id='word_1_382' title='bbox 443 2692 598 2727; x_wconf 82' lang='lat' dir='ltr'>Assertio</span> <span class='ocrx_word' id='word_1_383' title='bbox 621 2692 688 2726; x_wconf 78' lang='lat' dir='ltr'>ista</span> <span class='ocrx_word' id='word_1_384' title='bbox 703 2693 746 2726; x_wconf 88' lang='lat' dir='ltr'>de</span> <span class='ocrx_word' id='word_1_385' title='bbox 761 2695 981 2727; x_wconf 85' lang='lat' dir='ltr'>sacramento</span> <span class='ocrx_word' id='word_1_386' title='bbox 997 2692 1207 2727; x_wconf 85' lang='lat' dir='ltr'>eucaristie:</span> <span class='ocrx_word' id='word_1_387' title='bbox 1236 2691 1367 2730; x_wconf 79' lang='lat' dir='ltr'>Quand</span> <span class='ocrx_word' id='word_1_388' title='bbox 1398 2693 1431 2725; x_wconf 79' lang='lat' dir='ltr'>ie</span> <span class='ocrx_word' id='word_1_389' title='bbox 1458 2702 1589 2734; x_wconf 70' lang='lat' dir='ltr'>verr-ay</span> <span class='ocrx_word' id='word_1_390' title='bbox 1613 2690 1750 2724; x_wconf 80' lang='lat' dir='ltr'>esleuer</span> <span class='ocrx_word' id='word_1_391' title='bbox 1775 2689 1879 2723; x_wconf 82' lang='lat' dir='ltr'>Zostie</span> <span class='ocrx_word' id='word_1_392' title='bbox 1901 2699 1946 2723; x_wconf 79' lang='lat' dir='ltr'>en</span> <span class='ocrx_word' id='word_1_393' title='bbox 1970 2688 2002 2722; x_wconf 84' lang='lat' dir='ltr'>le</span> 
     </span>
     <span class='ocr_line' id='line_1_40' title="bbox 404 2743 2003 2790; baseline 0 -12"><span class='ocrx_word' id='word_1_394' title='bbox 404 2757 526 2787; x_wconf 78' lang='lat' dir='ltr'>messe,</span> <span class='ocrx_word' id='word_1_395' title='bbox 547 2748 580 2779; x_wconf 77' lang='lat' dir='ltr'>ie</span> <span class='ocrx_word' id='word_1_396' title='bbox 596 2757 726 2790; x_wconf 73' lang='lat' dir='ltr'>verray</span> <span class='ocrx_word' id='word_1_397' title='bbox 742 2757 817 2790; x_wconf 67' lang='lat' dir='ltr'>unq</span> <span class='ocrx_word' id='word_1_398' title='bbox 828 2758 903 2790; x_wconf 81' lang='lat' dir='ltr'>peu</span> <span class='ocrx_word' id='word_1_399' title='bbox 919 2746 963 2779; x_wconf 82' lang='lat' dir='ltr'>de</span> <span class='ocrx_word' id='word_1_400' title='bbox 984 2748 1076 2790; x_wconf 73' lang='lat' dir='ltr'>pain</span> <span class='ocrx_word' id='word_1_401' title='bbox 1093 2757 1135 2779; x_wconf 75' lang='lat' dir='ltr'>en</span> <span class='ocrx_word' id='word_1_402' title='bbox 1154 2748 1317 2779; x_wconf 69' lang='lat' dir='ltr'>mamere</span> <span class='ocrx_word' id='word_1_403' title='bbox 1334 2745 1378 2779; x_wconf 84' lang='lat' dir='ltr'>de</span> <span class='ocrx_word' id='word_1_404' title='bbox 1394 2756 1464 2779; x_wconf 78' lang='lat' dir='ltr'>zme</span> <span class='ocrx_word' id='word_1_405' title='bbox 1482 2744 1598 2779; x_wconf 77' lang='lat' dir='ltr'>rende</span> <span class='ocrx_word' id='word_1_406' title='bbox 1611 2747 1710 2789; x_wconf 66' lang='lat' dir='ltr'>piece</span> <span class='ocrx_word' id='word_1_407' title='bbox 1726 2743 1770 2778; x_wconf 79' lang='lat' dir='ltr'>de</span> <span class='ocrx_word' id='word_1_408' title='bbox 1787 2745 1933 2788; x_wconf 56' lang='grc' dir='ltr'>βαρέαν,</span> <span class='ocrx_word' id='word_1_409' title='bbox 1951 2745 2003 2778; x_wconf 81' lang='lat' dir='ltr'>est</span> 
     </span>
    </p>
   </div>
   <div class='ocr_carea' id='block_1_10' title="bbox 1359 2832 1500 2837">
    <p class='ocr_par' dir='ltr' id='par_1_12' title="bbox 1359 2832 1500 2837">
     <span class='ocr_line' id='line_1_41' title="bbox 1359 2832 1500 2837; baseline 0 0"><span class='ocrx_word' id='word_1_410' title='bbox 1359 2832 1500 2837; x_wconf 95' lang='lat' dir='ltr'> </span> 
     </span>
    </p>
   </div>
   <div class='ocr_carea' id='block_1_11' title="bbox 448 2880 1279 2925">
    <p class='ocr_par' dir='ltr' id='par_1_13' title="bbox 448 2880 1279 2925">
     <span class='ocr_line' id='line_1_42' title="bbox 448 2880 1279 2925; baseline -0.001 -9"><span class='ocrx_word' id='word_1_411' title='bbox 448 2883 492 2923; x_wconf 86' lang='grc'>(1)</span> <span class='ocrx_word' id='word_1_412' title='bbox 519 2881 606 2916; x_wconf 87' lang='lat' dir='ltr'>Hier</span> <span class='ocrx_word' id='word_1_413' title='bbox 621 2881 748 2925; x_wconf 74' lang='lat' dir='ltr'>volgcn</span> <span class='ocrx_word' id='word_1_414' title='bbox 765 2882 998 2925; x_wconf 80' lang='lat' dir='ltr'>godgeleerde</span> <span class='ocrx_word' id='word_1_415' title='bbox 1014 2880 1279 2925; x_wconf 82' lang='lat' dir='ltr'>uitwcidingen.</span> 
     </span>
    </p>
   </div>
  </div>
 </body>
</html>
