2097 3466
815 206 948 250 ANNO
975 210 1073 249 1371
1699 206 1761 248 221

127 307 294 353 magistri
311 306 512 348 consulum,
532 306 593 350 qui
622 308 703 342 actu
730 310 838 342 erunt.
853 307 910 343 vel
923 310 1007 342 sunt
1022 318 1087 352 pro
1104 308 1276 350 tempore,
1295 316 1368 340 una
1392 315 1474 340 cum
1501 304 1680 341 schulteto
1707 306 1763 341 vel

121 363 247 408 judice
263 361 432 403 civitatis,
451 361 586 405 oppidi,
603 361 711 397 castri
726 373 787 397 seu
804 362 912 397 villae
929 363 958 396 si
976 363 1058 403 sint,
1077 362 1134 397 vel
1151 362 1222 396 duo
1239 361 1301 395 alii
1319 360 1388 395 viri
1413 362 1614 406 approbati,
1644 363 1764 397 clarae

127 417 255 459 famae,
274 417 446 452 habentes
463 417 577 451 Deum
596 427 681 460 prae
698 417 824 458 oculis,
844 417 881 452 in
898 418 987 453 loeis
1005 417 1066 452 ubi
1084 416 1249 461 magistri
1274 417 1462 451 consulum
1487 429 1558 452 non
1589 421 1683 459 sunt,
1708 418 1765 453 vel

125 473 218 508 alter
230 484 368 514 eorum,
387 484 476 517 quos
493 472 687 516 inquisitor
703 473 747 507 de
764 473 916 508 consilio
933 473 1173 508 discretorum
1189 475 1225 507 et
1238 470 1319 506 fidei
1338 472 1532 507 zelatorum
1550 472 1762 514 nominabit,

124 527 224 562 illius
240 528 323 569 loci,
342 528 379 562 in
397 539 468 571 quo
496 527 703 572 hujusmodi
728 528 867 569 domus,
887 527 1142 563 conventicula
1169 527 1227 561 vel
1243 537 1300 561 res
1318 537 1390 560 una
1414 538 1496 561 cum
1514 531 1612 562 certo
1636 527 1764 562 nuntio

123 583 349 627 inquisitoris
364 584 431 618 sub
447 582 653 618 testimonio
685 583 797 618 trium
827 583 984 618 aliorum
1013 583 1177 618 virorum
1202 583 1272 617 fide
1289 582 1484 626 dignorum
1501 584 1544 618 dc
1561 583 1766 627 praemissis

122 638 288 674 domibus
301 650 339 674 se
355 638 597 674 intromittant
612 638 829 675 auctoritate
843 644 965 675 nostra
978 639 1159 684 imperiali
1176 639 1245 673 hoc
1261 638 1348 683 ipsis
1364 639 1594 683 imponimus,
1613 644 1648 675 et
1665 652 1763 674 man-

122 694 249 729 damus
264 694 405 740 gratiae
431 698 574 730 nostrae
599 698 632 729 et
658 694 813 729 Romani
839 695 983 739 imperii
1008 695 1073 730 sub
1099 695 1249 730 obtentu
1274 696 1320 735 et,
1348 695 1562 738 quantocius
1578 696 1764 731 commode

122 752 301 794 poterunt.
320 750 477 784 vendant
493 749 700 794 hujusmodi
719 750 812 784 bona
840 753 875 784 et
898 750 1055 791 tradant,
1083 749 1314 790 distribuant,
1334 749 1528 794 assignent,
1555 751 1661 785 modo
1692 762 1763 793 quo

121 804 288 849 superius
304 815 369 848 per
385 816 449 839 nos
461 813 514 839 est
530 804 750 845 ordinatum,
771 808 804 839 et
823 805 994 840 continue
1012 805 1108 839 infra
1125 816 1240 838 unum
1258 815 1428 846 mensem,
1449 807 1635 848 postquam
1651 805 1762 840 nostri

121 858 229 894 edicti
246 862 282 894 et
297 859 421 894 statuti
439 859 636 903 praesentis
653 864 757 894 tenor
773 859 906 894 ibidem
924 859 1035 894 fuerit
1050 859 1250 894 intimatus.

166 914 217 949 De
233 914 399 949 domibus
423 918 543 950 autem
571 926 632 949 seu
662 915 924 950 conventiculis
952 916 1127 956 locorum,
1146 915 1184 948 in
1209 914 1341 958 quibus
1358 914 1477 949 adhuc
1502 914 1685 960 Beghardi
1703 916 1759 951 vel

120 970 307 1015 Beguinae
333 970 540 1015 hujusmodi
566 974 849 1012 commorantur,
869 974 948 1015 post
964 970 1211 1015 expulsionem
1228 971 1286 1004 vel
1303 970 1522 1005 amotionem
1540 971 1700 1015 ipsorum
1716 984 1758 1007 ac

120 1026 292 1070 ipsarum,
311 1025 407 1060 infra
423 1029 495 1061 tres
511 1027 586 1060 dies
611 1026 818 1061 immediate
836 1029 1034 1070 sequentes,
1054 1027 1178 1061 eodem
1201 1026 1307 1060 modo
1331 1026 1559 1061 decernimus
1576 1027 1756 1071 agendum

119 1083 154 1116 et
167 1081 444 1124 procedendum,
457 1085 564 1125 prout
577 1081 742 1125 superius
755 1082 798 1116 dc
811 1081 893 1116 aliis
905 1081 1082 1123 domibus,
1096 1080 1357 1116 conventiculis
1373 1084 1408 1116 et
1424 1082 1530 1116 rebus
1549 1082 1756 1125 Beghardo-

118 1146 200 1170 rum
214 1138 249 1170 ct
259 1135 507 1180 Beguinarum
521 1148 584 1180 per
597 1139 755 1170 nostram
771 1136 984 1171 Caesaream
999 1137 1221 1180 majestatem
1235 1138 1287 1170 est
1304 1135 1495 1177 sancitum,
1511 1136 1707 1171 diffinitum
1722 1140 1756 1172 ct

119 1192 426 1236 praeordinatum.
446 1192 546 1227 Nulli
564 1203 651 1237 ergo
669 1193 817 1227 omnino
834 1191 942 1226 liceat
969 1191 1158 1226 hominum
1185 1191 1280 1225 hanc
1308 1195 1452 1226 nostrae
1476 1190 1756 1232 constitutionis,

118 1247 239 1288 edicti,
259 1247 487 1283 diffinitionis
511 1250 545 1282 et
569 1246 823 1291 applicationis
847 1246 1018 1290 paginam
1043 1245 1244 1291 infringere
1269 1258 1330 1281 seu
1347 1246 1380 1280 ei
1399 1246 1525 1290 quovis
1541 1257 1630 1280 ausu
1648 1249 1758 1282 teme-

117 1301 216 1337 rario
233 1302 502 1346 quomodolibet
518 1302 711 1337 contraire.
732 1302 770 1336 Si
785 1302 865 1346 quis
881 1305 1002 1337 autem
1019 1301 1150 1336 harum
1164 1301 1432 1336 constitutionis
1448 1304 1483 1336 et
1498 1301 1605 1336 edicti
1624 1301 1755 1336 diffini-

116 1357 226 1392 tionis
243 1357 369 1401 quovis
386 1358 492 1393 modo
509 1357 733 1393 contrarium
751 1360 965 1401 attemptare
981 1357 1272 1401 praesumpserit,
1292 1356 1579 1401 indignationem
1597 1360 1755 1391 nostram

117 1413 367 1458 gravissimam
381 1416 417 1449 et
432 1425 584 1457 poenam
601 1416 746 1448 centum
763 1424 970 1447 marcarum
986 1412 1068 1447 auri
1084 1411 1267 1456 purissimi
1290 1411 1420 1447 totiens
1445 1411 1610 1455 quotiens
1631 1414 1757 1447 contra

116 1469 255 1504 factum
271 1469 393 1511 fuerit,
409 1481 446 1504 se
462 1468 604 1504 noverit
627 1467 926 1502 irremissibiliter
952 1468 1198 1509 incursurum,
1220 1479 1374 1511 quarum
1396 1466 1624 1502 medietatem
1644 1467 1752 1511 impe-

115 1523 200 1559 riali
217 1528 339 1560 nostro
364 1525 450 1560 fisco
473 1536 535 1559 seu
560 1523 714 1565 aerario,
733 1523 912 1566 reliquam
929 1534 1015 1558 vero
1039 1525 1176 1566 partem
1202 1523 1314 1567 ipsius
1338 1522 1562 1567 inquisitoris
1585 1535 1650 1567 pro
1674 1524 1753 1558 loco

115 1578 240 1614 usibus
256 1579 480 1615 decrevimus
497 1578 686 1623 applicari.

160 1633 198 1668 Si
215 1646 312 1676 vero,
332 1635 427 1679 quod
455 1633 558 1674 absit,
583 1632 715 1677 aliquis
746 1632 803 1667 vel
827 1631 954 1675 aliqui,
982 1632 1206 1678 conjunctim
1236 1633 1294 1667 vel
1324 1631 1480 1673 divisim,
1508 1633 1756 1678 cujuscunque

117 1689 345 1731 conditionis,
367 1692 479 1725 status
499 1690 557 1723 vel
570 1687 876 1733 praeeminentiae
896 1687 1093 1729 extiterint,
1108 1699 1198 1722 ausu
1212 1687 1405 1722 temerario
1418 1687 1612 1731 praedictis
1625 1687 1756 1722 nostris

117 1745 271 1787 statutis,
287 1745 577 1786 diffinitionibus,
596 1744 899 1789 applicationibus
922 1755 964 1778 ac
985 1743 1102 1779 edicto
1124 1743 1417 1779 contravenerint
1429 1755 1490 1778 seu
1509 1743 1635 1787 quovis
1649 1744 1755 1778 modo

114 1801 210 1845 ipsos
234 1801 465 1846 inquisitores
493 1803 550 1837 vel
578 1801 829 1845 inquisitorem
857 1802 1102 1842 molestarent,
1136 1800 1354 1844 impedirent
1380 1811 1442 1835 seu
1473 1800 1663 1834 turbarent
1692 1810 1753 1833 seu

114 1868 240 1892 eorum
258 1857 440 1899 officiales,
455 1862 519 1893 aut
535 1857 653 1892 dictae
682 1860 824 1892 nostrae
853 1855 1120 1891 constitutionis
1147 1855 1394 1890 executionem
1419 1854 1554 1890 directe
1581 1855 1637 1889 vel
1662 1855 1753 1889 indi-

114 1915 223 1954 recte,
242 1913 383 1948 occulte
399 1913 456 1947 vel
472 1912 673 1953 manifeste,
694 1923 758 1956 per
775 1923 811 1946 sc
828 1912 884 1946 vel
901 1911 1013 1946 alium
1037 1922 1099 1945 seu
1128 1910 1218 1945 alios
1249 1909 1466 1954 impedirent
1490 1909 1616 1953 quovis
1634 1909 1751 1952 modo,

114 1967 223 2002 talem
252 1979 312 2003 seu
353 1968 454 2008 tales,
488 1968 609 2011 elapso
645 1966 757 2002 trium
797 1967 977 2001 mensium
1016 1966 1183 2007 termino,
1216 1977 1358 2000 exnunc
1401 1969 1508 2009 prout
1539 1969 1671 2000 extunc
1716 1968 1752 1999 ct

114 2024 246 2056 extunc
264 2025 369 2066 prout
391 2034 545 2063 exnunc,
565 2025 709 2066 practer
726 2021 947 2065 praedictam
973 2032 1124 2065 poenam
1141 2020 1264 2055 omnia
1280 2021 1374 2054 bona
1390 2020 1503 2064 ipsius
1518 2020 1574 2054 vel
1591 2020 1751 2063 ipsorum

114 2075 295 2120 imperiali
314 2078 400 2112 fisco
416 2077 652 2121 applicamus,
672 2087 714 2110 ac
740 2076 857 2120 ipsum
875 2088 917 2110 30
934 2075 1029 2119 ipsos
1053 2075 1220 2110 omnibus
1244 2074 1383 2119 gratiis,
1404 2074 1617 2119 privilegiis,
1644 2075 1750 2109 liber-

114 2132 261 2173 tatibus,
280 2132 582 2173 immunitatibus,
602 2131 853 2175 dignitatibus,
878 2131 1077 2165 honoribus
1094 2131 1270 2165 Caesarea
1295 2131 1482 2174 majestate
1506 2129 1691 2173 privamus
1715 2133 1749 2164 et

114 2188 346 2222 molestamus
363 2199 405 2222 ac
427 2187 588 2232 privatos
611 2186 868 2221 denuntiamus
884 2186 961 2230 ipso
979 2187 1074 2221 facto
1095 2214 1101 2220 .
1123 2214 1130 2220 .
1153 2214 1158 2220 .
1182 2214 1188 2220 .

159 2243 290 2277 Datum
316 2242 354 2277 in
372 2242 519 2278 civitate
543 2245 665 2277 nostra
691 2242 859 2276 Luccana
886 2252 981 2275 anno
998 2240 1143 2275 Domini
1167 2239 1643 2281 MCCCLXIX,indictione
1669 2239 1749 2281 VII,

114 2296 184 2332 XV
201 2297 345 2333 kalend.
364 2297 466 2340 Julii,
485 2308 683 2342 regnorum
702 2300 907 2332 nostrorum
923 2308 1018 2331 anno
1035 2296 1174 2338 XXIII,
1194 2296 1338 2340 imperii
1355 2307 1440 2331 vero
1458 2296 1538 2331 XV.

463 2375 653 2418 Mosheim,
673 2375 739 2409 blz.
759 2377 912 2410 356-362.

871 2503 986 2548 214.

179 2633 318 2682 1371,
346 2631 460 2675 szz'
477 2633 521 2681 7,
550 2629 779 2688 Amynan.
806 2630 887 2673 Bul
910 2643 997 2674 van
1020 2628 1257 2687 Gregorius
1280 2629 1358 2681 XI,
1386 2626 1567 2687 waarbij
1591 2625 1650 2687 hij
1677 2625 1753 2673 het

115 2701 299 2759 gebruik
322 2701 400 2744 der
420 2699 898 2745 verbeurdverklaarde
922 2699 1137 2756 goederen
1160 2699 1238 2742 der
1272 2699 1523 2743 kettersche
1558 2700 1752 2755 Beggar-

115 2771 197 2815 den
221 2785 274 2814 en
298 2771 526 2828 Begijnen
556 2770 700 2813 zooals
724 2769 800 2813 het
966 2769 1019 2812 de
1051 2769 1258 2813 Duitsche
1289 2769 1447 2812 landen
1470 2768 1576 2812 door
1608 2769 1753 2812 keizer

112 2840 249 2884 Karel
285 2841 347 2884 IV
380 2840 586 2897 geregeld
610 2839 747 2889 werd,
773 2838 1005 2883 volkomen
1031 2839 1289 2895 goedkeurt.
1411 2840 1470 2881 De
1493 2852 1599 2894 paus
1632 2842 1747 2894 zegt,

113 2909 188 2954 dat
229 2909 281 2953 de
319 2910 576 2965 inquisiteur
618 2909 695 2954 der
732 2907 940 2952 Duitsehe
983 2908 1141 2952 landen
1195 2909 1371 2954 Walter
1409 2908 1594 2964 Kerling
1646 2907 1746 2950 hem
