2097 3466
334 255 400 289 ‘240
989 255 1121 289 ANNO
1146 266 1177 289 c.
1205 256 1306 290 1380

334 347 388 381 vol
408 358 489 381 non.
509 346 552 381 Et
569 347 597 380 si
615 347 723 382 vultis
747 358 829 382 cum
858 347 1058 388 admittere,
1077 346 1217 382 faciatis
1241 357 1362 381 seeum
1387 349 1427 382 ut
1442 346 1625 391 praedicet
1649 346 1845 383 secundum
1868 347 1956 384 Pro-

338 402 479 444 phetam
499 402 629 445 populo
647 407 791 445 peecata
808 414 870 436 sna
889 405 923 436 ct.
948 401 1101 436 crimina
1124 405 1160 436 ot
1182 401 1277 435 viam
1302 402 1348 436 ad
1371 402 1522 444 coelum,
1542 403 1681 437 scilicet
1712 402 1906 445 Christum,
1924 405 1960 438 et

335 464 487 499 exponat
505 457 733 500 evangelium
761 469 872 491 unum
897 457 1093 491 secundum
1109 455 1267 499 aliquem
1283 457 1484 498 doctorum,
1502 459 1538 492 et
1554 456 1714 492 dimittat
1729 457 1793 492 illa
1815 457 1957 501 incapa-

337 511 423 544 bilia
447 514 480 545 et
506 512 667 554 profana.
693 513 974 555 Augustinonsos
1000 511 1261 545 Dordracenses
1277 511 1411 545 habent
1427 512 1558 545 famam
1577 512 1672 555 quod
1687 515 1771 547 sunt
1784 511 1958 548 haeretici

337 565 433 599 inter
460 565 552 599 illos.
580 566 640 599 Sic
671 567 792 600 audivi
810 579 831 600 a
858 567 981 600 multis
997 566 1101 599 annis
1116 565 1154 599 in
1173 566 1340 609 Trajecto
1357 569 1392 600 et
1407 565 1446 600 in
1464 566 1669 600 Hollandia.
1689 567 1734 601 Et
1749 577 1816 610 ego
1831 565 1959 601 vellem

335 631 416 653 oum
434 628 568 654 secrete
585 621 712 655 audire
729 625 764 656 et
780 633 860 655 cun]
880 620 1032 661 notario,
1053 620 1196 663 quando
1224 621 1332 655 vellet
1358 621 1542 655 vobiscum
1572 621 1793 665 praedicare.
1812 620 1858 656 Et
1872 623 1960 656 tunc

338 686 409 708 non
436 675 614 709 deberetis
641 675 708 710 sibi
736 676 963 716 interdicere,
990 675 1051 710 sed
1078 674 1168 709 mihi
1192 675 1409 710 demandare
1433 678 1474 711 ut
1495 679 1630 711 secrete
1653 675 1824 718 venirem,
1850 678 1887 711 et
1908 675 1960 710 sio

339 731 471 766 furtive
487 743 696 775 caperemus
712 743 793 766 eum
811 731 848 765 in
865 731 983 766 verbis
999 731 1170 771 erroneis,
1197 733 1231 765 et
1255 730 1528 766 excluderemus
1543 742 1626 766 eum
1642 742 1664 766 a
1679 730 1959 775 praedicatione,

339 790 378 821 ut
394 798 465 821 non
481 786 701 831 gloriaretur
716 786 880 821 diabolus
896 797 960 830 per
975 797 1069 820 eum.

683 889 844 931 Aequoy,
877 885 1040 921 Germ-cli
1067 886 1201 929 Mayni
1229 884 1403 929 epistolae
1432 885 1538 927 XIV,
1557 885 1623 920 blz.
1653 887 1766 928 27-34,
1791 896 1891 921 waar
1915 884 1960 921 de

726 943 891 987 uitgever
921 942 997 977 veel
1029 941 1257 985 bolangrijke
1284 941 1540 985 verklaringen
1572 942 1620 984 bij
1652 942 1723 976 den
1747 942 1843 977 tekst
1863 942 1961 978 heeft

731 997 904 1041 gevoegd.
933 1016 976 1020 —
1001 996 1055 1040 Op
1080 996 1163 1030 dcze
1190 995 1336 1030 brieven
1352 1007 1422 1030 van
1452 996 1559 1030 Geert
1575 996 1705 1031 Groote
1721 996 1796 1031 laat
1809 997 1961 1040 Acquoy

727 1064 793 1087 een
824 1052 1011 1086 Exczcrsus
1042 1052 1184 1095 volgen,
1217 1050 1388 1094 getiteld:
1423 1065 1439 1078 ιι
1473 1051 1525 1086 De
1547 1050 1750 1086 haereticae
1772 1051 1961 1096 pravitatis

728 1106 976 1150 Inquisitione,
1004 1105 1154 1141 Gerardi
1181 1105 1307 1150 Magni
1333 1108 1449 1140 aetate
1476 1108 1512 1140 et
1538 1106 1645 1149 paulo
1671 1108 1750 1150 post
1775 1106 1815 1141 in
1842 1105 1961 1151 patria

728 1164 851 1196 nostra
873 1161 1018 1205 vigente
1036 1177 1051 1190 n
1077 1161 1155 1203 (blz.
1175 1161 1302 1202 44-48.)
1325 1161 1416 1195 Deze
1438 1160 1558 1195 kleine
1583 1160 1857 1205 verhandeling,
1876 1162 1960 1196 toen

725 1217 767 1258 zij
787 1216 825 1250 in
843 1218 927 1250 1857
943 1215 1148 1257 verscheen,
1166 1226 1239 1249 was
1254 1214 1316 1249 het
1337 1215 1608 1259 belangriJkste‚
1625 1215 1687 1250 dat
1708 1226 1803 1257 men,
1820 1214 1860 1249 in
1875 1225 1961 1250 onze

725 1282 827 1306 eeuw
850 1271 1003 1312 althans,
1029 1282 1115 1305 over
1142 1270 1186 1305 de
1209 1270 1499 1306 Nederlandsche
1521 1270 1710 1315 Inquisitie
1731 1274 1820 1307 v<>6r
1841 1270 1961 1307 keizer

725 1327 835 1363 Karel
853 1327 885 1362 V
901 1327 1121 1372 geschreven
1135 1326 1219 1362 had.

1084 1465 1203 1510 227.

396 1603 652 1650 0mstreeks
678 1603 815 1654 1380,
840 1602 1093 1646 Deventer?
1119 1602 1242 1645 Brief
1266 1616 1351 1646 van
1373 1602 1507 1646 Geert
1529 1601 1689 1646 Groote
1712 1616 1796 1646 aan
1819 1601 1964 1646 Floris

330 1688 415 1717 van
439 1673 828 1723 Wevelinchoven‚
867 1671 1068 1728 bisschop
1103 1685 1189 1714 van
1222 1671 1407 1714 Utrecht
1430 1670 1737 1728 (1379-1393),
1764 1685 1831 1714 0111
1863 1671 1963 1714 hem

329 1746 459 1798 tegen
496 1742 679 1785 broeder
709 1741 1055 1784 Bartholomaeus
1093 1743 1138 1783 te
1173 1740 1524 1783 waarschuwen.
1551 1765 1609 1772 —
1631 1741 1766 1784 Geert
1800 1740 1964 1784 Groote

326 1811 568 1863 herinnert,
597 1811 671 1854 dat
693 1810 796 1852 deze
819 1809 1059 1866 augustijn,
1091 1809 1191 1852 dien
1224 1809 1283 1866 hij
1308 1809 1652 1853 Bartholomaeus
1676 1823 1730 1852 θη
1763 1809 1966 1853 Berthol-

329 1880 406 1923 dus
430 1883 574 1925 noemt
593 1879 672 1937 (l),
700 1879 805 1922 door
828 1879 859 1920 ’s
878 1877 1103 1934 bissehops
1135 1878 1295 1921 vicaris
1320 1891 1374 1921 en
1405 1878 1516 1934 ziJ‘ne
1547 1878 1721 1934 helpers
1742 1878 1834 1922 niet
1864 1891 1965 1922 zeer

330 1948 498 2004 ernstig
519 1949 555 1991 is
580 1948 843 1991 onderzooht
866 1947 1102 2003 geworden
1128 1961 1232 1990 over·
1253 1947 1366 2004 zijne
1389 1960 1644 1990 sermoenen
1675 1949 1719 1991 te
1747 1947 1960 2004 Kampen,

328 2020 371 2060 te
401 2017 562 2059 Zwolle
592 2031 645 2059 en
678 2020 723 2060 te
762 2016 1077 2059 Woudrichem
1113 2016 1357 2072 gepredfflt,
1386 2015 1565 2073 waarbij
1598 2015 1658 2074 hij
1695 2015 1830 2059 onder
1861 2015 1964 2059 eede

329 2085 587 2128 verklaarde
612 2085 664 2128 de
694 2085 948 2142 ketterijen,
977 2085 1044 2128 die
1080 2085 1179 2127 hem
1216 2087 1291 2127 ten
1326 2085 1437 2127 laste
1464 2084 1642 2128 werden
1675 2084 1844 2141 gelegd‚
1871 2085 1963 2129 niet

327 2154 599 2210 verkondigd
623 2158 666 2197 te
693 2153 877 2196 hebben.
907 2154 1016 2196 Hem
1039 2153 1160 2196 werd
1182 2153 1363 2196 bevolen
1396 2167 1501 2196 eene
1524 2153 1762 2211 dergelijke
1785 2153 1963 2196 herroe-

328 2224 432 2278 ping
454 2227 496 2265 te
518 2223 716 2279 Kampen
742 2236 796 2265 en
818 2225 863 2265 te
887 2223 1048 2265 Zwolle
1070 2225 1114 2265 te
1137 2236 1249 2278 gaan
1273 2222 1398 2265 doen.
1422 2222 1591 2265 Ver-der
1608 2236 1686 2265 zou
1709 2222 1785 2266 het
1808 2221 1963 2265 onder-

330 2291 436 2333 zoek
478 2291 617 2348 zijner
652 2291 760 2334 zaak
798 2304 880 2350 ἢθη
920 2291 1003 2334 den
1038 2290 1237 2346 bisschop
1276 2291 1397 2333 zelve
1440 2291 1722 2346 overgelaten
1762 2290 1959 2334 worden.

329 2359 462 2402 Geert
502 2360 662 2403 Groote
697 2362 845 2415 spoort
877 2359 1018 2402 Floris
1052 2358 1367 2416 uitdrukkelijk
1398 2373 1496 2412 aan,
1537 2358 1766 2402 daarmede
1797 2359 1889 2404 niet
1919 2361 1965 2403 te
2033 2399 2036 2401 ,

332 2427 540 2471 wachten
564 2442 618 2471 en
640 2427 734 2471 zich
752 2427 866 2470 noch
888 2427 995 2472 door
1013 2427 1293 2483 smeekingen
1310 2427 1422 2471 noch
1455 2428 1560 2471 door
1590 2428 1691 2484 geld
1713 2428 1827 2471 noch
1859 2427 1966 2472 door

333 2497 417 2540 wie
450 2496 497 2539 of
520 2500 609 2540 wat
642 2497 718 2540 het
752 2496 833 2540 ook
857 2497 909 2554 zij
944 2499 989 2540 te
1021 2497 1141 2541 laten
1172 2495 1413 2553 asbrengen
1439 2509 1525 2540 van
1554 2497 1700 2555 zijnen
1729 2496 1864 2553 plicht
1893 2509 1962 2540 om

382 2711 426 2753 (1)
452 2713 601 2755 Acquoy
617 2710 696 2753 (blz.
715 2712 768 2752 24,
784 2713 869 2746 noot
885 2712 916 2754 2)
931 2710 1007 2756 legt
1023 2710 1106 2746 deze
1121 2710 1347 2756 verwarring
1362 2709 1529 2746 tusschen
1541 2710 1646 2746 beide
1661 2721 1793 2747 namen
1807 2711 1863 2747 uit
1877 2711 1966 2747 door

347 2766 391 2801 de
407 2766 619 2810 verkorting
634 2766 798 2800 Broeder
812 2766 905 2800 Βανι
920 2767 974 2808 (of
984 2766 1096 2810 Bert),
1114 2766 1173 2801 die
1189 2766 1445 2809 vermoedeliJk
1460 2766 1499 2800 in
1514 2765 1670 2810 gebmik
1686 2778 1770 2801 was.
1788 2765 1966 2802 Welljcht

342 2822 446 2856 stond
472 2822 529 2855 die
552 2820 765 2864 verkorting
788 2820 826 2854 in
850 2821 912 2855 het
934 2820 1222 2865 oorspronkeHJk
1244 2820 1471 2856 handschrift
1492 2832 1537 2856 en
1560 2821 1659 2856 werd
1680 2833 1719 2857 ze
1740 2821 1830 2856 door
1851 2832 1964 2857 eenen

341 2875 552 2918 afschrijver
574 2887 623 2910 nu
641 2876 729 2909 door
743 2874 1062 2916 Bartholomaeus,
1081 2875 1153 2909 dan
1167 2886 1262 2910 weer
1285 2875 1373 2910 door
1389 2874 1614 2909 Bartholdus
1629 2874 1837 2920 vouedigd'e
1858 2875 1903 2912 In
1917 2875 1962 2910 de

334 2928 481 2973 kronijk
497 2943 567 2966 van
578 2930 829 2966 Windesheim
845 2931 946 2967 komt
961 2931 1004 2967 de
1020 2933 1133 2967 eerste
1150 2942 1255 2966 naam
1272 2931 1388 2967 alleen
1403 2942 1492 2967 νοοῖ·
1503 2930 1578 2974 (Zie
1592 2931 1721 2968 verder
1732 2942 1797 2966 ons
1813 2936 1852 2965 nr
1869 2930 1957 2972 232).
