2097 3466
331 236 378 273 24
990 231 1125 269 ANNo
1149 243 1186 268 c.
1214 232 1316 270 1115

333 330 502 375 contigit,
519 332 562 364 ut
574 327 783 366 haereticus
804 328 965 373 quidam,
979 328 1096 364 mirae
1106 327 1318 364 subtilitatis
1341 330 1377 364 et
1398 326 1583 364 versutiae·
1594 327 1772 370 seductor,
1792 327 1955 365 Tanche-

333 386 430 421 linus
445 384 601 419 nomine.
620 383 671 418 ibi
688 383 887 419 adveniret.
905 384 994 419 Erat
1016 383 1172 427 denique
1195 383 1357 418 omnium
1381 381 1570 417 hominum
1596 382 1892 418 sceleratissimus
1921 385 1958 420 et

335 441 402 476 Dei
420 443 454 474 et
466 439 631 474 omnium
655 442 966 474 sacramentorum
996 438 1073 473 eius
1099 438 1270 473 inimicus
1285 441 1321 472 et
1347 436 1456 473 totius
1480 437 1669 482 religionis
1684 441 1720 473 et
1735 437 1956 474 christianae

335 494 419 529 fidei
435 492 652 534 contrarius,
671 493 710 528 in
733 498 876 528 tantum
897 497 940 528 ut
962 493 1174 536 obsequium
1199 492 1451 536 episcoporum
1473 495 1509 527 et
1530 492 1757 527 sacerdotum
1773 492 1867 528 nihil
1883 504 1958 529 esse

334 549 483 589 diceret,
502 551 538 582 et
567 547 788 582 sacrosancti
805 547 968 592 corporis
984 552 1019 582 et
1036 546 1227 590 sanguinis
1251 546 1398 581 Domini
1413 546 1528 581 nostri
1551 546 1640 582 Jesu
1651 546 1786 582 Christi
1810 557 1959 592 percep-

334 604 472 638 tionem
494 602 539 636 ad
563 603 715 637 salutem
738 603 906 646 prodesse
928 604 1136 647 denegaret,
1166 605 1202 636 et
1236 601 1411 646 populum
1434 601 1551 643 illum,
1578 601 1638 636 cui
1660 601 1734 636 iam
1756 612 1821 645 per
1843 603 1959 638 multa

334 663 498 702 tempora
523 658 657 692 veritas
687 657 819 693 horum
850 657 1018 693 nuntiata
1048 668 1121 692 non
1151 659 1282 697 suerat,
1313 657 1352 691 in
1376 657 1530 692 eundem
1561 667 1722 692 errorem
1749 657 1956 694 induceret.

336 714 539 749 Credebant.
555 714 587 748 ei
602 717 637 748 et-
652 714 894 756 sequebantur
911 725 993 748 eum
1017 712 1166 748 circiter
1188 713 1261 747 tria
1284 712 1400 746 millia
1417 717 1660 756 pugnatorum
1677 725 1686 755 ;
1712 723 1778 747 nec
1793 715 1871 748 erat
1886 713 1961 750 dux

336 774 399 804 aut
423 769 611 812 episcopus
633 769 690 803 vel
714 769 868 812 quihbet
891 768 1070 812 princeps,
1089 769 1150 811 qui
1174 768 1324 802 auderet
1346 768 1379 803 ei
1403 768 1568 802 resistere
1583 768 1641 804 vel
1665 778 1868 809 occurrere,
1893 779 1960 805 nec

335 828 420 859 ante
451 835 545 865 eum,
568 824 638 858 nisi
664 829 798 858 sectam
831 824 908 859 eius
937 827 1160 866 sequeretur,
1193 831 1378 868 apparere.
1410 823 1500 858 Cum
1530 823 1687 866 pretioso
1714 826 1903 867 apparatu,
1921 823 1961 859 in

335 880 494 915 vestibus
520 879 715 922 deauratis,
732 879 870 923 triplici
898 879 1063 914 funiculo
1091 879 1253 914 crinibus
1279 878 1426 914 intortis
1455 882 1490 914 et
1519 878 1751 923 auriphrygii
1781 878 1959 924 ligamine

335 935 529 979 triplicatis
547 935 737 970 incedebat
754 947 763 978 3
789 938 824 969 et
840 935 959 969 verbis
983 931 1281 978 persuasibilibus
1297 933 1511 978 magnisque
1535 933 1785 968 conviviorum
1808 945 1959 978 appara-

335 992 433 1027 tibus
448 991 736 1026 benevolentiam
753 1001 879 1025 eorum
895 990 940 1025 ad
953 990 1174 1025 seducendos
1186 1001 1245 1025 eos
1258 989 1506 1025 exhauriebat.
1518 989 1588 1025 Res
1604 989 1699 1024 mira
1714 992 1749 1025 et
1764 990 1958 1034 stupenda!

335 1047 504 1081 balneum
530 1056 634 1080 suum
659 1045 831 1080 bibebant
854 1049 889 1080 et
912 1045 1153 1088 reliquiarum
1175 1045 1255 1080 loco
1279 1048 1503 1088 asportantes
1526 1043 1782 1079 recondebant.
1800 1043 1846 1079 Et
1878 1055 1962 1080 cum

337 1101 431 1136 filias
454 1101 493 1135 in
516 1104 675 1134 matrum
706 1099 911 1143 praesentia
942 1110 1159 1143 sponsasque
1185 1099 1328 1134 maritis
1355 1099 1561 1134 videntibus
1587 1102 1847 1142 corrumperet,
1873 1109 1963 1143 opus

335 1156 525 1200 spirituale
541 1167 616 1189 esse
628 1155 820 1195 asserebat,
831 1154 870 1189 in
886 1158 1029 1189 tantum
1042 1157 1083 1189 ut
1096 1154 1277 1189 infelicem
1290 1166 1327 1189 se
1340 1154 1488 1196 diceret,
1505 1165 1597 1197 quae
1609 1153 1696 1190 huic
1713 1156 1962 1192 coniunctioni

336 1212 497 1248 nefariae
539 1211 684 1246 misceri
727 1221 800 1245 non
832 1210 1035 1246 meruisset.
1069 1211 1167 1245 Haec
1197 1210 1407 1254 turpissima
1443 1214 1478 1246 et
1507 1211 1715 1247 detestanda
1744 1213 1965 1248 seductionis

335 1267 516 1303 execratio
530 1266 639 1301 etiam
652 1268 732 1309 post
743 1269 897 1300 mortem
913 1265 1028 1308 ipsius
1039 1265 1215 1300 haeretici
1231 1264 1424 1309 exstirpari
1438 1265 1647 1301 nullatenus
1659 1267 1788 1310 potuit,
1798 1267 1964 1311 quamvis

336 1320 527 1356 duodecim
540 1319 759 1355 clericorum
777 1320 1015 1364 congregatio
1042 1320 1087 1354 ab
1116 1320 1282 1364 episcopo
1294 1320 1339 1354 ad
1355 1320 1556 1355 subsidium
1572 1321 1779 1365 sacerdotis,
1791 1322 1856 1366 qui
1867 1323 1966 1358 solus

338 1380 415 1412 erat
437 1375 476 1410 in
500 1375 652 1410 ecclesia
674 1374 791 1410 sancti
814 1374 1019 1416 Michaelis,
1038 1374 1174 1409 ibidem
1197 1377 1405 1418 poneretur.
1424 1375 1452 1408 T
1456 1386 1528 1410 unc
1551 1387 1637 1411 vero
1660 1376 1799 1419 clerici,
1812 1377 1966 1414 caritate

336 1431 510 1467 suadente
525 1434 561 1465 et
575 1430 647 1465 hac
662 1429 821 1465 evidenti
849 1429 1061 1465 necessitate
1083 1433 1247 1474 cogente,
1266 1429 1360 1474 patri
1378 1429 1556 1465 Norberto
1569 1434 1604 1465 et
1618 1431 1792 1467 fratribus
1807 1431 1884 1467 eius
1900 1443 1967 1477 per

336 1498 488 1523 manum
501 1486 660 1531 episcopi
678 1486 774 1521 hanc
791 1486 953 1521 eamdem
971 1486 1160 1521 ecclesiam
1174 1497 1257 1520 cum
1269 1485 1452 1529 aliquibus
1464 1485 1650 1527 reditibus,
1659 1486 1797 1522 scilicet
1811 1489 1967 1531 quatuor

337 1544 380 1579 de
396 1543 611 1588 praebendis
626 1542 713 1584 suis,
729 1543 910 1577 dederunt
926 1542 985 1586 (1),
1000 1542 1234 1583 confidentes,
1253 1542 1348 1584 quod
1370 1541 1462 1576 Deus
1477 1541 1617 1576 meritis
1632 1542 1745 1587 ipsius
1761 1546 1796 1578 et
1810 1544 1967 1579 fratrum

336 1611 484 1635 suorum
511 1599 720 1634 mortiferae
746 1598 855 1641 pestis
878 1598 1041 1633 auferret
1061 1596 1262 1638 saevitiam,
1281 1601 1317 1631 et
1345 1597 1504 1631 tenebris
1534 1597 1762 1642 ignorantiae
1791 1598 1962 1643 depulsis,

337 1656 461 1691 lumen
476 1654 640 1689 veritatis
657 1656 860 1697 repararet.
881 1653 1055 1697 Suscepta
1070 1652 1186 1697 igitur
1203 1655 1255 1687 est
1271 1651 1433 1693 ecclesia,
1448 1655 1482 1687 et
1497 1653 1622 1687 clerici
1638 1653 1677 1687 in
1693 1654 1817 1688 eodem
1833 1654 1966 1698 oppido

338 1712 447 1746 aliam
473 1709 542 1745 sibi
567 1709 863 1751 aedificaverunt,
882 1719 974 1752 quae
996 1711 1172 1751 utraeque
1196 1710 1345 1742 manent
1359 1717 1472 1750 usque
1485 1707 1524 1743 in
1539 1707 1756 1744 hodiernum
1779 1708 1874 1745 diem
1898 1709 1965 1744 Dei

337 1765 484 1800 servitio
501 1764 742 1809 mancipatae.

696 1842 780 1876 Vita
798 1840 843 1875 N
841 1841 978 1876 orberti
994 1840 1038 1876 ab
1056 1844 1204 1876 auctore
1218 1841 1430 1885 posteriore,
1445 1839 1550 1884 (Vita
1565 1841 1621 1884 B),
1637 1841 1687 1885 bij
1705 1841 1822 1884 Pertz,
1839 1841 1967 1877 Monu-

731 1901 868 1940 menta,
876 1896 1090 1941 Scriptores,
1107 1895 1188 1931 deel
1203 1895 1288 1938 XII,
1306 1896 1377 1930 blz.
1400 1897 1552 1938 690·69l,
1571 1896 1621 1930 ad
1636 1895 1772 1931 calcem
1781 1907 1795 1939 ;
1810 1908 1855 1932 en
1867 1897 1906 1933 in
1922 1899 1967 1934 de

729 1952 821 1987 Acta
842 1951 1073 1993 Sanctorum,
1105 1950 1126 1986 J
1130 1950 1221 1992 unii,
1247 1950 1276 1993 1,
1307 1949 1455 1995 uitgave
1481 1961 1553 1985 van
1571 1952 1668 1993 1695,
1699 1951 1768 1987 blz.
1799 1953 1939 1988 843-844
1955 1965 1965 1997 3

730 2007 879 2052 uitgave
901 2006 1040 2048 Palme,
1059 2005 1131 2041 blz.
1152 2006 1231 2040 831.

382 2198 430 2243 (1)
452 2197 523 2234 Tot
539 2198 684 2243 staving
696 2198 801 2234 dezer
818 2196 1122 2242 bijzonderheden
1137 2197 1236 2233 laten
1250 2199 1311 2242 wij
1327 2197 1409 2233 hier
1421 2198 1629 2235 uittreksels
1642 2199 1775 2244 volgen
1788 2210 1860 2235 van
1874 2202 1968 2236 twee

342 2260 449 2291 acten
475 2255 531 2290 uit
561 2254 623 2290 het
652 2258 736 2298 jaar
763 2256 848 2289 1124
872 2266 880 2288 :
922 2254 966 2289 de
1001 2256 1116 2290 eerste
1151 2254 1349 2298 uitgaande
1384 2265 1456 2289 van
1490 2255 1719 2300 Hildolphus,
1751 2259 1875 2300 proost
1903 2255 1967 2291 der

343 2312 396 2347 St.
425 2310 690 2401 MicEielskerk
716 2314 753 2346 te
782 2310 1015 2354 Antwerpen,
1045 2320 1089 2345 en
1117 2309 1162 2345 de
1191 2310 1340 2351 tweede,
1372 2321 1444 2346 van
1471 2310 1673 2354 Burchard,
1704 2309 1871 2356 bisschop
1895 2321 1969 2347 van

341 2366 502 2410 Kamerij
538 2389 547 2400 .

1133 2441 1165 2475 Ι.

384 2542 427 2577 In
457 2540 605 2577 nomine
634 2542 782 2576 sanctae
810 2543 845 2575 et
875 2539 1085 2576 individuae
1117 2539 1326 2583 Trinitatis,
1365 2552 1433 2586 ego
1470 2540 1705 2586 Hildolphus,
1743 2541 1968 2587 praepositus

341 2611 373 2632 s.
395 2596 586 2632 Michaelis
604 2596 643 2630 in
656 2595 867 2640 Antverpia‚
886 2601 961 2630 tam
977 2595 1111 2630 futuris
1125 2607 1234 2639 quam
1247 2597 1496 2640 praesentibus
1511 2597 1550 2631 in
1567 2602 1796 2641 perpetuum,
1811 2596 1968 2640 qualiter

342 2654 504 2698 praefata
517 2651 668 2686 ecclesia
681 2655 803 2686 nostra
815 2652 858 2685 ad
874 2663 960 2686 usus
974 2651 1232 2686 canonicorum
1244 2651 1604 2695 praemonstratensis
1616 2652 1755 2686 ordinis
1768 2651 1965 2694 transierit,

343 2714 377 2744 et
407 2720 479 2752 qua
507 2708 551 2742 de
580 2719 706 2742 caussa
733 2718 895 2742 assensus
925 2706 1077 2751 capituli
1099 2707 1215 2742 nostri
1237 2706 1314 2742 eius
1337 2707 1442 2742 datus
1464 2707 1585 2749 fuerit,
1612 2707 1810 2752 praesentis
1839 2706 1967 2752 scripti

341 2766 571 2801 attestatione
587 2764 816 2800 notificamus
824 2787 832 2797 .

387 2821 476 2856 Cum
501 2821 539 2854 in
564 2819 689 2854 diebus
712 2817 843 2853 nostris
866 2817 1014 2861 quidam
1039 2815 1284 2852 Tanchelinus
1307 2816 1454 2852 nomine
1477 2817 1518 2852 in
1539 2815 1702 2861 partibus
1714 2817 1847 2853 nostris
1862 2817 1967 2853 adve-

342 2875 454 2912 nisset
481 2879 516 2910 et
526 2885 704 2910 venenoso
720 2884 886 2908 sermone
899 2884 921 2907 a
936 2872 1006 2908 fide
1023 2875 1059 2907 et
1080 2882 1102 2906 a
1125 2872 1361 2907 sacramentis
1377 2872 1548 2907 ecclesiae
1562 2872 1738 2917 plurimos
1767 2872 1965 2915 avertisset,

339 2929 410 2967 hoc
432 2931 476 2966 de
498 2940 636 2972 caussa,
651 2931 693 2964 ut
715 2927 781 2963 illa
803 2927 972 2970 haeresis,
991 2937 1085 2971 quae
1106 2925 1333 2970 provinciam
1349 2930 1510 2963 nostram
1533 2930 1786 2973 occupaverat,
1801 2927 1967 2964 funditus
