2097 3466
411 254 473 290 272
1115 250 1247 287 ANNO
1272 251 1371 286 1411

455 352 486 384 8.
505 349 593 384 Item
609 351 661 383 est
676 348 850 392 quaedam
874 347 969 383 inter
985 346 1152 381 mulieres
1166 344 1373 390 hujusmodi
1397 346 1525 385 sectae,
1543 353 1635 387 quae
1651 353 1724 378 non
1739 341 1914 387 permittit
1926 353 1964 378 se
1983 343 2028 380 ab

413 403 534 446 aliquo
551 401 730 447 cognosci.
751 403 904 446 Propter
929 401 1023 445 quod
1047 401 1091 435 ab
1117 399 1198 434 aliis
1221 402 1337 434 sectae
1360 397 1563 442 praedictae
1582 396 1770 440 utriusque
1785 407 1888 432 sexus
1901 395 2031 432 multas

415 457 551 501 patitur
567 457 746 492 molestias
762 469 840 491 eam
858 455 1127 500 increpantibus
1145 454 1240 498 quod
1260 464 1332 488 non
1348 452 1464 488 utitur
1479 454 1562 487 actu
1578 451 1733 499 carnalis
1754 449 1916 495 copulae.

456 514 488 545 9.
507 511 596 546 Item
622 511 739 546 dictus
766 510 940 555 Aegidius
955 510 1063 544 habet
1077 509 1223 543 modum
1249 506 1438 552 specialem
1466 505 1630 548 coeundi,
1663 517 1736 542 non
1762 507 1883 541 tamen
1907 505 2031 541 contra

414 570 592 606 naturam,
611 565 709 609 quali
732 565 821 600 dicit
843 565 957 600 Adam
981 563 1019 598 in
1047 563 1212 608 paradiso
1236 562 1345 598 fuisse
1365 573 1481 597 usum.
1502 560 1654 603 Qualem
1668 559 1816 596 modum
1829 557 2031 605 praedictus

413 621 524 655 frater
539 619 759 655 wilhelmus
775 631 846 655 non
862 619 1034 663 sequitur.

458 677 510 710 10.
529 675 619 710 Item
648 674 716 710 sibi
747 674 902 710 invicem
933 673 1067 708 idioma
1099 671 1332 715 fabricantes,
1373 673 1493 708 actum
1532 670 1688 706 carnalis
1717 669 1865 715 copulae
1901 671 2031 706 vocant

413 729 685 765 delectationem
704 729 860 774 paradisi
876 729 932 764 vel
949 728 1020 763 alio
1037 727 1181 763 nomine
1197 726 1429 763 aclivitatem.
1448 727 1494 762 Et
1508 725 1560 761 sic
1575 725 1619 761 de
1634 724 1700 761 tali
1720 727 1804 761 actu
1825 722 2028 768 libidinoso,

414 785 494 820 aliis
511 797 582 820 non
598 785 894 830 intelligentibus,
913 785 1002 820 bene
1017 784 1227 828 loquuntur.

459 842 511 874 11.
529 840 617 875 Item
645 842 698 875 est
728 839 903 881 quaedam
933 838 1092 883 antiqua,
1127 849 1233 882 quam
1262 837 1379 873 dictus
1405 836 1519 872 laicus
1549 835 1692 872 vocavit
1723 833 1911 880 Seraphin,
1939 845 2031 881 quae

412 895 530 939 palam
557 894 648 930 dixit
675 895 770 938 quod
796 895 881 929 licet
909 898 1010 929 extra
1039 893 1310 929 matrimonium
1327 895 1462 928 coitum
1490 902 1657 928 exercere
1679 890 1756 927 sine
1772 892 1942 935 peccatam
1969 889 2030 926 ille

411 949 507 985 enim
535 953 634 984 actus
662 953 713 985 est
743 961 833 993 pure
863 949 1049 991 naturalis,
1079 949 1172 984 sicut
1199 949 1384 984 comedere
1414 951 1450 984 et
1478 948 1612 983 bibere.
1643 948 1813 983 Attamen
1838 944 1902 980 ille
1930 946 2032 980 aetus

412 1005 636 1048 reprobatur,
656 1007 691 1038 et
707 1016 777 1039 non
794 1003 852 1039 isti
868 1017 876 1046 ς
902 1004 996 1038 unde
1018 1003 1103 1038 satis
1119 1003 1195 1047 ipsa
1218 1003 1372 1039 miratur
1388 1015 1470 1039 eum
1486 1003 1567 1038 aliis
1583 1003 1626 1038 de
1649 1000 1822 1038 coecitate
1843 997 2031 1036 hominum

413 1059 651 1094 communiter
666 1059 735 1094 1100
751 1058 994 1094 sentientium.

457 1114 509 1147 12.
528 1112 617 1147 Item
644 1115 697 1148 est
723 1113 899 1156 quaedam
925 1112 1104 1154 maritata,
1125 1124 1217 1157 quae
1240 1124 1312 1148 non
1343 1112 1432 1148 facit
1461 1112 1700 1148 differentiam
1729 1112 1824 1147 inter
1848 1109 1969 1146 virum
1995 1111 2032 1146 et
2096 1109 2097 1133 ἶ

411 1168 542 1209 virum,
568 1168 629 1202 sed
652 1168 847 1212 quemlibet
869 1167 1114 1203 indifferenter
1141 1167 1300 1203 admittit
1326 1167 1399 1202 suis
1425 1169 1586 1212 tempore
1608 1169 1644 1203 et
1665 1167 1756 1203 loco.
1785 1166 1832 1202 Et
1857 1164 1955 1203 istud
1978 1166 2032 1201 est

411 1223 512 1267 quasi
529 1234 718 1258 commune
733 1222 828 1258 inter
843 1222 934 1257 illas.

455 1280 507 1312 13.
525 1277 614 1312 Item
640 1276 758 1312 dictus
781 1277 892 1312 frater
915 1276 1136 1313 Wilhehnus
1162 1270 1297 1312 nemini
1322 1277 1368 1313 ad
1395 1278 1542 1322 plenum
1568 1276 1694 1319 credit,
1719 1287 1786 1312 nec
1812 1286 1904 1320 quae
1928 1273 1969 1310 in
1993 1284 2031 1310 se

409 1332 516 1367 sentit
538 1331 718 1376 exprimit,
736 1331 806 1366 nisi
821 1331 894 1366 illis
914 1331 976 1376 qui
991 1332 1068 1368 sine
1084 1331 1150 1367 Dei
1172 1332 1302 1368 timore
1317 1335 1353 1368 et
1368 1331 1607 1368 conscientiae
1622 1331 1792 1377 scrupulo
1806 1333 1890 1366 actu
1906 1339 2029 1365 carnae

411 1387 455 1421 lis
471 1387 620 1431 copulae
636 1389 799 1422 utuntur.

456 1444 508 1476 14.
527 1441 617 1477 Item
640 1442 752 1477 frater
774 1441 994 1477 Wilhelmus
1017 1441 1139 1477 omnia
1161 1443 1255 1478 facta
1278 1454 1403 1478 eorum
1426 1453 1527 1487 posse
1551 1441 1683 1477 salvari
1708 1441 1767 1477 vel
1789 1439 1944 1476 colorari
1965 1450 2030 1485 per

411 1508 549 1531 sacram
566 1496 791 1540 scripturam,
810 1497 953 1540 dempto
969 1500 1066 1532 coitu
1082 1498 1127 1532 ab
1155 1498 1306 1533 ecclesia
1321 1498 1502 1534 damnato.
1521 1498 1566 1533 Et
1581 1508 1669 1542 ergo
1685 1495 1871 1532 consuevit,
1883 1503 2030 1530 monere

409 1552 477 1586 sibi
500 1552 733 1587 adhaerentes
749 1552 844 1596 quod
859 1555 963 1587 caute
984 1552 1159 1588 haberent
1181 1564 1218 1588 se
1240 1553 1418 1596 loquendo
1441 1553 1486 1588 de
1509 1554 1592 1588 actu
1614 1550 1766 1587 illicitae
1781 1550 1931 1596 copulae
1945 1559 2028 1584 con-.

404 1606 552 1651 jugalis.

453 1663 505 1695 15.
524 1661 612 1695 Item
627 1660 833 1704 supradicta
849 1660 1037 1706 Seraphin,
1055 1661 1141 1696 dum
1164 1661 1279 1705 aliqui
1301 1661 1541 1705 loquebantur
1564 1660 1659 1704 quod
1680 1660 1793 1696 frater
1807 1658 2028 1705 Wilhelmus

410 1715 613 1759 compulsus
640 1717 716 1750 erat
742 1726 911 1750 revocare
938 1715 1109 1750 articulos
1136 1727 1224 1759 quos
1253 1715 1487 1760 praedicavit,
1516 1715 1700 1760 respondit
1728 1713 1824 1759 quod
1848 1713 1925 1758 ipse
1955 1724 2028 1749 non

408 1770 601 1811 revocavit,
620 1770 680 1804 sed
695 1769 805 1804 dixit:
824 1770 878 1805 Ita
894 1781 966 1805 non
982 1770 1068 1812 dixi,
1086 1771 1147 1806 sed
1163 1771 1213 1805 sic
1228 1771 1315 1813 dixi,
1331 1771 1493 1806 addendo
1516 1770 1574 1806 vel
1596 1769 1838 1805 subtrahendo
1853 1768 2028 1814 syllabam

408 1825 465 1859 vel
494 1824 687 1859 dictionem
717 1836 864 1859 suarum
894 1825 1214 1868 praedicationum,
1244 1829 1280 1861 et
1310 1825 1361 1860 sic
1391 1825 1557 1860 transivit
1586 1825 1746 1869 impune.
1778 1823 1884 1859 Unde
1910 1821 2028 1868 magis

406 1879 641 1922 reputabatur
655 1879 751 1914 dicta
767 1891 832 1914 sua
848 1880 1061 1915 confirmare
1077 1892 1185 1924 quam
1200 1892 1382 1915 revocare.

450 1936 501 1968 16.
520 1933 609 1969 Item
633 1945 754 1969 omnes
770 1938 870 1970 actus
886 1947 978 1977 suos,
997 1935 1107 1970 immo
1123 1939 1158 1971 et
1181 1935 1348 1977 nefarios,
1366 1935 1528 1971 referunt
1550 1935 1596 1970 ad
1611 1933 1773 1970 divinam
1787 1933 2021 1975 voluntatem,

406 1987 562 2022 dicentes
590 1989 703 2022 Deum
731 1989 818 2023 talia
844 1990 946 2032 velle,
976 2001 1047 2025 non
1071 1990 1215 2034 quidem
1241 1993 1381 2026 tantum
1406 1990 1614 2035 permissive,
1639 1991 1717 2036 ejus
1742 1989 1937 2031 voluntate,
1962 1987 2026 2023 sed

408 2043 631 2086 beneplacita
645 2046 680 2078 et
695 2044 843 2079 efficaci.

450 2100 501 2132 17.
522 2098 611 2133 Item
626 2101 727 2133 extra
742 2110 863 2133 muros
887 2098 1137 2134 Bruxellenses
1158 2103 1210 2135 est
1233 2100 1408 2144 quaedam
1430 2100 1542 2135 turris
1565 2099 1752 2146 cujusdam
1775 2095 1913 2134 scabini
1935 2095 2023 2132 dicti

406 2151 538 2195 oppidi,
554 2151 615 2186 ubi
632 2153 677 2186 ad
693 2152 946 2187 celebrandum
963 2164 1027 2187 sua
1043 2154 1293 2189 conventicula
1309 2153 1539 2189 conveniunt.

452 2210 503 2241 18.
522 2208 610 2242 Item
627 2208 751 2242 dicunt
774 2211 913 2252 tempus
928 2209 1057 2243 veteris
1072 2209 1162 2253 legis
1177 2209 1286 2245 fuisse
1308 2212 1447 2254 tempus
1464 2209 1584 2245 Patris
1599 2211 1634 2245 et
1649 2211 1788 2253 tempus
1804 2217 1917 2243 novae
1930 2205 2021 2251 legis

407 2266 546 2306 tempus
570 2263 666 2305 Filii,
685 2267 720 2298 et
742 2275 806 2307 pro
830 2275 926 2298 nunc
941 2275 1015 2298 esse
1039 2267 1178 2308 tempus
1194 2264 1350 2308 Spiritus
1367 2264 1502 2307 Sancti,
1521 2265 1615 2309 quod
1637 2264 1764 2300 dicunt
1785 2274 1860 2299 esse
1881 2265 2021 2307 tempus

406 2316 542 2358 Heliae,
561 2329 631 2360 quo
647 2317 976 2352 reconciliabuntur
991 2318 1213 2362 scripturae3
1238 2321 1279 2353 ut
1301 2330 1392 2363 quae
1415 2318 1515 2362 prius
1537 2321 1721 2362 tamquam
1735 2329 1821 2353 vera
1842 2316 2019 2352 habeban-

404 2373 475 2412 tur,
488 2373 565 2415 jam
589 2373 802 2413 refutentur,
821 2372 929 2407 etiam
953 2375 988 2407 et
1010 2373 1186 2407 catholica
1209 2374 1384 2415 doctrina,
1403 2373 1495 2409 sicut
1517 2373 1716 2408 catholicae
1731 2372 1910 2414 veritates,
1929 2381 2020 2415 quae

405 2430 662 2462 consueverant
677 2427 885 2471 praedicare
908 2428 951 2462 de
975 2431 1195 2472 paupertate,
1222 2428 1454 2470 continentia,
1474 2427 1687 2463 obedientia.
1713 2427 1876 2469 Quarum
1889 2424 2018 2462 verita-

403 2484 479 2515 tum
497 2482 710 2525 oppositum,
728 2485 768 2517 ut
783 2485 957 2523 asserunt,
975 2486 1027 2517 est
1043 2482 1322 2526 praedicandum
1337 2483 1406 2517 hoc
1421 2486 1580 2527 tempore
1597 2482 1754 2527 Spiritus
1770 2480 1904 2518 Sancti.
1971 2511 1973 2518 s

446 2539 498 2570 19.
518 2537 605 2571 Item
623 2536 794 2580 quicquid
814 2537 865 2572 eis
887 2537 1085 2581 inspiratur
1108 2549 1169 2572 seu
1193 2538 1239 2572 ad
1261 2537 1389 2572 intima
1412 2537 1632 2582 suggeritur,
1650 2536 1841 2572 aestimant
1863 2535 1957 2580 quod
1971 2534 2018 2571 sit

404 2600 426 2623 a
443 2589 579 2633 Spiritu
597 2590 740 2625 Sancto.
756 2590 858 2626 Unde
874 2591 1027 2626 multum
1043 2592 1143 2626 fatua
1164 2591 1386 2635 saepedictus
1409 2591 1522 2626 laicus
1544 2591 1686 2636 saepius
1708 2589 1906 2626 attentavit.
1923 2590 2016 2626 Nam

403 2648 548 2688 propter
571 2646 750 2688 quandam
775 2645 843 2680 sibi
867 2647 997 2681 factam
1024 2646 1294 2690 inspirationem
1317 2647 1384 2682 ivit
1409 2650 1504 2682 totus
1531 2647 1649 2682 nudus
1672 2646 1827 2690 quadam
1849 2644 1926 2680 vioe
1952 2655 2017 2689 per

402 2699 547 2743 longam
573 2700 680 2742 viam,
705 2703 851 2744 portans
877 2712 984 2745 super
1009 2704 1118 2745 caput
1139 2712 1244 2736 suum
1271 2702 1457 2738 scutellam
1484 2713 1567 2737 cum
1593 2701 1763 2736 carnibus
1788 2699 2015 2737 deferendam

400 2753 542 2788 cuidam
560 2755 721 2798 pauperi.

441 2809 495 2842 20.
513 2807 602 2842 Item
628 2808 808 2844 mirantur
834 2809 929 2853 quod
958 2809 1071 2854 aliqui
1097 2809 1243 2854 signant
1271 2821 1309 2846 se
1334 2809 1438 2855 signo
1466 2809 1596 2852 crucis,
1625 2809 1800 2856 petendo:
1833 2807 1926 2846 Estis
1952 2818 2015 2844 vos

399 2860 516 2896 adhuc
535 2863 795 2899 benedicendus
808 2863 821 2898 ’ἐ

441 2916 530 2954 Item
546 2922 798 2963 persuaserunt
812 2919 1011 2957 imitatores
1026 2920 1230 2966 praedictae
1244 2923 1360 2958 sectae
1376 2923 1412 2958 et
1427 2920 1619 2966 praecipue
1632 2920 1803 2959 mulieres
1833 2916 2014 2964 aliquibus
