2097 3466
795 211 928 247 ANNO
954 214 1051 247 1491
1674 213 1736 246 407

111 316 154 339 ac
169 303 208 339 in
222 304 321 339 mille
337 304 610 349 quadringentis
623 304 725 339 libris
741 307 776 340 et
788 305 834 340 ad
850 316 1031 340 carcerem
1049 315 1112 348 per
1123 304 1337 339 decennium
1355 303 1551 339 tenendum
1572 303 1738 340 condem-

111 363 302 403 naverant;
320 360 414 394 unde
435 359 553 395 dictus
586 360 748 403 Tacquet
771 360 817 394 ad
839 360 975 395 dictam
996 360 1134 394 curiam
1160 364 1320 395 nostram
1352 361 1610 404 appellaverat,
1627 360 1746 395 medio

111 416 214 460 cujus
251 415 503 459 appellationis
534 416 608 459 ipse
647 415 934 460 Consiergeriam
975 416 1099 460 palatii
1128 416 1239 451 nostri
1266 416 1479 452 parisiensis
1503 428 1568 461 pro
1599 416 1742 462 refugio

111 469 297 504 habuerat.

154 524 345 560 Memorati
373 536 458 560 vero
483 525 590 569 Hugo
615 527 784 570 Aymery,
803 526 960 561 Joannes
989 526 1022 561 le
1052 526 1200 567 Febvre,
1221 527 1499 564 Bartholomeus
1527 530 1684 566 Hermen
1710 534 1744 566 et

111 579 256 614 Nicolas
287 580 330 615 de
361 579 537 620 Gavrelle‚
571 582 648 623 ejus
673 592 774 622 uxor,
796 581 963 616 dicebant
989 580 1121 616 ibidem
1149 584 1185 616 et
1210 584 1478 627 proponebant;
1501 589 1536 620 et
1563 585 1743 629 potissime

110 635 227 670 dictus
253 636 420 679 Aymery.
451 635 547 678 quod
578 635 652 679 ipse
669 636 782 670 bonus
813 635 880 677 vir,
908 635 1055 681 juvenis
1086 636 1124 670 in
1149 640 1242 671 statu
1274 638 1499 674 matrimonii
1531 642 1744 685 conjunctus

110 689 229 724 fuerat
243 693 279 724 et
293 693 382 730 erat,
401 689 462 732 qui
481 690 568 724 benc
584 694 620 724 et
646 690 764 725 debite
789 694 959 734 tanquam
985 702 1090 725 verus
1113 691 1313 726 catholicus
1339 693 1471 736 absque
1497 706 1653 738 unquam
1677 695 1741 729 ali-

112 745 208 789 quod
222 744 503 789 reprehensibile
522 745 686 780 saciendo
706 757 742 780 se
766 750 947 789 repererat
963 750 999 781 et
1015 747 1291 790 gubernaverat.
1312 748 1446 784 Verum
1464 750 1500 784 in
1517 750 1645 795 vigilia
1662 749 1740 785 festi

112 800 256 836 Rasmis
287 801 508 842 Pahnarum,
544 812 639 836 anno
666 801 764 836 mille
792 802 862 844 iiijc
886 803 933 842 lx,
953 804 1031 848 jam
1059 802 1175 838 dictus
1204 803 1334 839 Petrus
1360 806 1407 840 du
1435 806 1574 848 Hamel,
1607 808 1741 850 absque

111 855 366 891 informatione
383 855 630 900 praecedente,
646 856 782 891 dictum
799 858 956 901 Aymery
969 857 1014 891 ad
1031 868 1068 892 se
1084 857 1206 892 venire
1219 859 1467 903 mandaverat;
1486 860 1631 904 ipseque
1647 861 1743 904 apud

111 910 247 945 dictum
263 910 311 945 du
330 910 457 945 Hamel
475 911 541 945 sub
556 911 648 945 bona
666 911 734 945 ride
747 912 912 952 existens,
932 912 1026 947 idem
1045 913 1091 946 du
1108 912 1234 948 Hamcl
1251 920 1448 949 meinorato
1462 917 1630 960 Aymery,
1647 916 1743 959 quod

111 965 225 1001 dictos
251 965 406 1000 vicarios
432 966 678 1001 Atrebatensis
706 967 863 1010 episcopi
903 967 1092 1011 ipsumque
1131 968 1336 1012 episcopum
1364 970 1407 1005 de
1433 971 1569 1006 Baruto
1602 983 1740 1007 necnon

111 1020 249 1056 dictum
266 1021 442 1056 decanum
458 1021 525 1056 sibi
550 1022 735 1056 locuturos
751 1026 968 1066 expectaret,
988 1027 1022 1057 et
1039 1028 1301 1066 consequenter
1325 1024 1440 1059 eidem
1458 1027 1615 1070 Aymery
1641 1029 1681 1061 ut
1707 1026 1744 1060 in

113 1086 293 1110 cameram
324 1076 655 1111 commentariensis
686 1088 747 1111 seu
780 1077 936 1112 custodis
968 1088 1154 1112 carcerum
1185 1078 1273 1113 dieti
1311 1079 1467 1123 episcopi
1500 1080 1744 1115 Atrebatensis

112 1130 361 1174 prisonnierus
383 1134 561 1175 pergeret,
579 1134 615 1166 et
630 1130 747 1175 ipsum
781 1131 1046 1175 prisonnierum
1077 1132 1240 1167 ducendo
1271 1133 1389 1168 dictus
1415 1139 1533 1170 custos
1558 1146 1744 1170 carcerum

112 1185 208 1220 dicto
235 1187 394 1230 Aymery
424 1186 520 1229 quod
545 1186 667 1220 omnia
693 1197 784 1230 quae
809 1187 854 1220 ab
871 1198 912 1221 eo
930 1189 1230 1231 peterentiirjlii·e
1259 1189 1315 1223 vel
1346 1189 1482 1234 injuria
1509 1190 1693 1231 fateretur,
1711 1192 1747 1224 et

114 1240 210 1284 quod
227 1252 350 1275 omnes
365 1241 427 1285 qui
444 1241 536 1276 nihil
561 1241 725 1276 confiteri
750 1242 951 1283 voluerant,
971 1242 1077 1276 morti
1108 1243 1283 1286 perempti
1311 1244 1466 1286 fuerant,
1490 1245 1543 1279 illi
1571 1256 1656 1279 vero
1683 1244 1745 1288 qui

113 1296 326 1340 petitoribus
341 1297 491 1332 confessi
510 1298 663 1339 fuerant,
683 1297 781 1332 illico
806 1297 949 1332 liberati
978 1302 1234 1339 remanserant,
1255 1299 1501 1344 instigaverat,
1518 1303 1553 1335 et
1568 1300 1675 1335 etiam
1703 1312 1745 1336 eo

113 1351 152 1386 in
165 1363 310 1387 carcere
324 1352 478 1387 existens
491 1353 665 1395 quaedam
682 1352 826 1394 mulier,
841 1353 877 1387 la
892 1352 1113 1388 Bouchierre
1126 1357 1344 1397 nuncupata,
1364 1355 1402 1389 in
1416 1355 1521 1390 dictis
1542 1355 1746 1390 carceribus

113 1407 160 1441 ad
175 1407 387 1442 tentandum
404 1408 573 1451 Aymery,
593 1407 708 1450 ipsam
728 1417 794 1450 per
810 1410 987 1442 torturam
1005 1410 1039 1442 et
1056 1408 1301 1451 quaestionem
1319 1420 1408 1452 quos
1419 1409 1487 1444 sibi
1504 1409 1590 1444 dicti
1615 1409 1745 1444 deffen-

114 1473 211 1498 sores
226 1462 407 1498 nominari
422 1463 581 1498 fecerant
606 1474 802 1503 accusasse,
821 1465 858 1497 et
873 1463 918 1497 ad
941 1462 1010 1497 hoc
1028 1463 1249 1507 compulsam
1266 1464 1388 1505 fuisse,
1407 1467 1442 1499 et
1457 1464 1573 1499 eidem
1590 1466 1747 1508 Aymery

115 1518 223 1553 etiam
241 1519 330 1554 alios
346 1519 414 1554 sibi
440 1518 676 1554 nominandos
701 1530 871 1553 accusare
900 1524 1076 1563 oportere,
1095 1520 1406 1564 promulgaverat3
1423 1521 1624 1564 deindeque
1647 1531 1746 1564 prae-

115 1575 189 1610 fato
205 1575 363 1618 Aymery
386 1585 493 1618 super
519 1574 614 1609 dieto
640 1573 792 1608 crimine
817 1574 1042 1618 interrogato
1059 1579 1093 1610 et.
1111 1574 1203 1609 nihil
1220 1575 1258 1609 in
1284 1579 1338 1609 sui
1356 1576 1619 1621 praejudicium
1639 1575 1746 1610 confi-

114 1631 212 1665 tente
245 1629 453 1673 nullamque
478 1640 666 1673 personam
693 1632 897 1670 accusante,
916 1629 1014 1664 dicta
1033 1630 1254 1664 Bouchierre
1270 1631 1433 1673 duaeque
1456 1630 1625 1665 mulieres
1641 1629 1746 1671 aliae,

115 1697 189 1720 una
215 1686 430 1730 Dauvergne
455 1689 491 1721 et
514 1686 627 1721 altera
652 1685 843 1730 Delespine
859 1689 1098 1730 nuncupatae,
1118 1687 1229 1722 vitam
1246 1687 1424 1721 lubricam
1447 1686 1628 1730 degentes,
1645 1694 1747 1719 enor-

115 1740 224 1776 miter
239 1752 304 1785 per
326 1744 503 1776 torturam
533 1741 748 1786 flagellatae,
767 1753 850 1776 cum
878 1753 981 1785 saepe
1008 1742 1105 1777 dicto
1133 1744 1291 1786 Aymery
1321 1742 1569 1777 consrontatae
1591 1740 1747 1780 fuerant,

92 1833 98 1838 ἱ
119 1808 273 1840 quarum
300 1797 443 1840 aliquae
474 1795 622 1831 minime
639 1796 756 1840 ipsum
774 1808 1002 1841 cognoscere,
1030 1809 1144 1841 neque
1165 1809 1246 1832 eum
1272 1797 1309 1831 in
1335 1797 1442 1832 certis
1469 1795 1687 1836 nemoribus,
1705 1795 1749 1830 de

118 1851 249 1894 quibus
264 1851 381 1886 fuerat
405 1851 555 1895 questio,
573 1851 716 1892 vidisse,
735 1852 897 1895 reliquae
913 1863 997 1887 vero
1014 1852 1109 1896 quod
1125 1851 1154 1886 si
1171 1853 1214 1886 de
1238 1863 1281 1886 eo
1305 1851 1444 1895 aliquid
1467 1850 1554 1884 mali
1571 1850 1747 1891 dixerant,

118 1906 187 1942 hoc
198 1906 294 1942 idem
310 1918 374 1951 per
389 1907 591 1952 gehennam
607 1919 669 1942 seu
694 1911 882 1948 torturam,
911 1907 984 1941 vim
1008 1914 1043 1942 et
1067 1907 1288 1948 violentiam,
1314 1907 1440 1942 fecisse
1456 1906 1747 1948 declaraverant3

119 1962 180 1996 sed
196 1961 252 1996 his
267 1962 409 1997 nullum
434 1966 636 2006 respectum
652 1962 829 2003 habendo,
848 1961 936 1997 dicti
952 1961 1167 1997 deffensores
1194 1962 1371 2005 prefatum
1395 1963 1553 2005 Aymery
1577 1959 1693 2004 primo
1712 1959 1750 1994 in

120 2015 209 2051 liere
236 2016 369 2060 absque
393 2016 552 2058 eretello,
571 2016 742 2051 membris
765 2015 921 2051 extensis
937 2019 973 2051 et
1000 2016 1108 2060 longo
1136 2016 1306 2059 temporis
1329 2015 1456 2060 spatio,
1484 2019 1520 2050 et
1544 2018 1665 2059 postea
1687 2026 1752 2059 per

121 2070 301 2114 quandam
318 2071 427 2106 aliam
445 2074 636 2114 torturam,
655 2071 825 2106 Imolz'net
842 2071 974 2116 gallice
986 2077 1161 2112 vocatam,
1181 2082 1323 2115 aquam,
1343 2071 1461 2106 oleum
1478 2074 1513 2106 et
1529 2078 1669 2105 acetum
1687 2081 1751 2113 pro

120 2125 256 2161 vitione
286 2125 354 2161 sibi
370 2127 556 2169 tradendo,
574 2139 617 2162 ac
633 2128 729 2171 quod
745 2127 862 2171 ipsum
879 2128 917 2161 in
933 2127 1030 2162 dicta
1046 2127 1207 2162 valderia
1229 2126 1433 2162 interfuisse
1457 2127 1620 2162 confiteri
1636 2130 1672 2162 et
1683 2126 1752 2161 sibi

122 2181 360 2216 nominandos
377 2181 421 2216 de
438 2181 644 2227 hujusmodi
662 2181 813 2217 crimine
826 2193 1006 2221 accusare,
1023 2182 1088 2216 sub
1103 2193 1217 2225 poena
1234 2181 1419 2217 fractionis
1431 2193 1578 2216 suorum
1592 2181 1751 2225 praedic-

122 2238 242 2270 torum
254 2237 511 2277 membrorum,
522 2237 720 2280 oportebat,
730 2237 797 2271 sibi
811 2237 992 2271 suadendo
1005 2236 1353 2280 quaestionaverant,
1369 2236 1508 2281 ipsique
1520 2236 1752 2271 semimortuo

123 2289 192 2324 nisi
211 2291 328 2332 flores,
347 2303 466 2326 roseas
483 2303 543 2326 seu
561 2291 711 2326 violetas
727 2291 964 2332 sustinuisset,
991 2291 1052 2326 sed
1068 2292 1163 2334 quod
1179 2291 1207 2325 si
1223 2292 1422 2336 praedictos
1435 2291 1503 2326 sibi
1517 2291 1753 2326 nominandos

124 2357 197 2381 non
213 2350 412 2388 accusaret,
431 2347 521 2382 alias
545 2350 703 2382 torturas
719 2358 831 2390 usque
847 2348 893 2382 ad
920 2347 1164 2382 membrorum
1188 2346 1458 2382 dissolutionem
1483 2352 1667 2391 pateretur
1690 2358 1754 2391 per

123 2400 240 2435 minas
273 2401 531 2445 promiserant3
564 2413 690 2436 verum
722 2402 796 2446 ipse
825 2402 920 2445 quod
947 2401 1095 2436 minime
1123 2405 1308 2436 accusaret
1332 2404 1582 2446 responderam
1615 2403 1675 2438 sed
1699 2403 1755 2437 his

123 2454 272 2491 minime
288 2456 445 2491 contenti
463 2456 580 2500 ipsum
596 2458 754 2500 Aymery
779 2456 968 2492 duodecim
996 2456 1136 2491 vicibus
1160 2460 1442 2499 tortum-erant,
1461 2461 1496 2493 et
1512 2459 1556 2493 ad
1574 2458 1754 2502 quandam

123 2512 289 2546 arborem
312 2524 394 2547 eum
418 2512 634 2556 suspendere
664 2516 700 2547 et
728 2515 849 2556 postea
874 2513 1118 2556 submergere,
1138 2512 1205 2546 sibi
1234 2512 1306 2546 vim
1331 2514 1545 2549 servientem
1562 2517 1696 2549 etcum
1714 2525 1755 2548 eo

125 2567 358 2602 confiteretur
371 2567 586 2602 derisionem
603 2567 900 2606 administrando.
929 2567 1280 2608 administraverant,
1300 2571 1334 2602 et
1349 2580 1391 2602 ex
1418 2573 1495 2612 post
1511 2569 1627 2613 ipsum
1645 2569 1754 2604 unde-

126 2621 197 2656 cim
220 2622 402 2657 mensibus
430 2621 696 2666 prisonnierum
722 2622 759 2656 in
784 2633 917 2667 magna
936 2625 1144 2666 paupertate
1161 2626 1197 2656 et.
1213 2622 1357 2657 miseria
1378 2623 1619 2665 detinuerant,
1639 2627 1674 2658 ct
1691 2635 1755 2668 pro

126 2675 224 2711 omni
237 2677 496 2721 complemento
512 2677 664 2712 eundem
681 2677 909 2718 scalsaudari,
929 2677 1128 2721 praedicari
1145 2680 1179 2712 et
1206 2677 1361 2712 mittrari
1380 2678 1550 2714 facientes
1575 2679 1691 2723 ipsum
1709 2679 1755 2714 ad

125 2733 318 2768 tenendum
332 2745 513 2769 carcerem
531 2734 722 2768 fermatum
739 2734 1079 2768 condemnaverant.

171 2787 241 2823 Sed
256 2789 375 2824 medio
391 2787 648 2833 persecutionis
671 2799 735 2832 per
747 2789 824 2832 jam
841 2788 977 2823 dictum
996 2787 1202 2822 Collardum
1219 2788 1262 2822 de
1280 2787 1467 2823 Bclloforti
1494 2787 1531 2822 in
1548 2787 1636 2822 villa
1651 2789 1754 2823 Atre-

127 2843 278 2884 batensi,
304 2846 391 2878 tunc
414 2842 601 2878 occasione
629 2842 907 2887 praemissorum
931 2843 1092 2877 detentos
1109 2841 1146 2876 in
1171 2853 1249 2877 eam
1278 2842 1408 2877 adduci
1426 2841 1667 2884 ordinaverat,
1685 2854 1756 2885 quo

127 2899 305 2943 pendente
319 2899 437 2935 dictus
453 2901 622 2943 Aymery,
641 2898 736 2942 apud
754 2897 906 2933 Romam
923 2908 1009 2941 erga
1027 2897 1163 2932 dictum
1180 2897 1386 2941 episcopum
1403 2898 1674 2933 Atrebatensem
1691 2908 1756 2941 pro
