2097 3466
312 234 375 265 358
986 228 1116 263 ANNO
1143 229 1241 262 1460

315 326 401 359 fines
419 322 545 361 Gallie,
565 332 633 364 quc
649 321 723 355 sola
740 320 908 355 monstris
925 331 1047 354 carere
1063 320 1168 354 solita
1184 323 1247 359 cst,
1266 316 1413 362 lugubri
1429 319 1536 360 atque
1558 314 1683 350 infami
1707 316 1801 350 sorte
1828 324 1933 358 pene-

313 378 462 414 traucrit
481 382 513 411 ct
532 376 732 419 pluriorum
750 375 991 409 luditicaucrit
1007 374 1145 408 animas
1160 374 1206 407 ad
1229 373 1435 408 sectandum
1451 370 1626 405 vanitates
1641 372 1676 404 et
1691 368 1848 404 insanias
1870 368 1934 403 fal-

314 446 370 467 sas
393 431 579 476 dyabolice
602 429 862 473 suggestionis3
882 441 949 472 quc
967 429 1125 472 profecto
1141 428 1255 462 altera
1279 426 1422 470 quidem
1447 436 1543 460 mors
1569 428 1632 462 est.
1652 435 1720 466 que
1742 422 1781 457 in
1804 422 1937 457 finibus

314 491 514 530 temporum
542 484 681 518 inuidia
703 484 846 528 dyaboli
865 483 1015 517 intrauit
1031 483 1069 516 in
1093 483 1215 517 orbem
1244 484 1435 520 terrarum,
1454 490 1559 522 quem
1587 478 1744 512 filiorum
1770 476 1937 521 superbie

313 553 434 585 regem
451 552 492 574 ac
508 538 707 583 principem
723 538 1018 582 dampnatissime
1034 537 1107 572 ritu
1132 540 1240 581 atque
1256 536 1356 570 cult-u
1373 537 1571 574 mutantur,
1599 533 1662 577 qui
1678 534 1762 568 sunt
1776 543 1819 567 ex
1835 535 1938 576 parte

315 596 403 635 eius,
423 595 458 629 id
475 598 525 629 est
542 593 651 628 huius
664 596 757 628 secte
774 596 962 628 amatores.

358 651 410 685 Ita
448 649 517 683 hac
554 651 763 691 tempestate
795 647 924 682 misera
959 647 1053 682 Deus
1086 646 1195 680 liuius
1226 644 1337 680 seculi
1369 647 1505 679 mentes
1533 643 1664 678 horum
1694 642 1938 688 pestilentium

320 704 507 740 hominum
530 703 726 743 excecauit,
753 707 803 743 ut,
831 702 981 737 veritate
1005 701 1069 737 Dei
1098 701 1135 736 in
1163 700 1390 736 mendacium
1415 702 1645 740 commutata,
1664 699 1785 734 colant
1809 701 1846 734 et
1867 709 1939 734 ser·

319 760 422 795 uiant
439 761 603 793 creature
630 757 755 801 pocius
779 769 884 801 quam
910 756 1084 798 Creatori,
1103 756 1164 800 qui
1196 759 1248 790 est
1274 755 1481 790 benedictus
1508 754 1546 788 in
1572 756 1703 790 secula.
1736 756 1862 790 Amen.
1895 754 1942 790 Et

317 819 507 861 propterea
522 814 669 849 tradidit
682 814 761 848 illos
771 814 866 848 Deus
883 813 920 848 in
937 813 1117 857 passiones
1133 812 1343 857 ignominie,
1353 814 1393 846 ut
1402 811 1533 846 femine
1543 808 1941 845 immutentnaturalem

317 883 420 906 usum
442 870 479 904 in
496 881 577 904 euin
594 881 698 904 usum
715 869 776 913 qui
794 872 845 904 est
862 872 987 903 contra
1005 872 1183 909 naturam,
1204 871 1240 903 et
1263 867 1430 902 similiter
1452 866 1615 908 masculi,
1640 865 1767 901 relicto
1783 862 1942 900 naturali

316 939 382 961 usu
411 926 555 967 femine,
571 927 805 961 exardescant
832 926 869 960 in
897 927 972 960 suis
999 926 1184 967 desideriis
1208 925 1365 960 inuicem
1389 924 1539 959 masculi
1567 923 1606 958 in
1632 923 1810 957 masculos
1835 923 1943 965 atque

318 980 432 1016 eciam
458 981 495 1015 in
513 981 643 1016 bestias
668 980 929 1023 turpitudinem
957 982 1145 1023 operantes
1162 982 1197 1014 et.
1213 979 1414 1013 mercedem
1439 989 1546 1021 quam
1564 977 1723 1021 oportuit
1738 975 1870 1012 erroris
1886 975 1943 1010 sui

318 1036 355 1070 in
372 1035 570 1079 semetipsis
593 1036 824 1079 recipientes;
849 1035 970 1078 itaque
995 1046 1106 1078 quum
1134 1033 1300 1068 ordinata
1326 1032 1486 1068 breuitas
1514 1035 1549 1067 et
1577 1033 1681 1068 docet
1707 1034 1743 1067 et
1770 1031 1941 1072 declarat,

318 1091 445 1125 modus
468 1091 567 1133 operi
584 1093 749 1125 contexto
762 1090 986 1124 adhibendus
1001 1092 1054 1123 est
1069 1091 1104 1123 et
1120 1088 1226 1123 certis
1244 1087 1376 1122 finibus
1388 1086 1668 1131 constringenda
1683 1084 1810 1120 oratio.

364 1145 443 1180 Duo
470 1144 585 1189 igitur
611 1145 655 1180 de
681 1156 720 1180 re
746 1144 929 1189 proposita
953 1144 1072 1178 dicere
1100 1143 1220 1178 statui.
1241 1142 1406 1177 Primum
1430 1142 1573 1186 quidem
1591 1152 1663 1176 non
1689 1142 1864 1184 quantum
1890 1137 1945 1174 rei

319 1199 480 1244 grauitas
496 1199 663 1243 postulat,
688 1199 749 1233 sed
765 1201 939 1242 quantum
956 1198 1091 1241 ingenij
1111 1196 1283 1232 concessit
1301 1196 1470 1236 breuitas,
1485 1196 1531 1230 ad
1553 1195 1695 1239 piorum
1713 1193 1946 1237 fideliumque

319 1254 482 1289 cordium
499 1253 779 1289 consolationem
803 1253 1070 1295 tuicioncmque
1094 1252 1302 1291 salutarem,
1321 1251 1464 1286 sceleris
1488 1249 1775 1294 magnitudinem
1801 1259 1944 1283 execra-

319 1308 564 1352 tissimamque
588 1308 769 1343 maliciam
786 1307 934 1351 aperiet.
969 1307 1177 1341 Secundum
1195 1317 1278 1340 vero
1295 1306 1441 1340 modum
1465 1305 1670 1349 possibilem
1692 1306 1800 1348 atque
1822 1302 1945 1338 verisi-

321 1364 455 1404 milem,
475 1375 545 1407 quo
561 1375 615 1404 ea,
634 1375 702 1407 que
717 1364 762 1398 ab
776 1363 884 1397 huius
909 1361 1198 1406 nephandissime
1225 1363 1319 1395 secte
1343 1359 1626 1395 sceleratissimis
1653 1357 1851 1394 cultoribus
1866 1356 1946 1392 fieri

323 1418 562 1458 affirmantur,
578 1417 725 1462 ingenio
740 1416 902 1452 demonis
917 1416 1060 1450 valeant
1076 1414 1268 1458 procurari
1283 1413 1494 1454 declarabit,
1513 1413 1542 1447 si
1558 1412 1725 1447 videlicet
1748 1411 1842 1446 mira
1869 1411 1944 1452 illa,

325 1484 393 1517 que
424 1484 446 1507 a
472 1484 509 1507 se
532 1472 620 1513 visa,
638 1472 773 1512 audita,
793 1474 892 1516 gesta
919 1472 1212 1510 commemorant,
1230 1469 1381 1504 veritate
1403 1469 1525 1511 aliqua
1552 1466 1728 1502 naturalis
1754 1464 1948 1501 existencie

325 1527 499 1567 nitantur,
518 1538 563 1561 an
580 1527 656 1561 sola
671 1524 867 1566 delusione,
885 1523 1114 1568 oppressione
1130 1522 1294 1562 fantasie,
1310 1522 1439 1556 demon
1451 1522 1526 1565 ipse
1539 1532 1603 1555 sua
1618 1519 1797 1555 industria
1812 1521 1948 1554 mentes

324 1582 470 1617 illorum
488 1582 538 1617 ita
553 1582 725 1622 ludificet,
742 1592 811 1624 que
827 1580 925 1615 velut
941 1578 1182 1623 sompniantes
1199 1577 1237 1611 in
1253 1577 1368 1621 ydolis
1383 1580 1490 1620 atque
1506 1575 1735 1611 simulachris
1750 1573 1948 1610 fantasticis

325 1637 534 1681 inspiciunt.
553 1637 646 1672 Vere
663 1636 714 1671 ita
730 1647 804 1671 esse
820 1635 859 1670 in
874 1646 914 1670 re
938 1634 1015 1679 ipsa
1043 1633 1236 1677 opinentur
1262 1632 1492 1677 ymaginibus
1515 1631 1601 1676 ipsis
1628 1641 1751 1665 rerum
1776 1632 1949 1673 tanquam

324 1692 430 1726 rebus
447 1691 532 1735 ipsis
549 1691 762 1726 inherentes

368 1747 513 1781 Nouum
531 1748 626 1781 certe
643 1745 780 1780 crimen
805 1756 847 1779 ac
871 1742 1063 1788 prioribus¹
1081 1743 1186 1778 sectis
1219 1741 1423 1777 inauditum
1451 1743 1487 1776 et
1517 1739 1633 1775 ausim
1660 1739 1779 1774 dicere
1810 1737 1950 1773 cunctis

326 1801 685 1836 abhominacionibus
721 1800 902 1845 gencium,
937 1810 1005 1842 que
1040 1810 1062 1833 a
1093 1798 1280 1833 creacione
1310 1797 1435 1831 mundi
1467 1796 1660 1840 contigisse
1689 1795 1947 1834 memorantur,

326 1855 483 1891 deterius
500 1859 607 1899 atque
623 1854 860 1890 execrabilius
877 1857 929 1889 est
943 1854 1012 1888 hoc
1031 1853 1277 1888 Vaudcnsium
1301 1852 1452 1886 facinus
1472 1852 1517 1886 Et
1542 1851 1612 1886 hoc
1635 1862 1679 1885 ex
1701 1850 1840 1884 duobus
1866 1859 1949 1883 con-

328 1912 473 1946 firmare
489 1910 718 1946 conabimur:
736 1909 865 1953 primo,
883 1920 927 1944 ex
943 1908 1055 1952 ipsius
1071 1908 1215 1943 sceleris
1230 1907 1426 1942 acerbitate
1438 1909 1473 1941 et
1485 1905 1628 1940 malicie
1641 1904 1755 1940 nimia
1767 1904 1947 1946 ubertate3

325 1967 492 2007 secundo,
511 1977 554 2000 ex
570 1964 771 2009 pernicioso
783 1964 963 2004 scandalo,
978 1962 1007 1996 si
1023 1962 1056 1998 ei
1073 1962 1268 1997 efficaciter
1283 1973 1354 1996 non
1370 1963 1594 2002 occurratur,
1609 1959 1831 1994 imminente.

371 2020 652 2056 Acerbissimum
680 2019 849 2054 nimirum
877 2021 929 2052 cst
951 2018 1020 2052 hoc
1044 2017 1193 2058 crimen,
1212 2017 1306 2060 quod
1332 2017 1378 2051 ad
1393 2015 1607 2060 apostasiam
1623 2013 1746 2049 diuine
1765 2011 1953 2058 religionis

326 2075 436 2111 sumit
452 2074 615 2109 inicium.
634 2073 787 2108 Inicium
806 2072 937 2116 quippe
953 2072 1130 2116 superbie,
1146 2075 1186 2106 ut
1201 2074 1263 2115 ayt
1276 2071 1435 2115 Sapiens,
1451 2074 1503 2106 est
1518 2069 1695 2114 apostasia
1710 2081 1732 2104 a
1745 2070 1830 2104 Deo.
1849 2068 1954 2110 Quod

329 2131 359 2165 si
377 2129 595 2174 principium
612 2132 663 2163 est
687 2127 864 2171 superbie,
884 2126 1103 2171 principium
1132 2129 1185 2161 est
1212 2126 1328 2161 tocius
1354 2125 1509 2160 malicie.
1533 2124 1688 2159 Inicium
1715 2124 1812 2159 enim
1838 2121 1954 2158 omnis

330 2184 466 2229 peccati
484 2183 578 2218 idem
593 2182 742 2226 Sapiens
754 2181 922 2225 superbia
935 2192 1047 2216 messe
1063 2181 1229 2216 affirmat.
1249 2180 1435 2224 Principia
1451 2182 1570 2215 autem
1587 2179 1623 2214 in
1638 2179 1801 2222 quolibet¹
1809 2189 1952 2222 genere,

331 2253 413 2276 cum
430 2240 501 2275 sint
524 2239 724 2284 quantitate
751 2237 914 2278 minima,
941 2236 1164 2281 permaxima
1189 2240 1272 2271 sunt
1298 2236 1336 2270 in
1359 2236 1512 2278 virtute3
1530 2246 1613 2269 cum
1639 2237 1759 2270 autem
1777 2232 1954 2278 apostasia

331 2308 395 2341 per
421 2294 539 2330 varios
566 2294 710 2329 incedat
733 2293 878 2337 gradus,
906 2291 1152 2326 Vaudensium
1180 2292 1246 2326 hec
1275 2290 1566 2335 nephandissima
1591 2292 1688 2325 secta
1714 2288 1887 2333 pertingit
1907 2288 1954 2323 ad

333 2363 524 2392 summum,
544 2350 629 2394 quia
647 2350 760 2384 Deum
776 2355 811 2384 et
829 2347 1023 2382 Dominum
1047 2347 1190 2382 Ihesum
1210 2346 1378 2387 eristum,
1397 2357 1502 2389 quem
1519 2345 1625 2380 unice
1641 2345 1831 2380 colendum
1846 2346 1954 2386 atque

332 2406 554 2441 adorandum
571 2403 774 2448 baptismali
791 2402 1009 2447 professione
1026 2403 1240 2445 susceperat,
1259 2400 1464 2435 incredibili
1488 2399 1689 2435 temeritate
1704 2411 1747 2433 ac
1762 2397 1954 2434 temeraria

331 2460 583 2497 incredulitate
611 2458 777 2503 negligit,
804 2457 1039 2500 contempnit,
1063 2456 1185 2491 abicit.
1204 2456 1354 2499 Insuper
1377 2458 1412 2490 et
1434 2455 1658 2490 sanctissima
1673 2457 1780 2498 atque
1795 2454 1952 2488 saluber-

329 2516 423 2551 rima
437 2515 514 2550 eius
537 2515 762 2547 sacramenta
774 2510 993 2546 intolerabili
1011 2510 1283 2554 presumpcione
1298 2510 1460 2550 infamat,
1476 2509 1695 2553 prophanat3
1709 2519 1792 2552 ymo
1805 2506 1953 2542 diuinis-

334 2570 424 2604 simo
440 2569 503 2604 illo
520 2570 755 2607 sacramento,
774 2566 812 2600 in
836 2577 906 2609 quo
934 2567 1009 2600 tota
1038 2567 1160 2599 nostra
1188 2564 1360 2599 recolitur
1386 2567 1421 2599 et
1447 2565 1653 2599 continetur
1675 2562 1890 2606 redempcio,
1908 2561 1955 2596 ad

336 2622 642 2667 nephandissimos
657 2626 692 2658 et
708 2622 956 2666 spurcissimos
971 2633 1034 2656 sue
1049 2621 1311 2665 superstitionis
1325 2622 1412 2655 fines
1427 2620 1599 2655 abutitur.
1619 2619 1747 2654 Dicere
1762 2619 1872 2662 pudet
1883 2629 1955 2662 qua

337 2677 462 2712 fraude
486 2678 551 2711 sub
579 2677 734 2721 ypocrisi
752 2676 948 2711 christiane
972 2675 1201 2720 professionis
1217 2687 1298 2710 cum
1322 2674 1636 2710 sceleretarissima
1651 2674 1714 2708 illa
1730 2671 1954 2708 consciencia

337 2743 419 2766 cum
439 2731 565 2765 ceteris
589 2731 766 2772 fidelibus,
785 2730 928 2766 statutis
951 2731 996 2765 ab
1025 2730 1176 2765 ccclesia
1203 2729 1339 2771 diebus,
1358 2728 1605 2772 supersticiose
1631 2727 1741 2762 huius
1767 2726 1954 2771 religionis

337 2786 551 2830 professores
576 2786 621 2820 ad
649 2785 938 2820 communionem
962 2787 1120 2819 sanctam
1149 2784 1333 2824 accedant,
1351 2783 1425 2826 qui,
1453 2786 1494 2818 ut
1520 2794 1563 2817 ex
1586 2793 1711 2817 eorum
1734 2780 1954 2816 confessione

338 2842 558 2883 compertum
586 2843 650 2882 est,
667 2839 928 2875 sanctissimam
951 2839 1051 2874 illam
1075 2837 1229 2873 hostiam
1252 2839 1297 2872 ab
1318 2849 1379 2872 ore
1395 2849 1459 2872 suo
1482 2838 1618 2881 polluto
1645 2836 1818 2880 nepharia
1843 2847 1953 2870 manu

343 2894 525 2938 deponunt
550 2893 727 2938 integram
760 2894 942 2937 illamque,
961 2896 1001 2928 ut
1016 2904 1037 2928 a
1053 2904 1116 2927 suo
1133 2892 1272 2936 preside
1289 2903 1473 2927 sacrorum
1490 2903 1532 2927 ac
1545 2891 1757 2926 salutarium
1777 2889 1952 2926 misterio-
