2097 3466
296 257 357 292 113
1009 251 1140 288 ANNO
1168 253 1266 288 1247

293 354 432 398 aliquos
456 351 498 388 de
526 350 697 387 fratribus
724 351 795 388 tuis
821 350 888 388 tibi
916 350 1113 387 commissis
1143 350 1181 386 in
1208 349 1288 395 lege
1312 348 1455 385 Domini
1483 347 1652 390 eruditos,
1672 358 1760 392 quos
1784 346 1913 384 adhoc

293 410 438 444 idoneos
461 419 534 442 esse
559 406 740 449 noveritis,
765 407 809 442 ad
835 410 952 452 partes
977 406 1211 451 Burgundiae
1227 409 1262 441 et
1286 404 1544 449 Lotliaringiae
1570 403 1834 444 transmittatis,
1851 401 1914 446 qui

293 466 389 500 clero
416 468 449 499 ct
478 464 610 507 populo
639 465 842 499 convocatis
872 464 1075 507 generalem
1101 462 1402 506 praedicationem
1428 460 1573 501 faciant,
1600 459 1661 494 ubi
1691 459 1912 494 commodius

293 520 447 554 viderint
464 519 642 562 expedire,
658 522 691 554 et
709 519 889 562 adiunctis
901 519 967 553 sibi
986 517 1149 552 discretis
1163 517 1343 560 aliquibus
1355 518 1399 551 ad
1416 517 1504 551 111100
1517 515 1692 551 solicitius
1708 515 1914 559 exequenda

293 575 458 619 diligenti
486 575 697 618 perquirant
723 575 952 609 solicitudine
978 575 1020 608 de
1048 573 1238 608 haereticis
1272 576 1306 608 et
1345 573 1453 608 etiam
1481 572 1674 613 infamatis,
1705 575 1740 606 et
1763 571 1793 605 si
1824 582 1912 614 quos

294 630 490 674 culpabiles
514 630 569 664 vel
594 630 784 666 infamatos
820 630 1033 670 invenerint,
1062 629 1128 664 nisi
1162 629 1357 664 examinati
1390 629 1503 664 velint
1537 628 1699 662 absolute
1731 627 1910 662 mandatis

293 684 464 721 ecclesiae
491 685 646 726 obedire,
674 687 866 729 procedant
896 690 1019 719 contra
1048 696 1106 718 eos
1128 686 1235 728 juxta
1259 687 1390 719 statuta
1417 684 1509 718 sedis
1540 682 1754 726 apostolicae
1783 684 1909 716 contra

293 742 492 776 haereticos
517 740 656 775 noviter
681 741 907 784 promulgata
932 739 968 773 in
992 742 1242 782 receptatores,
1261 740 1462 773 defensores
1484 740 1519 773 et.
1542 738 1698 771 fautores
1721 736 1914 772 haeretico-

293 809 385 835 rum.
403 797 598 831 secundum
616 796 738 830 eadem
755 798 887 830 statuta
912 794 1145 828 nihilominus
1170 794 1382 838 processuri.
1410 794 1447 828 Si
1473 805 1557 828 vero
1580 792 1705 836 aliqui,
1731 791 1914 826 haeretica

292 853 372 887 labe
396 852 537 896 penitus
561 852 738 895 abjurata.
772 851 817 885 ad
841 850 1118 885 ecclesiasticam
1147 850 1264 884 redire
1288 850 1468 885 voluerint
1492 850 1678 890 unitatem,
1705 849 1791 892 ipsis
1808 850 1914 893 juxta

292 909 442 941 formam
461 906 631 941 ecclesiae
649 906 861 940 beneficium
878 905 1112 939 absolutionis
1136 905 1343 947 impendant
1367 908 1401 939 et
1425 904 1617 949 injungant
1633 904 1696 946 eis,
1715 904 1809 948 (111οᾶ
1832 904 1911 939 tali-

292 964 357 997 bus
374 962 557 997 consucvit
580 961 735 1005 injungi.
761 961 931 995 attentius
955 960 1145 1003 provisuri,
1165 971 1209 994 ne
1233 961 1294 1003 qui
1319 960 1487 995 videntur
1510 959 1654 1000 reverti,
1674 960 1738 994 sub
1763 959 1912 1003 palliata

292 1018 408 1061 specie
432 1017 574 1061 pietatis
598 1017 815 1060 impietatem
840 1015 1066 1049 committant
1097 1018 1132 1049 et
1155 1015 1305 1058 angelus
1328 1018 1473 1049 satanae
1500 1015 1537 1049 in
1565 1014 1656 1049 lucis
1683 1015 1854 1058 angelum
1877 1026 1913 1049 se

292 1074 532 1111 transformet.
550 1075 696 1116 propter
711 1071 805 1114 quod
821 1073 965 1110 statuta,
985 1081 1075 1114 (111110
1099 1081 1206 1112 super
1225 1069 1294 1103 hoc
1316 1069 1483 1103 duximus
1506 1069 1780 1113 promulganda,
1803 1069 1912 1113 inspi-

294 1138 374 1161 cere
387 1130 555 1171 poterunt
570 1129 605 1161 et
621 1126 665 1159 ab
678 1136 802 1159 eorum
819 1124 969 1165 insidiis,
985 1124 1179 1158 secundum
1193 1123 1442 1158 discretionem
1455 1123 1506 1157 eis
1523 1123 1694 1158 traditam
1713 1135 1734 1157 a
1747 1123 1912 1164 Domino,

292 1193 517 1225 praecavere.
549 1182 603 1216 Ad
631 1181 732 1219 haec,
758 1183 797 1215 ut
824 1191 932 1223 supra
960 1179 1162 1223 praemissis
1190 1178 1355 1212 omnibus
1382 1178 1540 1213 officium
1578 1178 1645 1212 sibi
1684 1178 1914 1213 commissum

292 1236 441 1271 liberius
465 1236 599 1280 possint
623 1239 658 1270 et
684 1234 865 1269 efficacius
892 1245 1069 1273 exercere,
1096 1233 1273 1273 omnibus,
1300 1233 1361 1276 qui
1390 1235 1434 1268 ad
1458 1233 1762 1277 praedicationem
1788 1244 1914 1267 eorum

293 1291 506 1325 accesserint
532 1291 569 1325 in
591 1290 743 1335 singulis
766 1288 1132 1332 stationibusffiginti
1155 1288 1240 1328 dies,
1260 1288 1332 1322 illis
1356 1300 1452 1329 vero,
1472 1289 1532 1332 qui
1557 1289 1601 1323 ad
1626 1289 1913 1334 impugnandum

292 1345 502 1385 haereticos,
522 1346 689 1383 fautores,
709 1347 957 1388 receptatores,
985 1344 1186 1377 defensores
1210 1354 1334 1377 eorum
1356 1343 1393 1376 in
1418 1343 1679 1378 munitionibus
1700 1347 1735 1379 et
1759 1343 1914 1379 castellis

293 1400 349 1434 vel
366 1400 454 1434 alias
471 1402 596 1434 eontra
612 1399 799 1434 ecclesiam
816 1399 1041 1437 rebellantes,
1058 1397 1143 1441 ipsis
1159 1409 1201 1431 ex
1218 1397 1339 1431 animo
1355 1397 1544 1438 auxilium,
1560 1399 1749 1433 consilium
1767 1399 1914 1443 praesti-

294 1454 405 1488 terint
427 1454 483 1488 vel
510 1454 680 1494 favorem,
707 1454 750 1487 de
777 1452 1030 1496 omnipotentis
1056 1452 1119 1486 Dei
1144 1451 1391 1486 misericordia
1415 1455 1450 1487 ct
1474 1453 1515 1486 B.
1550 1453 1590 1486 B.
1625 1454 1724 1488 Petri
1749 1457 1784 1489 et
1809 1454 1916 1489 Pauli

295 1508 536 1551 apostolorum
552 1510 629 1552 ejus
645 1508 858 1542 auctoritate
886 1507 1010 1541 confisi
1034 1510 1105 1541 tres
1123 1518 1234 1540 annos
1257 1507 1300 1541 de
1324 1507 1489 1551 injuncta
1504 1507 1571 1541 sibi
1595 1507 1813 1551 poenitentia
1829 1508 1917 1542 rela-

294 1574 442 1604 xamus3
471 1566 505 1596 et
533 1562 560 1596 si
587 1562 648 1605 (1111
676 1574 718 1596 ex
746 1562 802 1596 his
829 1562 866 1596 in
894 1562 1143 1606 prosecutione
1169 1562 1277 1606 hujus
1306 1561 1440 1605 negotii
1476 1563 1568 1596 forte
1604 1562 1832 1604 decesserint,
1864 1563 1915 1598 eis

293 1617 453 1652 omnium
468 1620 708 1661 peccatorum,
724 1618 767 1651 de
781 1617 909 1661 (111111113
923 1618 1029 1651 corde
1043 1616 1187 1650 contriti
1205 1627 1246 1650 ac
1265 1628 1326 1651 ore
1343 1616 1492 1651 confessi
1509 1619 1603 1658 sunt,
1619 1616 1761 1660 plenam
1776 1616 1918 1651 veniam

293 1673 533 1716 indulgemus.
554 1673 606 1706 Ne
623 1683 706 1706 vero
730 1671 866 1714 aliquid
885 1671 1056 1705 fratribus
1080 1670 1166 1714 ipsis
1182 1670 1273 1704 desit
1289 1671 1333 1704 ad
1358 1671 1581 1714 praedictum
1599 1670 1784 1715 negotium
1801 1681 1917 1714 prose-

294 1728 487 1771 quendum,
503 1726 540 1760 iu
558 1726 838 1761 contradictores
855 1729 889 1760 et
902 1726 1051 1760 rebelles
1067 1725 1346 1760 ecclesiasticam
1359 1726 1563 1769 proferendi
1588 1737 1776 1760 censuram
1794 1728 1918 1761 tenore

294 1780 535 1825 praesentium
552 1782 701 1815 liberam
720 1781 770 1816 eis
787 1781 1015 1815 concedimus
1039 1781 1246 1814 facultatem
1262 1792 1270 1822 3
1290 1780 1552 1824 praedicatores
1569 1792 1710 1824 quoque
1727 1783 1914 1824 quaestua-

295 1836 378 1876 rios,
397 1847 550 1878 quorum
576 1836 721 1871 interest
739 1836 928 1870 caritativa
943 1838 1083 1870 tantum
1100 1835 1258 1870 subsidia
1282 1835 1494 1878 simpliciter
1518 1839 1636 1879 petere
1660 1847 1702 1870 ac
1725 1835 1915 1880 indulgen-

295 1892 394 1931 tiam,
422 1890 452 1925 si
480 1902 587 1934 quam
619 1892 710 1925 forte
737 1891 880 1931 habent,
906 1902 1094 1933 exponere,
1113 1902 1134 1924 a
1166 1890 1441 1934 praedicationis
1469 1890 1598 1932 officio,
1630 1891 1724 1934 quod
1752 1891 1797 1925 ad
1824 1890 1918 1934 ipsos

296 1947 501 1981 nullatenus
528 1946 692 1990 pertinet,
727 1945 974 1989 compescendi
999 1957 1150 1980 censura
1177 1945 1286 1980 simili
1311 1946 1443 1980 eisdem
1472 1945 1707 1981 nihilominus
1734 1945 1918 1982 licentiam

297 2003 536 2047 indulgemus.

342 2059 472 2092 Datum
491 2056 673 2101 Lugduni,
693 2056 780 2091 XVI
796 2057 869 2090 kal.
889 2056 1107 2097 Decembris,
1126 2056 1355 2099 pontificatus
1373 2055 1484 2091 nostri
1501 2067 1595 2090 anno
1613 2057 1750 2099 quinto.

574 2132 709 2176 Ripoll,
724 2133 802 2167 deel
818 2132 845 2173 I,
866 2132 931 2166 blz.
949 2134 1022 2173 179,
1039 2139 1076 2166 n1'
1091 2134 1164 2166 189.
1179 2132 1368 2173 (Potthast,
1385 2133 1462 2167 decl
1479 2133 1524 2174 11,
1540 2133 1606 2167 blz.
1624 2135 1719 2174 1073,
1736 2140 1773 2168 nr
1787 2133 1919 2176 12748.)

1048 2297 1162 2341 124.

360 2439 496 2488 1247,
535 2438 827 2492 Antwerpen.
857 2435 1096 2478 Uittreksel
1134 2436 1197 2479 uit
1234 2436 1309 2479 het
1348 2434 1531 2478 Bonum
1567 2435 1827 2479 universale
1863 2436 1918 2478 cle

296 2506 456 2562 apibus
481 2520 561 2548 van
585 2506 665 2548 den
701 2504 1026 2547 Brabantschen
1061 2505 1301 2561 tijdgenoot
1334 2505 1518 2546 Thomas
1551 2504 1912 2559 Canffipratensis,

297 2576 569 2630 predikheer‚
603 2575 788 2616 waaruit
820 2573 949 2628 blijkt
981 2573 1053 2615 dat
1084 2574 1314 2624 Guiardus‚
1340 2572 1540 2627 bisschop
1564 2587 1645 2615 van
1671 2572 1912 2629 Kamerijk,

297 2649 365 2686 ter
387 2643 497 2700 abdij
525 2657 607 2685 van
633 2643 830 2697 Affligem
856 2642 897 2683 in
923 2641 994 2683 dat
1019 2642 1117 2698 jaar
1136 2643 1351 2692 0110110011,
1375 2642 1534 2697 terwijl
1552 2641 1609 2698 hij
1635 2656 1686 2696 op
1710 2655 1808 2697 weg
1826 2655 1918 2684 was

298 2727 366 2754 om
399 2713 715 2766 Antwerpsche
747 2712 915 2754 ketters
949 2716 990 2754 te
1022 2725 1134 2766 gaan
1174 2712 1423 2766 vervolgen.
1463 2711 1586 2764 (Deze
1625 2710 1919 2764 mededeeling

298 2780 439 2822 wordt
473 2785 560 2822 met
592 2781 673 2823 den
707 2780 854 2822 dr‹›om
880 2795 960 2822 van
986 2794 1118 2822 eenen
1153 2779 1412 2835 predikheer
1445 2783 1488 2822 te
1518 2779 1633 2821 Gent
1662 2792 1713 2820 en
1751 2783 1837 2820 met
1868 2779 1919 2820 de

300 2849 595 2905 verschijning
634 2863 712 2890 van
754 2849 835 2891 den
876 2849 1106 2891 overieden
1151 2848 1349 2903 bisschop
1388 2862 1467 2890 aan
1509 2848 1640 2890 dezen
1681 2847 1915 2903 slapenden

298 2917 472 2959 monnik
497 2917 538 2959 in
565 2916 753 2960 verband
779 2917 1028 2973 gebracht.)
