2097 3466
845 197 977 232 ANNO
1006 199 1105 232 1460
1724 199 1788 232 359

153 304 235 328 rum
259 293 379 328 emulo
404 294 488 326 sunt
514 291 642 333 edocti,
670 290 864 326 husonibus
893 289 1188 325 immundissimis
1213 290 1337 334 utique
1365 290 1583 327 animalibus
1610 290 1784 326 diuturna

153 349 247 384 same
263 348 434 384 cruciatis
446 348 619 383 edendam
638 347 797 387 tradunt.
813 350 848 382 et
865 350 1025 382 extracto
1038 347 1215 390 sanguine
1231 346 1274 380 de
1291 357 1440 390 corpore
1454 346 1556 390 pueri
1571 345 1784 386 innocentis,

153 415 259 448 quem
277 404 305 438 si
323 404 442 438 valent
466 402 663 446 parricidio
693 405 832 442 necant,
853 403 1019 446 pulueres
1040 413 1082 436 ex
1111 401 1304 436 husonibus
1331 404 1365 435 et
1395 405 1620 436 mortuorum
1649 401 1787 435 ossibus

154 458 320 494 incendio
334 457 500 493 resolutis
514 457 711 492 conficiunt
723 460 759 492 et
772 456 933 502 predicto
947 456 1123 500 sanguine
1135 458 1243 499 atque
1258 456 1465 490 menstruali
1481 456 1693 490 commixtos
1708 456 1789 490 illos

153 514 192 548 in
209 516 346 558 pastam
364 513 540 557 liquidam
558 515 715 552 vertunt,
735 512 829 546 unde
854 511 955 546 iuxta
972 510 1124 555 presidis
1140 510 1194 544 sui
1219 510 1505 553 dampnatissimi
1524 511 1729 546 institutum
1754 522 1791 545 se

154 569 346 614 inungant,
364 572 400 603 et
424 567 518 607 inde,
538 571 578 602 ut
602 570 777 608 asserunt,
797 567 842 602 ad
859 567 1019 602 volatum
1036 570 1071 602 et
1095 567 1246 601 celerem
1271 566 1366 600 a‘eris
1382 566 1573 600 transitum
1591 566 1793 600 redduntur

153 624 295 669 ydonei.
319 622 535 658 Huiusmodi
552 622 666 657 eciam
686 622 897 666 pulueribus
920 621 1171 666 supersticiose
1187 622 1389 656 abutuntur
1412 622 1457 656 ad
1483 621 1674 665 nepharios
1691 624 1792 655 actus

154 678 451 723 quamplurimos,
470 681 557 722 puta
573 678 618 712 ad
647 678 793 721 frugum
811 677 1031 717 sterilitates,
1050 677 1095 712 ad
1111 676 1205 711 aeris
1218 676 1526 716 obnubilat-iones
1541 677 1586 710 ad
1597 676 1792 720 grandines

153 739 190 770 et
205 734 366 770 tonitrua
382 745 424 768 ac
449 733 548 768 mille
572 733 645 767 alia
670 732 872 776 perniciosa
899 737 935 768 et
959 732 1100 767 ciuitati
1128 743 1281 775 superne
1310 743 1455 776 prorsus
1479 732 1662 767 contraria
1685 744 1795 776 opera

155 789 409 834 perpetranda.
430 788 474 822 Et
498 799 580 822 eum
600 787 650 830 hij
667 786 898 831 perditissimi
923 787 1087 822 homines
1109 789 1269 830 apostate
1285 786 1495 822 cristianam
1514 786 1726 831 religionem
1745 787 1796 822 ita

157 856 230 880 non
260 846 456 879 vereantur
487 843 668 884 abdicare,
701 843 948 878 deuastantem
980 843 1151 886 angelum
1178 842 1291 876 Deum
1320 854 1425 876 suum
1449 845 1613 877 statuunt
1642 854 1796 886 eumque

157 902 297 945 ponunt
327 899 529 934 adiutorem
561 911 666 934 suum
696 899 865 943 illiusque
894 901 1103 943 perpetuam
1127 898 1375 933 reuerenciam
1405 899 1620 942 profitentur
1647 901 1681 933 et
1712 911 1795 933 cum

157 954 300 990 inferno
324 954 462 989 faciunt
487 957 631 998 pactum
650 957 784 989 etcum
801 958 916 989 morte
939 953 1067 989 ineunt
1090 954 1202 988 fedus
1223 952 1366 994 Fuitne,
1393 965 1513 997 queso,
1541 966 1699 998 unquam
1717 966 1794 989 exe-

156 1009 340 1050 crabilior,
361 1009 668 1044 abhominabilior
683 1013 790 1052 atquc
807 1009 1053 1044 detestabilior
1075 1009 1193 1044 secta?

203 1091 280 1099 ......
303 1063 508 1108 Exsurgite,
524 1075 586 1099 vos
604 1063 786 1108 principes
803 1063 966 1099 cristiani
983 1066 1019 1098 et
1036 1063 1184 1104 iudices,
1200 1066 1236 1098 et
1253 1075 1399 1098 causam
1424 1063 1579 1107 proximi
1604 1065 1795 1100 defendite.

159 1119 381 1164 Disrumpite
399 1119 618 1162 perfidorum
643 1119 833 1154 hominum
851 1118 1097 1153 Vaudensium
1114 1118 1246 1160 vincla,
1265 1122 1301 1154 et
1324 1130 1345 1153 a
1368 1119 1469 1154 vobis
1494 1119 1645 1163 proicite
1669 1120 1796 1165 iugum

157 1175 331 1219 ipsorum.
351 1174 422 1209 Vos
439 1174 519 1218 agri
539 1174 719 1209 Dominici
739 1185 912 1209 messores
929 1173 1012 1208 estis
1029 1176 1065 1208 et
1081 1173 1153 1208 iam
1178 1177 1320 1218 tempus
1344 1174 1467 1209 messis
1496 1175 1607 1209 adest.
1628 1175 1798 1219 Colligite

158 1241 246 1275 ergo
260 1228 396 1264 zizania
412 1232 447 1263 et
459 1229 610 1273 alligate
626 1229 741 1264 eciam
759 1228 951 1263 fasciculos
967 1229 1013 1263 ad
1030 1229 1315 1264 comburendum
1333 1232 1368 1264 et
1391 1229 1554 1264 triticum
1572 1230 1609 1264 in
1625 1230 1797 1265 horreum

157 1289 392 1331 congregate.
412 1286 631 1321 Mementote
648 1286 743 1329 quod
761 1297 832 1320 non
857 1285 933 1320 sine
951 1296 1060 1320 causa
1077 1285 1241 1330 gladium
1268 1285 1430 1329 portatis,
1461 1287 1522 1321 sed
1546 1285 1702 1321 ministri
1732 1286 1797 1322 Dei

156 1341 242 1377 estis
254 1341 415 1376 vindices
432 1340 470 1375 in
487 1341 579 1376 iram
597 1341 668 1383 hijs
695 1340 757 1384 qui
782 1341 876 1376 male
903 1343 1028 1385 agunt.
1048 1340 1090 1375 In
1106 1341 1171 1375 hos
1188 1352 1276 1383 ergo
1293 1340 1483 1385 religionis
1500 1341 1670 1376 cristiane
1685 1341 1794 1376 seuis-

157 1397 266 1432 simos
278 1397 398 1432 hostes
414 1395 604 1440 discipline
621 1398 737 1430 vestre
754 1407 880 1430 mucro
911 1394 1071 1430 deseuiet
1087 1398 1132 1436 et,
1151 1394 1402 1439 pestilentibus
1417 1395 1487 1437 hijs
1505 1396 1707 1440 flagellatis,
1728 1397 1796 1440 pijs

157 1453 382 1498 comparabit
401 1464 525 1497 pacem
552 1454 587 1486 et
611 1454 786 1486 terrorem
804 1451 962 1486 incuciet
978 1451 1098 1495 impijs
1113 1464 1121 1493 3
1139 1451 1314 1495 scriptum
1340 1451 1472 1495 quippe
1499 1454 1576 1486 est:
1600 1453 1695 1491 Quia
1721 1463 1796 1486 non

155 1511 282 1543 statim
299 1513 428 1543 contra
444 1509 580 1551 impios
596 1507 718 1550 fertur
732 1508 920 1540 sentencia
937 1506 1075 1551 absque
1090 1505 1168 1540 ullo
1185 1508 1330 1547 timore,
1342 1511 1559 1551 perpetrant
1575 1507 1679 1541 mala
1690 1518 1702 1549 ;
1715 1518 1797 1552 pes-

156 1563 280 1598 tilente
296 1568 418 1598 autem
437 1562 641 1607 flayellato,
659 1562 792 1596 stultus
807 1563 1019 1606 sapiencior
1034 1563 1114 1596 eric.

200 1620 282 1654 Non
309 1620 429 1653 autem
454 1617 523 1652 hoc
551 1616 705 1651 dixerim
729 1619 902 1660 tanquam
926 1615 1102 1651 iudicium
1120 1615 1308 1661 sanguinis
1335 1617 1531 1661 postulans,
1555 1616 1687 1661 quippe
1711 1616 1798 1661 quia.

157 1674 226 1709 hoc
242 1685 263 1708 a
279 1685 360 1708 mea
372 1672 592 1717 professione
606 1683 754 1716 prorsus
767 1671 950 1712 abhorret,
971 1682 1053 1705 eum
1067 1671 1134 1705 sim
1147 1671 1191 1705 de
1205 1674 1301 1706 sorte
1313 1671 1527 1706 sacerdotali
1540 1671 1671 1706 summi
1685 1684 1798 1707 sacer-

157 1729 251 1765 dotis
267 1729 444 1770 minister,
463 1728 525 1772 qui
544 1739 615 1763 non
632 1728 711 1762 vult
727 1730 880 1762 mortem
897 1727 1107 1771 peccatoris,
1126 1727 1187 1762 sed
1204 1730 1244 1762 ut
1260 1726 1398 1762 iudices
1411 1727 1491 1771 paci
1508 1730 1543 1762 et
1555 1728 1662 1763 saluti
1676 1728 1796 1763 multi—

158 1783 294 1821 tudinis
310 1784 383 1819 sint
398 1783 576 1828 legittime
593 1782 708 1818 functi
726 1782 846 1817 officio
863 1794 945 1817 cum
963 1781 1171 1826 perdicione
1187 1794 1399 1826 paucorum,
1415 1783 1444 1816 si
1468 1794 1557 1827 opus
1574 1783 1619 1817 sit
1634 1796 1642 1826 ς
1660 1783 1796 1827 prospi-

159 1840 257 1875 ciant
274 1839 311 1874 in
328 1839 479 1874 caritate
497 1850 568 1873 non
588 1838 671 1873 ficta
696 1838 919 1873 confidenter
946 1849 1167 1872 commoneo.
1187 1837 1396 1873 Resecande
1418 1841 1539 1873 autem
1555 1840 1638 1873 sunt
1655 1838 1798 1882 putride

159 1908 298 1941 carnes,
315 1899 350 1931 et
366 1895 528 1930 scabiosa
545 1894 624 1929 ouis
640 1905 661 1928 a
679 1893 793 1928 caulis
809 1894 1042 1934 remouenda,
1058 1905 1103 1928 ne
1120 1896 1195 1929 tota
1208 1894 1336 1928 domus
1349 1905 1465 1928 massa
1478 1905 1608 1937 corpus
1620 1896 1654 1928 et
1667 1905 1799 1938 pecora

158 1953 294 1993 ardeat,
313 1953 580 1994 corrumpatur,
607 1952 801 1994 putrescat,
831 1949 996 1984 intereat.
1026 1950 1165 1984 Auctor
1195 1952 1249 1984 est
1279 1949 1520 1984 Iherenimus.
1555 1949 1665 1983 Suam
1696 1949 1798 1983 illam

159 2006 315 2042 correxit
339 1998 567 2050 Augustinus
590 2004 823 2045 sentenciam,
851 2015 922 2048 qua
950 2003 1092 2039 dixerat
1119 2004 1299 2039 neminem
1317 2004 1363 2038 ad
1378 2003 1555 2038 unitatem
1573 2003 1707 2038 Christi
1724 2014 1798 2038 esse

159 2063 373 2109 cogendum,
392 2062 566 2105 illamque
581 2061 735 2096 asseruit
762 2072 834 2095 non
851 2059 1185 2095 contradicencium
1215 2059 1346 2100 verbis,
1380 2060 1442 2094 sed
1468 2058 1799 2093 demonstrancium

159 2120 364 2163 superatam
388 2128 463 2152 esse
488 2116 672 2159 exemplis,
699 2115 796 2160 quia,
821 2115 952 2159 inquit,
979 2115 1102 2159 legum
1118 2117 1237 2149 terror
1251 2113 1303 2149 ita
1318 2114 1455 2158 profuit
1470 2117 1510 2148 ut
1525 2112 1631 2148 multi
1648 2112 1769 2148 dicant
1786 2124 1793 2147 :

160 2172 309 2209 Gracias
326 2171 492 2212 Domino,
512 2170 574 2214 qui
591 2170 713 2204 vincla
731 2173 854 2205 nostra
871 2169 1040 2214 disrupit.
1059 2170 1191 2204 Nullus
1207 2169 1334 2213 igitur,
1353 2172 1393 2204 ut
1420 2168 1515 2203 idem
1542 2167 1604 2209 ait,
1636 2171 1799 2203 nostrum

158 2229 238 2264 vult
252 2227 410 2271 aliquem
426 2225 627 2261 hereticum
646 2224 776 2268 perire,
806 2224 836 2258 si
866 2224 972 2259 aliter
1000 2236 1072 2259 non
1102 2223 1290 2259 meruerit.
1318 2223 1460 2258 Habere
1484 2235 1607 2267 pacem
1631 2222 1799 2257 dominus

161 2281 279 2316 Dauid
296 2291 367 2314 non
384 2282 535 2323 poterat,
555 2278 624 2313 nisi
643 2278 802 2314 Absalon
820 2278 916 2312 filius
932 2277 1009 2313 eius
1026 2278 1063 2312 in
1080 2277 1187 2318 bello,
1206 2278 1301 2320 quod
1325 2280 1450 2312 contra
1474 2280 1611 2320 patrem
1636 2276 1796 2320 gerebat,

159 2335 284 2371 fuisset
300 2334 490 2370 extinctus
511 2333 572 2368 Sic
588 2333 739 2368 ecclesia
756 2333 947 2374 catholica,
968 2333 997 2367 si
1016 2333 1224 2376 aliquorum
1252 2332 1460 2376 perdicione
1485 2335 1622 2366 ceteros
1643 2331 1796 2376 colligit,

159 2391 320 2426 dolorem
337 2389 492 2424 materni
509 2393 612 2423 sanat
630 2388 749 2424 cordis
766 2391 950 2423 tantorum
971 2387 1191 2422 liberacione
1203 2387 1432 2431 populorum.

205 2444 329 2480 Nichil
345 2446 462 2480 fateor
478 2444 612 2478 clarius
629 2446 736 2487 atque
753 2443 935 2477 salubrius
962 2442 1063 2477 vobis
1087 2445 1202 2486 potest
1232 2442 1403 2477 accedere
1427 2453 1546 2485 quam,
1566 2453 1648 2476 cum
1678 2452 1800 2476 rerum

162 2501 391 2547 publicarum
422 2500 533 2535 tutele
562 2498 783 2539 incumbitis,
802 2509 1029 2542 summopere
1062 2498 1127 2533 Dei
1158 2501 1192 2533 et
1221 2497 1370 2532 ecclesie
1396 2497 1570 2532 honorem
1599 2496 1800 2531 celebribus

162 2557 283 2593 zeletis
298 2556 472 2591 institutis
484 2559 520 2591 et
535 2567 595 2590 eos
612 2555 674 2599 qui
699 2554 809 2599 impie
825 2554 863 2589 in
879 2554 1024 2589 diuinas
1048 2555 1148 2599 leges
1175 2557 1301 2598 agunt,
1331 2564 1403 2587 non
1427 2564 1535 2595 agere
1559 2564 1601 2587 ex
1618 2551 1802 2587 sentencia

163 2612 301 2654 sinatis,
319 2612 381 2646 sed
397 2610 711 2645 animaduersione
727 2610 839 2654 digna
857 2609 982 2644 diuine
999 2608 1196 2644 maiestatis
1213 2608 1251 2642 in
1266 2619 1326 2643 eos
1336 2607 1462 2642 ulcisci
1480 2606 1802 2651 inin1·ias,insuper

163 2671 199 2704 et
221 2668 266 2702 ab
283 2678 409 2702 eorum
434 2665 640 2707 insolencijs
664 2668 872 2698 sanctorum
897 2664 1068 2699 ecclesias
1092 2663 1186 2698 tueri
1211 2666 1244 2698 et
1269 2673 1427 2706 purgare
1451 2661 1496 2696 ab
1520 2660 1802 2705 inquinamentis

163 2735 302 2760 eorum.
328 2722 557 2761 Mementote,
584 2731 705 2763 queso,
732 2719 855 2764 priora
880 2720 976 2754 secla
998 2722 1034 2754 et
1058 2718 1220 2753 virorum
1245 2717 1528 2752 clarissimorum
1552 2716 1803 2751 memorabilia

164 2791 230 2824 pro
245 2778 320 2813 zelo
345 2777 467 2821 legum
485 2778 585 2820 gesta
601 2778 684 2809 ante
700 2775 822 2809 oculos
847 2774 995 2809 statuite
1020 2774 1239 2817 illorumque
1256 2773 1455 2807 imitatores
1480 2771 1564 2807 sacti
1583 2771 1620 2806 in
1637 2771 1705 2806 hac
1729 2776 1802 2806 tam

166 2834 267 2869 uberi
284 2831 530 2877 oportunitate
548 2830 789 2865 immortalem
807 2829 908 2865 vobis
921 2842 952 2866 c<
964 2830 1086 2865 lestem
1100 2828 1269 2865 similiter
1284 2831 1392 2874 atque
1410 2827 1643 2873 temporalem
1660 2838 1802 2872 compa-

167 2894 244 2926 rate
259 2888 429 2934 gloriam.
