2097 3466
339 259 402 293 200
964 290 967 293 t
992 294 997 297 ⁸
1022 251 1153 301 aare
1180 252 1279 286 1340

341 349 483 386 Domini
501 348 669 388 Sabaoth.
687 349 790 392 cujus
806 358 892 382 cura
908 349 943 382 et
959 345 1119 381 custodia
1132 345 1234 380 nobis
1249 343 1334 380 licet
1349 342 1537 379 immeritis
1549 345 1601 379 est
1615 343 1813 392 commissa,
1820 355 1953 395 *vepres

339 411 374 441 et
391 405 527 440 urticae
543 409 614 439 tam
631 403 828 447 periculose
844 414 950 446 quam
974 400 1227 436 damnabiliter
1252 402 1511 435 succrescentes
1538 400 1767 445 evellantur}
1783 400 1953 448 et-vul'pe·

341 461 454 500 culae,
475 470 565 503 quae
581 459 694 503 ipsam
710 457 874 492 demoliri
892 457 1068 497 nituntur,
1084 467 1147 500 per
1163 454 1377 500 apostolicae
1393 454 1485 489 sedis
1503 465 1626 489 euram
1643 456 1678 490 et
1692 454 1953 499 providentiam

340 516 546 559 abigantur.

383 570 475 604 Sane
490 569 636 603 molesta
653 567 754 602 nobis
776 568 862 602 licet.
890 567 959 601 tide
986 566 1098 610 digna
1125 575 1339 608 magnorum
1365 563 1494 599 relatio
1522 566 1557 599 et
1587 564 1782 599 multorum
1805 562 1952 599 assertio

339 628 498 658 nostrum
515 626 549 657 et
566 623 718 657 fratrum
732 626 933 657 nostrorum
950 632 1020 655 non
1034 619 1261 655 mediocriter
1273 619 1432 654 turbavit
1444 618 1618 659 auditum,
1634 619 1728 662 quod
1740 618 1779 653 in
1790 618 1952 662 partibus

340 679 441 721 regni
461 677 672 712 Germaniae
688 680 721 712 et
738 677 770 711 ei
787 675 983 711 convicinis
1004 675 1177 718 quaedam
1201 674 1266 708 sub
1293 675 1477 716 praetextu
1505 673 1703 708 devotionis
1733 676 1769 708 et
1793 673 1953 718 agendae

341 731 580 776 poenitentiae
597 742 687 765 vana
703 731 832 775 religio
848 734 881 765 et
898 728 1141 773 superstitiosa
1158 727 1376 767 adinventio,
1396 730 1610 770 procurante
1633 730 1750 763 satore
1776 728 1954 764 malorum

339 798 498 830 operum,
529 786 740 826 surrexeritq
759 797 822 829 per
851 796 957 827 quam
975 784 1159 827 prophana
1182 782 1374 816 multitudo
1391 782 1609 825 simplicium
1624 782 1824 824 hominum,
1839 782 1900 826 qui
1917 794 1954 818 se

341 841 580 885 Flagellantes
611 840 802 883 appellant,
843 840 989 882 decepta
1028 838 1146 872 verbis
1177 837 1269 871 fictis
1300 839 1407 880 atque
1437 836 1667 871 mendacibus
1711 837 1954 882 malignorum

338 895 571 929 asserentium
589 894 810 929 Salvatorem
835 897 995 928 nostrum
1014 891 1269 935 Hierosolymis
1286 891 1489 934 patriarche
1507 891 1831 935 Hierosolymitano
1847 902 1953 936 appa-

337 951 452 985 ruisse
468 952 560 992 (cum
579 953 697 984 tamen
714 961 735 983 a
751 948 867 993 longis
885 948 977 983 citra
993 946 1213 991 temporibus
1231 946 1351 980 nullus
1374 945 1506 979 ibidem
1535 947 1819 989 praesentialiter
1845 947 1954 983 fuerit

337 1005 554 1049 patriarcha)
571 1007 606 1038 et
621 1003 687 1038 sibi
705 1003 825 1047 aliqua
843 1003 986 1043 dixisse,
1006 1013 1097 1045 quae
1126 1002 1282 1035 colorem
1309 1000 1470 1035 veritatis
1494 1012 1565 1035 non
1588 1001 1758 1036 habentia
1773 1013 1839 1037 nec
1854 1011 1953 1046 sapo-

335 1070 411 1094 rem
442 1059 653 1102 quibusdam
680 1069 802 1092 sacrae
831 1057 1035 1100 scripturae
1065 1055 1341 1090 auctoritatibus
1372 1053 1518 1089 obviare
1549 1057 1756 1097 noscuntur,
1788 1055 1827 1091 in
1853 1056 1954 1091 illam

339 1113 456 1148 cordis
470 1113 651 1147 vesaniam
667 1115 718 1147 est
733 1113 885 1146 deducta
902 1114 936 1146 et
959 1111 997 1144 in
1021 1110 1162 1144 animae
1186 1108 1517 1153 praecipitationem
1547 1113 1638 1150 acta,
1656 1112 1762 1153 atque
1785 1111 1828 1146 de
1843 1110 1901 1146 die
1915 1110 1955 1146 in

339 1168 432 1202 diem
450 1166 738 1211 suggestionibus
765 1165 877 1200 hostis
903 1164 1043 1208 antiqui
1071 1176 1118 1205 se,
1138 1167 1179 1198 ut
1206 1163 1430 1198 Dominicam
1459 1175 1606 1207 gregem
1633 1164 1788 1206 devoret,
1805 1166 1954 1200 transfe-

336 1221 448 1256 rentis
464 1221 502 1255 in
519 1221 686 1265 angelum
704 1221 806 1260 lucis,
827 1220 979 1254 nimium
999 1218 1253 1253 succrescendo
1270 1217 1410 1258 deduci,
1431 1217 1570 1252 cortina
1585 1219 1749 1254 trahente
1763 1220 1952 1262 cortinam,

336 1275 570 1319 periculosius
598 1274 823 1315 formidatur,
850 1275 944 1317 quod
975 1285 1011 1308 se
1040 1284 1104 1317 per
1133 1272 1318 1306 societates
1353 1274 1389 1306 et
1419 1271 1670 1307 conventicula
1699 1273 1796 1316 (licet
1823 1275 1954 1310 caudas

333 1330 488 1364 invicem
505 1329 691 1373 colligatas
717 1329 883 1370 habeant)
900 1328 1097 1362 dividentes
1120 1327 1278 1361 diversas
1307 1325 1532 1361 circumeunt
1559 1329 1704 1370 patriaS‚
1731 1332 1954 1366 caeterorum

335 1385 523 1421 hominum
535 1385 646 1419 vitam
661 1387 697 1419 et
709 1386 840 1418 statum
855 1382 1123 1417 condemnando
1137 1393 1173 1416 se
1183 1382 1396 1426 justificant,
1414 1382 1530 1416 claves
1543 1382 1713 1418 ecclesiae
1724 1377 1955 1428 vilependunt

335 1440 432 1475 acin
448 1441 690 1482 contemptum
715 1437 925 1481 disciplinae
941 1436 1202 1471 ecclesiasticae
1229 1436 1392 1471 habitum
1425 1439 1574 1479 certum,
1602 1437 1748 1482 nigrum
1774 1437 1952 1479 videlicet,

338 1498 420 1530 ante
433 1497 467 1529 et
483 1497 579 1528 retro
595 1492 706 1536 ipsius
718 1492 881 1526 vivificae
895 1491 1012 1526 crucis
1025 1491 1237 1534 impressum
1253 1491 1422 1526 habentes
1434 1490 1661 1535 signaculum
1673 1492 1749 1526 sine
1761 1491 1956 1536 superioris

337 1548 484 1584 licentia
507 1548 703 1583 deferentes
725 1547 792 1581 sub
817 1546 961 1581 nomine
992 1545 1232 1589 poenitentiae
1262 1548 1404 1590 gerunt,
1438 1547 1473 1580 et
1496 1545 1586 1580 alias
1610 1546 1649 1581 in
1679 1557 1786 1582 causa
1811 1546 1956 1582 insolita

338 1602 645 1647 congregationes,
678 1601 928 1636 conventicula
954 1603 990 1635 et
1021 1600 1309 1641 coadunationes,
1343 1611 1434 1643 quae
1465 1611 1487 1634 a
1511 1602 1596 1644 jure
1626 1603 1710 1636 sunt
1738 1601 1952 1645 prohibitae,

339 1658 478 1692 faciunt
500 1659 535 1691 et
557 1657 602 1690 ad
629 1656 717 1690 alios
741 1659 841 1691 actus
869 1655 1062 1699 prosiliunt
1088 1665 1108 1688 a
1132 1654 1207 1689 vita
1233 1657 1268 1689 et
1290 1654 1450 1689 moribus
1476 1655 1772 1699 observantiaque
1794 1656 1955 1691 fidelium

337 1712 615 1747 christianorum
639 1710 780 1754 penitus
806 1710 953 1744 alienos
986 1709 1238 1744 Ordinationes
1265 1709 1373 1744 etiam
1400 1712 1435 1744 et
1462 1712 1605 1751 statuta,
1633 1710 1762 1754 quibus
1788 1707 1951 1752 u‘tuntur,

336 1767 410 1802 imo
426 1767 544 1802 verius
561 1767 770 1806 abutuntur,
798 1765 946 1809 propria
969 1764 1169 1800 temeritate
1186 1765 1358 1806 fecerunt,
1378 1765 1510 1799 erroris
1537 1765 1740 1808 suspicione
1755 1775 1827 1799 non
1840 1775 1955 1800 vacua

335 1823 371 1855 et
382 1819 521 1864 judicio
537 1819 687 1854 rationis
703 1819 874 1854 carentia.
905 1818 974 1854 Sed
990 1830 1035 1854 ex
1050 1830 1091 1853 eo
1108 1821 1180 1853 tam
1207 1829 1272 1862 pro
1289 1819 1362 1853 Deo
1379 1830 1485 1862 quam
1514 1818 1720 1854 hominibus
1745 1819 1866 1854 odiose
1891 1829 1956 1863 per

329 1875 490 1918 amplius
526 1875 716 1908 turbamur
753 1873 987 1917 acerbiusque
1026 1876 1061 1908 et
1097 1873 1222 1907 durius
1253 1873 1454 1915 anxiamur,
1488 1874 1583 1917 quod
1614 1873 1760 1918 quidam
1789 1873 1954 1918 religiosi

338 1930 547 1974 praesertim
574 1930 618 1964 de
641 1929 826 1964 ordinibus
842 1929 1136 1970 mendicantium,
1155 1929 1216 1972 qui
1240 1929 1329 1963 alios
1345 1940 1514 1964 revocare
1529 1929 1726 1964 debuerant
1741 1931 1776 1964 et
1790 1929 1836 1963 ad
1858 1928 1954 1974 viam

337 1986 509 2020 reducere
524 1984 696 2025 veritatis,
715 1987 749 2018 et
765 1984 809 2018 ab
827 1987 929 2018 utero
958 1984 1082 2018 matris
1109 1983 1280 2018 ecclesiae
1303 1984 1415 2018 veluti
1433 1983 1694 2019 maledictionis
1709 1983 1775 2018 filii
1791 1983 1955 2027 nequiter

337 2040 544 2074 aberrantes
566 2038 709 2082 linguas
735 2050 828 2078 suaS,
854 2041 894 2073 ut
921 2038 1010 2072 alios
1038 2039 1248 2081 pertrahant
1270 2038 1310 2072 in
1337 2050 1507 2079 errorem,
1526 2041 1673 2080 acuunt,
1691 2038 1819 2082 quibus
1846 2039 1954 2074 corda

335 2093 468 2128 debilia
483 2093 685 2133 vulnerant,
703 2095 738 2127 et
751 2092 958 2136 ignorantes
974 2093 1038 2127 Dei
1050 2092 1228 2136 justitiam
1243 2104 1328 2127 suae
1346 2093 1512 2137 propriae
1525 2093 1716 2129 innitentes
1729 2092 1951 2137 prudentiae,

336 2148 421 2182 dum
438 2147 510 2190 legi
524 2146 667 2182 Domini
686 2147 812 2181 nolunt
827 2158 900 2181 esse
918 2147 1079 2190 subjecti,
1099 2147 1180 2181 aliis
1196 2147 1234 2181 in
1259 2147 1548 2190 persuasionibus
1563 2148 1743 2182 humanae
1758 2146 1954 2191 sapientiae

336 2202 455 2236 verbis
470 2201 708 2245 praedicando
724 2204 759 2236 et
775 2201 1046 2245 dogmatizando
1062 2204 1187 2236 eontra
1205 2201 1376 2236 ecclesiae
1392 2202 1592 2237 libertatem
1607 2206 1641 2237 et
1658 2201 1740 2237 fidei
1756 2201 1953 2237 catholicae

337 2257 540 2301 puritatem,
559 2257 604 2290 ab
625 2256 702 2299 ipsa
718 2256 867 2290 veritate
883 2256 1080 2290 subducere.
1096 2256 1305 2291 moliuntur.
1334 2256 1438 2296 Quod
1454 2268 1495 2291 eo
1520 2257 1656 2292 faciunt
1672 2257 1863 2299 efficacius,
1882 2268 1953 2301 quo

337 2313 547 2354 conceptum
574 2310 673 2344 virus
696 2311 848 2345 latenter
873 2311 1072 2351 effundunt,
1091 2310 1231 2345 blandis
1258 2310 1358 2354 prius
1386 2311 1608 2346 sermonibus
1634 2311 1825 2352 auditores,
1851 2311 1953 2355 quasi
1968 2308 1975 2326 ²

335 2365 469 2400 bonum
496 2365 619 2399 vinum
644 2364 743 2408 prius
772 2365 946 2407 ponendo,
965 2367 1134 2409 satagunt
1161 2364 1314 2405 irretire,
1334 2367 1369 2399 et
1397 2376 1480 2399 cum
1507 2365 1675 2400 inebriati
1698 2365 1843 2407 fuerint,
1860 2365 1953 2401 illud

335 2421 430 2465 quod
456 2423 507 2455 est
533 2419 700 2460 deterius,
730 2431 811 2453 cum
839 2419 924 2463 ipsis
951 2419 989 2454 in
1017 2419 1227 2463 perditionis
1250 2420 1424 2464 laqueum
1448 2419 1612 2454 incidunt
1633 2419 1720 2455 etin
1735 2421 1952 2464 profundum

336 2475 513 2509 malorum
529 2474 664 2518 pariter
679 2474 948 2534 demerguntur.

382 2532 454 2565 Nos
484 2530 598 2574 igitur
626 2533 699 2564 tam
730 2529 928 2573 peinieioso
960 2532 995 2564 et
1022 2529 1220 2573 periculoso
1248 2529 1438 2574 principio,
1467 2540 1532 2574 per
1558 2529 1651 2574 quod
1679 2529 1775 2564 ultra
1801 2528 1952 2565 Divinae

337 2583 531 2628 majestatis
547 2584 715 2618 offensam
733 2594 904 2629 magnum
921 2583 1028 2618 etiam
1044 2583 1262 2627 reipublicae
1279 2584 1477 2628 periculum
1502 2586 1537 2619 et
1559 2583 1653 2626 apud
1670 2583 1790 2618 fideles
1805 2584 1951 2618 scanda-

336 2638 411 2672 lum
429 2641 632 2681 generatur,
652 2648 696 2671 ne
721 2637 914 2672 deteriores
941 2649 1123 2681 processus
1153 2639 1269 2682 pariat
1295 2641 1330 2673 et
1353 2649 1546 2679 successuS,
1565 2638 1704 2672 obstare
1733 2638 1891 2673 volentes
1916 2640 1952 2674 et

338 2692 611 2732 considerantes,
637 2691 730 2734 quod
757 2702 838 2725 cum
865 2692 1027 2735 plerique
1050 2703 1092 2726 ex
1119 2692 1205 2735 ipsis
1231 2705 1292 2727 seu
1316 2693 1549 2727 adhaerentes
1572 2691 1703 2727 eisdem
1729 2692 1795 2726 sub
1810 2692 1952 2736 pietatis

335 2746 452 2781 colore
476 2747 520 2781 ad
547 2746 740 2790 impietatis
770 2757 878 2790 opera
908 2747 1068 2781 laxantes
1092 2747 1287 2782 crudeliter
1318 2759 1444 2782 manus
1471 2758 1564 2788 suas,
1599 2747 1829 2788 Judaeorum,
1862 2759 1950 2792 quos

334 2799 446 2843 pietas
472 2800 666 2835 christiana
693 2800 822 2836 retinet
849 2804 884 2835 et
907 2801 1069 2842 sustinet,
1088 2801 1218 2836 offendi
1246 2813 1304 2836 eos
1331 2802 1556 2845 aliquatenus
1583 2812 1655 2836 non
1681 2801 1890 2845 permittens
1911 2804 1948 2838 et

334 2853 540 2896 frequenter
555 2854 661 2888 etiam
681 2853 959 2889 christianorum
972 2855 1183 2899 sanguinem
1197 2855 1378 2890 effundere
1393 2857 1429 2890 et
1443 2855 1684 2899 oportunitate
1696 2857 1836 2900 captata
1852 2856 1946 2891 bona

317 2905 549 2951 ,clericorum
565 2910 601 2943 et
615 2907 790 2943 laicorum
806 2908 962 2955 diripere
990 2911 1025 2946 et
1051 2909 1124 2945 suis
1140 2909 1263 2944 usibus
1285 2909 1466 2957 applicare
1491 2920 1534 2945 ac
1549 2909 1775 2959 superiorum
1791 2909 1944 2961 juridic-
