2097 3466
804 265 937 301 ANNO
964 268 1065 301 1310
1707 272 1768 304 155

136 374 221 405 van
240 360 510 418 Boudewijn,
528 360 851 418 aartsbisschop
870 376 953 406 van
978 364 1116 415 Trier,
1139 362 1182 406 in
1207 376 1286 406 een
1309 362 1572 419 provinciaal
1591 364 1767 406 concilie

135 430 284 473 aldaar
305 429 624 486 goedgekeurd‚
652 434 781 487 tegen
816 431 867 474 de
898 431 1154 488 Beggarden
1181 445 1234 475 en
1266 431 1412 475 hunne
1441 431 1761 488 begunstigers.

134 524 194 530 —
215 498 277 554 Op
295 498 410 541 straf
425 512 510 541 van
529 499 610 542 den
629 499 902 557 kerkelijken
923 500 1003 543 ban
1029 500 1174 543 wordt
1196 500 1412 543 verboden
1430 501 1482 543 de
1506 502 1760 557 Beggarden

135 566 183 610 of
199 567 401 624 Apostels
434 568 477 610 in
499 567 596 610 huis
622 573 665 612 te
687 573 941 625 ontvangen
975 569 1022 612 of
1050 569 1140 612 hun
1165 570 1407 612 aalmoesen
1442 574 1482 612 te
1515 584 1669 626 geven.
1706 572 1764 614 De

134 636 391 692 Beggarden
428 637 568 687 zelve,
616 637 682 680 die
726 641 815 681 met
853 638 1054 681 vreemde
1097 638 1329 681 kleederen
1379 639 1539 681 zonder
1585 640 1763 682 werken

134 704 352 755 schooien‚
380 704 725 762 bijeenkomsten
748 707 920 749 houden
952 720 1004 749 en
1037 707 1088 749 de
1120 708 1173 750 H.
1202 707 1363 751 schrift
1389 708 1625 763 uitleggen‚
1653 709 1761 751 doen

134 773 197 816 dit
231 773 339 816 alles
371 777 502 830 tegen
541 774 615 817 het
649 774 808 818 verbod
843 776 920 818 der
951 776 1088 818 Kerk.
1127 776 1294 819 Binnen
1320 777 1371 819 de
1404 777 1598 819 veertien
1623 777 1760 833 dagen

132 844 303 885 moeten
340 843 393 899 zij
438 845 503 887 tot
539 844 688 886 hunne
725 858 935 901 vroegere
978 844 1243 901 bezigheden
1285 845 1603 901 teruggekeerd
1640 846 1758 903 zijn;

130 911 290 955 anders
307 912 394 969 zijn
423 912 475 968 zij
510 912 556 955 in
588 912 671 956 den
701 912 977 970 kerkelijken
1001 913 1100 956 ban.
1128 915 1260 958 Zulks
1293 914 1358 957 zal
1391 915 1563 957 iederen
1597 915 1765 972 zondag

131 979 237 1024 door
259 980 311 1024 de
333 985 532 1037 pastoors
557 995 608 1038 op
631 982 713 1025 den
738 982 1000 1038 predikstoel
1024 982 1314 1039 afgekondigd
1337 983 1533 1027 worden.

518 1105 564 1139 L.
591 1105 726 1140 Contra
751 1106 942 1151 chardos
967 1113 1003 1142 ιιι
1029 1119 1103 1143 non
1126 1109 1367 1153 recipiantur.

172 1186 261 1222 Item
275 1185 480 1221 inhibemus
496 1186 562 1221 sub
579 1198 693 1231 poena
707 1188 1094 1224 excommunicationis
1111 1202 1155 1224 ne
1173 1189 1252 1233 quis
1269 1189 1307 1224 in
1325 1192 1444 1225 nostra
1458 1188 1614 1230 civitate,
1629 1188 1763 1224 diocesi

128 1244 164 1278 et
189 1241 377 1287 provincia
405 1241 612 1276 Trevirensi
639 1242 797 1286 aliquem
828 1245 887 1279 vel
916 1244 1057 1289 aliquos
1084 1245 1128 1280 de
1156 1245 1228 1279 illis
1256 1245 1411 1287 rusticis
1438 1245 1553 1289 quise
1576 1245 1764 1288 Apostolos

127 1298 321 1342 appellant,
340 1297 378 1331 in
402 1297 548 1331 domum
572 1309 674 1332 suam
696 1298 850 1343 recipiat
876 1303 939 1335 aut
962 1300 1013 1335 cis
1037 1301 1299 1344 eleemosynam
1324 1304 1459 1344 eroget,
1478 1312 1572 1341 cum,
1597 1303 1703 1343 prout
1727 1299 1765 1334 in

127 1352 285 1397 antiquis
313 1351 454 1387 statutis
481 1352 714 1396 synodalibus
741 1354 959 1396 continetur,
991 1355 1090 1391 sedes
1119 1355 1316 1399 apostolica
1340 1356 1428 1390 tales
1455 1355 1706 1400 reprobaverit
1728 1358 1763 1392 et

127 1411 253 1445 contra
268 1408 426 1443 fautores
442 1408 827 1444 excommunicationis
844 1410 1062 1446 sententiam
1080 1411 1206 1446 tulerit
1221 1410 1298 1455 ipso
1314 1411 1419 1446 facto.

648 1497 711 1532 LI.
734 1497 868 1533 Contra
892 1498 1085 1543 Beyardos
1110 1498 1235 1534 laicos.

169 1574 271 1616 Item,
291 1585 374 1609 cum
399 1573 545 1619 quidam
568 1573 641 1610 sint
668 1574 754 1609 laici
778 1573 816 1609 in
841 1573 998 1617 civitate,
1026 1575 1160 1610 diocesi
1185 1578 1220 1611 et
1243 1574 1430 1620 provincia
1454 1574 1672 1619 Trevircnsi‚
1698 1577 1761 1622 qui

124 1631 191 1666 sub
207 1632 395 1675 praetextu
412 1630 599 1675 cujusdam
616 1629 803 1675 religionis
828 1631 934 1666 fictae
951 1631 1135 1675 Begardos
1159 1643 1196 1666 se
1220 1631 1414 1675 appellant,
1443 1643 1524 1665 cum
1549 1632 1708 1667 tabardis
1724 1636 1759 1669 et

124 1685 259 1722 tunicis
282 1685 401 1730 longis
424 1688 460 1720 et
485 1685 605 1730 longis
623 1685 782 1729 capuciis
800 1697 883 1720 cum
907 1686 986 1720 ocio
1010 1686 1236 1721 intendentes
1259 1697 1301 1720 ac
1325 1686 1465 1721 labores
1481 1698 1629 1721 manum
1645 1687 1756 1722 detes-

123 1745 240 1778 tantes
269 1742 520 1778 conventicula
546 1742 641 1777 inter
668 1754 705 1777 se
733 1741 915 1786 aliquibus
943 1743 1164 1786 temporibus
1188 1743 1327 1778 faciunt
1353 1745 1389 1778 et
1416 1745 1628 1778 conversant
1651 1755 1758 1787 seque

124 1798 269 1842 fingunt
299 1809 421 1832 coram
459 1797 620 1842 personis
651 1797 877 1842 simplicibus
911 1798 1130 1842 expositores
1161 1810 1346 1833 sacrarum
1377 1798 1663 1842 scripturarum3
1694 1810 1757 1833 nos

123 1853 234 1888 vitam
251 1865 389 1895 eorum,
409 1854 470 1898 qui
495 1858 596 1889 extra
612 1854 828 1899 religionem
848 1856 1083 1898 approbatam
1101 1854 1257 1889 validam
1274 1855 1519 1889 mendicantes
1535 1854 1754 1896 discurrunt,

123 1918 310 1942 monemus
337 1919 459 1943 omnes
486 1911 520 1943 et
548 1908 709 1953 singulos
734 1908 943 1953 hujusmodi
974 1909 1169 1953 Begardos‚
1199 1920 1287 1952 quos
1311 1920 1331 1943 a
1355 1910 1514 1953 quolibet
1540 1910 1758 1954 parrochiali

124 1963 332 2006 presbytero
359 1975 379 1997 a
403 1975 468 1998 sua
497 1964 691 2008 parrochia
714 1965 854 1999 moneri
879 1965 1045 1999 volumus
1068 1963 1273 2008 diligenter,
1292 1968 1331 1999 ut
1359 1965 1454 2000 infra
1478 1966 1695 2010 quindenam
1719 1967 1758 2001 in

124 2018 329 2062 praemissis
344 2019 517 2055 desistant
532 2023 568 2054 et
585 2020 628 2054 de
646 2020 831 2054 laboribus
847 2019 921 2054 suis
937 2019 1071 2060 vivant,
1088 2019 1185 2054 circa
1201 2020 1341 2055 labores
1357 2020 1450 2056 sicut
1466 2021 1575 2056 ceteri
1592 2021 1755 2057 homines

121 2084 158 2108 se
175 2078 354 2117 exponant
370 2087 378 2117 3
396 2075 559 2119 alioquin
587 2075 682 2119 ipsos
705 2078 741 2110 et
765 2075 962 2119 quemlibet
985 2086 1122 2116 eorum,
1150 2086 1238 2119 quos
1261 2077 1615 2111 excommunicamus
1640 2078 1677 2111 in
1701 2077 1757 2112 his

121 2127 275 2172 scriptis,
304 2129 511 2164 denuntiari
539 2130 578 2164 in
602 2130 891 2174 parrochialibus
918 2129 1079 2165 ecclesiis
1103 2130 1432 2165 excommunicatos
1457 2131 1697 2176 praecipimus
1720 2135 1756 2168 et

122 2184 334 2219 mandamus
350 2185 504 2230 singulis
520 2185 646 2220 diebus
663 2185 874 2221 Dominicis.

466 2261 631 2298 Martene
647 2273 691 2297 en
710 2262 871 2304 Durand,
897 2260 1119 2304 Thesaurus,
1138 2262 1216 2297 dccl
1232 2262 1294 2305 IV,
1315 2263 1380 2299 blz.
1399 2265 1474 2300 250.

877 2400 996 2444 164.

179 2526 316 2576 1310,
344 2525 440 2570 Mei
458 2526 536 2577 30,
565 2528 740 2584 Ρανῇε.
781 2527 960 2571 Oordeel
1002 2529 1107 2572 door
1140 2530 1318 2573 Willem
1361 2531 1523 2586 gezegd
1562 2532 1744 2583 Frater,

114 2595 393 2640 aartsdiaken
422 2595 499 2638 der
520 2595 582 2640 St.
606 2596 907 2640 Andrieskerk
941 2598 984 2641 in
1018 2598 1282 2650 Schotland;
1318 2600 1443 2655 Hugo
1471 2613 1553 2642 van
1587 2602 1750 2644 Besan-

111 2677 210 2724 con,
224 2663 450 2708 kanunnik
473 2679 559 2708 van
571 2665 711 2722 Parijs
726 2679 734 2718 ;
752 2667 835 2710 Jan
847 2667 898 2709 de
916 2668 1107 2720 Tollenz,
1126 2668 1352 2711 kanunnik
1366 2682 1448 2711 van
1463 2668 1747 2720 Saint-Quen-

111 2733 177 2776 tin
199 2734 243 2776 in
267 2733 556 2777 Vermandois
577 2749 587 2786 ;
616 2735 813 2777 Hendrik
837 2749 919 2779 van
943 2737 1159 2789 Bethune,
1186 2737 1413 2780 kanunnik
1440 2751 1520 2780 van
1545 2739 1745 2792 Veurne;

113 2815 166 2845 en
189 2803 336 2846 Pieter
357 2802 409 2845 de
433 2802 645 2856 vallibus,
673 2808 852 2860 pastoor
874 2804 951 2847 der
982 2805 1092 2849 kerk
1116 2820 1200 2849 van
1222 2806 1285 2850 St.
1306 2807 1747 2852 Germain-L’Auxer-

111 2871 199 2914 rois
221 2874 266 2914 te
289 2872 446 2929 PariJs,
468 2873 582 2915 allen
603 2873 843 2929 professors
862 2874 905 2916 in
924 2874 998 2918 het
1020 2875 1236 2932 kerkelijk
1254 2877 1381 2919 recht
1403 2882 1445 2919 te
1463 2877 1619 2933 ParijS,
1643 2891 1749 2921 over

114 2940 190 2985 het
221 2941 349 2998 geval
372 2954 457 2986 van
489 2955 595 2986 eene
618 2942 870 2987 kettersche
893 2944 1047 3004 BegiJn
1071 2945 1134 2990 uit
1155 2945 1467 3005 Henegouwen
1490 2945 1741 3005 afkomstig‚
