2097 3466
829 244 962 279 ANNO
987 246 1089 280 1472
1704 246 1765 280 ⁴1:35

889 382 996 426 349
1004 410 1016 426 .

203 506 316 552 Vo'or·
332 508 588 553 November
608 510 749 562 1472,
774 509 1004 554 Meehelen
1024 522 1078 552 en
1096 507 1150 552 K
1145 507 1357 565 amemjjk.
1373 506 1555 551 Oordeel
1572 521 1659 550 van
1683 506 1766 550 den

129 576 494 635 Kamerijkschen
519 578 658 622 deken
682 579 861 632 Carlier,
889 593 942 635 op
965 591 1188 634 aanvraag
1219 591 1304 620 van
1339 577 1422 619 den
1451 576 1650 632 bisschop
1680 590 1766 619 van

129 646 355 704 Kamerijk
390 646 684 703 uitgebracht,
712 662 817 691 over
848 648 900 691 de
934 647 1172 691 verdaohte
1196 646 1430 702 stellingen
1464 658 1548 688 van
1581 649 1770 690 meester

129 715 214 758 Jan
235 715 407 767 Leonis,
443 715 510 758 die
546 730 730 759 namens
752 717 805 760 de
837 717 1043 759 overheid
1077 729 1131 759 en
1159 715 1211 758 de
1243 715 1528 771 ingezetenen
1562 715 1640 758 der
1671 714 1767 757 stad

130 782 356 826 Mechelen
377 786 510 840 tegen
534 798 612 828 een
636 786 855 843 kerkelijk
879 784 1083 828 interdict
1100 798 1184 828 van
1208 784 1306 827 dien
1325 783 1525 840 bisschop
1545 785 1588 826 in
1611 783 1768 838 beroep

130 865 223 895 was
244 865 414 909 gegaan
433 867 485 896 en
509 852 713 898 beweerd
736 855 836 906 had,
871 854 945 898 dat
967 854 1020 898 de
1042 852 1374 911 geestelijkheid
1408 853 1484 896 het
1516 866 1635 895 arme
1667 852 1768 895 volk

129 921 358 972 verdrukt‚
385 923 548 980 terwijl
579 924 632 981 zij
668 924 886 967 nochtans
918 923 1152 967 verdienen
1184 936 1264 966 zou
1295 935 1363 965 om
1395 921 1502 965 hare
1524 921 1768 964 asschuwe-

130 989 235 1048 lijke
256 991 425 1034 zonden
447 992 704 1049 getuohtigd
729 996 772 1036 te
795 993 990 1044 worden,
1019 1005 1066 1035 er
1089 991 1373 1049 bijvoegende
1396 991 1472 1034 dat
1494 991 1622 1033 alwie
1644 989 1768 1034 zulks

129 1071 210 1101 zou
242 1058 368 1110 doen,
409 1059 544 1117 gelijk
576 1074 655 1104 zou
693 1064 866 1105 moeten
906 1061 1075 1118 gesteld
1112 1061 1294 1104 worden
1338 1063 1427 1103 met
1463 1060 1579 1111 hem,
1617 1060 1684 1103 die
1718 1059 1770 1103 de

130 1126 306 1171 Turken
328 1126 531 1173 hevecht.
561 1155 613 1162 ——
639 1131 749 1174 Deze
771 1131 1005 1188 stellingen
1029 1130 1116 1188 zijn
1140 1128 1357 1188 lasterlijk
1380 1141 1433 1171 en
1456 1128 1698 1172 kettersch.

176 1253 402 1299 Opusculzcm
419 1259 546 1290 contra
577 1256 776 1302 quemdam
805 1257 989 1293 aduersus
1011 1256 1193 1303 prelatos,
1222 1261 1380 1291 rectores
1408 1261 1440 1290 et
1465 1255 1671 1290 sacerdotes
1700 1255 1771 1289 Dei

130 1307 382 1354 blasphemias
414 1311 455 1343 in
479 1309 556 1354 fide
580 1310 678 1345 male
702 1317 874 1346 sonantes
908 1314 949 1345 in
982 1311 1148 1357 quadam
1165 1310 1418 1356 appellatione
1440 1310 1700 1354 proferentem,
1720 1309 1771 1343 acl

128 1369 337 1410 requestam
352 1365 552 1400 reuerendi
568 1367 608 1400 in
627 1365 772 1401 Christo
782 1369 909 1411 patris
927 1367 1074 1402 domini
1091 1368 1256 1411 episcopi
1277 1366 1566 1401 Cameracensis.

176 1440 427 1477 Consideranti
444 1441 695 1486 dispositiones
722 1455 845 1479 rerum
871 1444 978 1479 facile
1005 1443 1201 1489 conjicitur
1222 1442 1514 1488 appropinquare
1536 1444 1709 1486 tempora,
1728 1441 1772 1476 de

132 1495 262 1541 quibus
278 1497 461 1541 apostolus
476 1497 639 1541 loquitur
656 1500 686 1532 2.
707 1499 752 1533 ad
768 1498 955 1534 Thimoth.
975 1501 1007 1534 3.
1026 1502 1062 1534 et
1079 1504 1110 1533 4.
1130 1498 1237 1543 capit.
1258 1510 1266 1532 :
1286 1497 1328 1533 In
1344 1497 1475 1542 quibus
1488 1499 1595 1532 erunt
1609 1496 1773 1531 homines

132 1551 265 1596 seipsos
281 1555 453 1594 amantes,
481 1552 616 1596 cupidi,
647 1554 746 1595 elati,
776 1554 935 1598 superbi,
963 1554 1176 1599 blasphemi,
1210 1553 1420 1598 parentibus
1451 1564 1522 1587 non
1554 1551 1770 1592 obedientes,

132 1606 280 1652 ingrati,
298 1607 448 1648 scelesti,
464 1608 541 1644 sine
553 1608 754 1651 affectione,
774 1610 850 1645 sine
863 1621 963 1654 pace,
979 1610 1231 1645 criminatores
1247 1621 1330 1644 cum
1344 1620 1469 1644 sanam
1483 1607 1685 1643 doctrinam
1699 1618 1771 1641 non

132 1663 371 1706 sustinebunt,
390 1665 451 1700 sed
467 1666 513 1700 ad
529 1678 594 1701 sua
609 1667 788 1702 desideria
800 1669 1068 1704 coaceruabunt
1084 1667 1152 1702 sibi
1170 1667 1362 1712 magistros
1379 1665 1582 1711 prurientes
1609 1665 1770 1700 auribus.

177 1719 359 1760 Quoniam
386 1721 574 1757 occasione
593 1722 781 1759 cuiusdam
813 1736 932 1760 cessus
959 1725 1005 1767 (1)
1031 1735 1097 1768 per
1127 1723 1369 1758 reuerendum
1400 1722 1438 1756 in
1468 1721 1611 1757 Christo
1634 1724 1773 1765 patrem

132 1772 320 1809 dominum
338 1775 632 1812 Cameracensem
649 1777 856 1823 episcopum
874 1778 978 1822 positi
998 1778 1037 1812 in
1049 1778 1156 1822 opido
1169 1776 1417 1812 Machiliensis
1429 1778 1487 1819 (2),
1505 1775 1773 1811 Cameracensis

123 1828 297 1872 diocesis
313 1831 359 1865 ob
377 1834 505 1873 certas,
524 1834 564 1867 ut
582 1833 755 1874 creditur,
786 1833 1021 1868 rationabiles
1043 1844 1182 1874 causas,
1212 1832 1359 1876 quidam
1390 1831 1564 1876 magister
1593 1831 1775 1865 «Iohannes

136 1883 267 1918 Leonis
280 1895 345 1928 pro
358 1888 393 1920 et
411 1886 557 1922 nomine
574 1887 874 1929 iusticiariorum,
893 1887 1037 1923 sculteti
1054 1890 1090 1922 et
1106 1886 1378 1922 communitatis
1393 1885 1481 1921 dicti
1499 1885 1610 1930 opidi,
1628 1888 1669 1920 ut
1683 1896 1775 1919 asse-

135 1939 250 1980 rebat,
269 1939 307 1974 in
323 1941 434 1975 verba
456 1941 677 1986 blasphemie
706 1943 928 1984 seandalosa,
959 1942 1133 1977 sediciosa
1160 1946 1196 1978 et
1227 1945 1402 1986 quantum
1436 1941 1482 1975 ad
1502 1940 1626 1984 aliqua
1650 1942 1777 1975 contra

136 2005 275 2029 sacmm
291 1995 508 2039 scripturam
526 2000 561 2032 et
576 1998 740 2033 doctores
753 2001 895 2033 sanctos
913 2009 977 2042 per
993 1997 1181 2033 ecclesiam
1199 1998 1417 2041 approbatos
1429 1996 1467 2031 in
1484 1997 1639 2040 quadam
1656 1995 1774 2039 appel-

136 2049 270 2084 latione
286 2049 422 2085 dicitur
437 2051 654 2096 prorupisse.
673 2053 860 2088 Inseratur
875 2056 979 2088 tenor
994 2053 1037 2088 de
1052 2054 1162 2088 verbo
1179 2053 1225 2087 ad
1238 2053 1388 2087 verbum
1402 2052 1458 2086 vel
1471 2050 1628 2095 presenti
1642 2050 1776 2093 scripto

136 2108 362 2140 annectatur.
384 2106 495 2141 Cuius
513 2107 690 2143 iacturam
709 2109 830 2152 presul
849 2108 1130 2150 Cameracensis,
1147 2108 1214 2144 etsi
1231 2112 1407 2153 quantum
1421 2108 1465 2142 ad
1479 2108 1588 2141 verba
1600 2106 1778 2140 iniuriosa

136 2159 193 2194 sui
217 2172 438 2206 suorumque
469 2163 654 2206 pacienter
680 2164 816 2204 tulerit,
847 2167 968 2199 tamen
996 2164 1079 2199 fidei
1110 2167 1145 2199 et
1168 2163 1396 2199 auctoritatis
1413 2163 1573 2197 clauium
1589 2162 1738 2197 ecclesie
1755 2173 1777 2195 a

139 2214 293 2250 Domino
310 2217 524 2252 collatarum
542 2218 713 2253 lesionem
727 2218 969 2262 equanimiter
985 2231 1057 2254 non
1074 2219 1192 2254 ferens
1206 2218 1307 2253 iuxta
1323 2218 1473 2252 verbum
1491 2217 1584 2252 beati
1601 2217 1620 2251 J
1624 2215 1778 2251 ohannis

140 2270 348 2306 Crisostomi
366 2272 545 2307 dicentis:
569 2288 584 2300 u
604 2273 776 2318 Propriae.
801 2273 956 2309 iniurias
988 2275 1083 2310 ferre
1108 2274 1290 2308 landabile
1321 2276 1385 2314 est,
1415 2272 1568 2306 iniurias
1595 2283 1680 2306 vero
1712 2270 1777 2306 Dei

137 2325 314 2361 sustinere
331 2327 436 2361 valde
456 2331 507 2362 est
525 2327 675 2372 impium
697 2345 726 2369 n,
745 2340 802 2364 me
820 2329 904 2364 licet
921 2329 1112 2374 indignum
1130 2328 1323 2372 requisiuit
1337 2331 1375 2363 ut
1391 2327 1477 2371 quid
1495 2327 1664 2362 sentirem
1681 2326 1779 2361 circa

137 2383 254 2416 certas
271 2381 452 2416 clausulas
464 2382 502 2416 in
519 2382 724 2418 huiusmodi
741 2384 982 2427 appellatione
999 2384 1143 2428 positas,
1155 2384 1290 2427 scripto
1307 2382 1580 2417 committerem.
1598 2382 1674 2425 Ego
1691 2393 1776 2416 vero

139 2435 220 2479 quis
247 2447 339 2477 sum,
373 2436 435 2480 qui
462 2440 560 2471 tante
589 2437 739 2472 iussioni
757 2449 829 2472 non
854 2437 1047 2481 parerem?
1069 2437 1264 2472 Presertim
1281 2436 1367 2480 quia
1384 2437 1599 2480 professores
1615 2436 1777 2470 veritatis

139 2490 257 2535 parati
281 2503 356 2526 esso
379 2491 511 2527 debent
542 2493 640 2527 omni
667 2493 827 2537 poscenti
856 2494 1006 2528 reddere
1035 2494 1214 2528 rationem
1245 2493 1288 2527 de
1315 2503 1357 2526 ea
1389 2503 1457 2536 quc
1485 2491 1522 2525 in
1550 2491 1601 2526 eis
1625 2495 1677 2526 est
1693 2491 1774 2526 fide.

141 2546 342 2591 Eapropter
371 2547 438 2582 sub
466 2547 691 2583 correctione
721 2552 843 2584 sancte
869 2549 995 2583 matris
1026 2547 1176 2583 ecclesio
1192 2547 1388 2591 apostolice
1412 2551 1448 2582 et
1471 2546 1632 2581 omnium
1657 2546 1776 2581 ortho-

137 2602 315 2636 doxorum
333 2605 430 2637 recte
446 2602 483 2636 in
501 2602 570 2637 fide
586 2603 803 2647 sapientium
830 2603 1049 2647 subiungam
1077 2614 1146 2646 que
1174 2606 1387 2646 sequuntur,
1406 2604 1605 2645 protestans
1628 2601 1724 2644 quod
1748 2601 1777 2635 si

140 2667 210 2699 que
225 2655 297 2691 sint
309 2656 428 2691 minus
445 2660 542 2692 recte
560 2658 686 2702 posita,
705 2658 782 2694 sine
799 2659 873 2693 ullo
890 2657 1108 2694 defensionis
1126 2656 1329 2701 patrocinio
1353 2657 1586 2691 subruantur.
1618 2656 1778 2691 Obmitto

141 2722 212 2752 eas,
228 2722 298 2755 que
315 2723 503 2756 personam
521 2713 710 2749 memorati
724 2714 914 2750 reuerendi
929 2713 1041 2758 patris
1054 2724 1273 2756 suorumque
1286 2711 1545 2747 officiariorum
1557 2715 1780 2748 concernunt

185 2877 231 2918 (1)
245 2876 433 2919 Kerkelijk
452 2876 634 2912 interdict.

186 2932 232 2973 (⁶2)
249 2931 336 2967 Lees
350 2932 642 2968 Mechliniensis.
