2097 3466
784 244 916 287 ANNo
943 252 1043 285 1323
1687 244 1749 284 1111

111 347 180 386 viri
198 345 334 385 domini
350 346 586 392 Raymundus
607 347 650 382 (10.
675 346 839 385 Pinoliis,
859 346 1053 381 eanonicus
1077 345 1238 385 ecclesie,
1255 349 1289 380 et
1306 343 1471 379 officialis
1489 342 1741 381 Tornacensis,

115 404 301 440 reverendi
319 403 356 437 in
375 403 517 437 Christo
536 402 646 446 patris
662 414 704 436 ac
717 402 866 440 domiui,
881 402 1018 435 domini
1037 403 1092 441 G„
1110 400 1173 435 Dei
1192 400 1311 444 gratia
1326 399 1564 434 Torum-cusis
1577 397 1747 442 episcopi,

116 459 153 494 in
182 458 327 494 remotis
355 457 496 501 agentis
520 457 557 491 iu
582 457 832 501 spiritualibus
854 460 888 490 et
914 455 1171 500 temporalibus
1199 454 1327 488 vicarii
1352 454 1550 498 generales,
1572 465 1643 488 una
1667 465 1749 487 cum

116 513 313 550 venerabili
332 517 367 548 ct.
382 513 538 548 discreto
555 513 645 551 viro,
664 512 810 547 domino
827 512 881 553 F.,
893 512 1029 545 decano
1045 511 1194 545 ecclesie
1212 510 1463 546 Toruacensis.
1482 520 1575 542 nunc
1592 510 1750 548 absente,

117 568 356 604 commissarii
374 568 410 602 in
427 568 494 602 hac
523 572 623 611 parte
651 566 856 611 specialiter
879 566 1040 609 deputati
1065 579 1086 599 a
1111 565 1307 599 reverendo
1326 568 1426 608 patre
1452 564 1598 597 domino
1616 564 1752 597 Torna-

117 623 214 659 censi
238 623 404 667 episcopo
429 622 590 666 predicto
614 633 722 665 super
746 621 1000 654 reformatione
1031 623 1144 654 status
1169 619 1374 659 mulierum,
1394 630 1462 661 que
1487 618 1688 661 vulgariter
1720 622 1753 651 et

118 678 360 713 communiter
385 677 548 721 Beguine
574 678 842 719 nuncupantur,
862 674 1163 709 commorantium
1182 674 1218 707 iu
1243 673 1376 707 diocesi
1402 673 1756 716 'soi-nacensi,juxta

118 733 251 767 formas
287 735 324 766 et
357 734 497 766 tenores
537 731 739 766 litterarum
781 730 931 763 inferius
969 729 1254 772 subscriptarum
1294 730 1545 771 processerunt
1583 727 1619 760 in
1659 726 1755 760 hunc

118 787 283 830 modum3
309 787 414 830 cujus
437 797 623 829 processus
650 790 754 820 tenor
776 796 837 818 seu
862 784 972 819 series
996 783 1160 827 sequitur
1183 783 1221 816 in
1246 782 1312 817 hec
1340 782 1471 815 verba:

164 842 403 886 Raymundns
418 841 462 875 de
480 840 645 881 Pinoliis,
665 839 862 874 canonieus
878 839 1040 877 ecclesie,
1059 843 1094 873 ct
1111 837 1275 872 officialis
1299 836 1550 877 Tornaeensis,
1572 836 1758 870 reverendi

121 898 160 933 in
189 897 332 933 Christo
357 896 470 941 patris
497 907 540 929 ac
568 894 718 934 domini,
752 894 889 928 domini
920 894 975 934 G„
1007 893 1070 928 Dei
1102 892 1222 937 gratia
1250 890 1490 926 Tornacensis
1517 890 1687 934 episcopi,
1722 890 1758 924 iu

121 952 269 988 remotis
297 952 449 996 agentis,
483 950 521 985 in
549 948 799 993 spiritualibus
827 953 862 982 et
893 947 1153 992 temporalibus
1180 946 1309 980 vicarii
1340 945 1538 990 generales,
1573 956 1645 979 una
1677 956 1759 979 cum

122 1007 322 1042 venerabili
339 1010 374 1042 et
389 1006 544 1041 discreto
560 1004 650 1045 viro,
667 1003 814 1038 domino
829 1004 882 1042 F.,
898 1003 1034 1037 decano
1051 1001 1201 1036 ecclesie
1219 1000 1470 1040 Tornacensis,
1487 1012 1583 1034 nunc
1599 1001 1757 1039 absente,

123 1062 291 1097 omnibus
314 1061 470 1101 decanis,
490 1059 718 1104 presbyteris
746 1057 881 1093 curatis
906 1057 1105 1101 ceterisque
1129 1056 1363 1091 ecclesiarum
1389 1055 1590 1090 rectoribus
1615 1055 1653 1089 in
1677 1055 1760 1099 dyo-

125 1117 196 1152 cesi
215 1115 435 1152 Tornacensi
453 1114 668 1154 constitutis
687 1114 840 1148 salutem
858 1113 895 1147 iu
916 1113 1068 1147 Domino
1085 1112 1354 1155 sempiternam.

170 1171 352 1207 Noveritis
376 1183 440 1206 uos
464 1170 636 1214 quasdam
661 1169 798 1203 litteras
820 1168 1046 1212 apostolicas,
1066 1179 1135 1211 que
1159 1168 1256 1202 dicto
1280 1166 1427 1201 domino
1452 1168 1573 1201 nostro
1597 1166 1764 1210 episcopo

128 1226 349 1262 Tornaeensi
367 1226 589 1270 diriguntur,
609 1236 691 1259 cum
710 1224 913 1258 reverentia
935 1223 1122 1266 recepisse,
1143 1233 1297 1266 quarum
1315 1225 1418 1257 tenor
1433 1221 1598 1264 sequitur
1613 1221 1651 1255 in
1668 1221 1765 1255 hunc

127 1282 274 1316 modum
290 1293 297 1316 :

172 1336 277 1381 [Hier
290 1336 389 1380 volgt
404 1335 448 1370 (10
462 1334 554 1369 tekst
571 1334 636 1368 der
648 1334 710 1368 bul
724 1345 792 1368 van
807 1345 896 1377 paus
912 1333 1095 1368 Joliannes
1109 1332 1230 1373 XXII,
1246 1343 1316 1366 van
1330 1334 1372 1366 30
1387 1332 1585 1366 December
1599 1333 1695 1377 1320]
1708 1335 1764 1375 (1).

174 1393 263 1427 Item
291 1392 381 1426 alias
411 1391 501 1426 duas
533 1390 671 1424 litteras
702 1389 789 1424 dicti
823 1389 1009 1423 reverendi
1043 1389 1155 1432 patris
1187 1388 1426 1423 Tornacensis
1457 1389 1613 1432 episcopi
1647 1389 1768 1433 sigillo

132 1460 265 1493 magno
282 1448 395 1492 ipsius
413 1445 633 1490 impendenti
650 1445 831 1489 sigillitas,
848 1456 1001 1488 quarum
1020 1448 1123 1478 tenor
1139 1443 1254 1487 prime
1270 1443 1353 1478 talis
1369 1446 1419 1477 est
1434 1453 1440 1474 :

175 1502 389 1542 Guilelmus,
405 1501 636 1535 miseratione
651 1500 781 1534 Divina
796 1499 1036 1534 Toruacensis
1049 1499 1249 1542 episcopus,
1269 1498 1537 1532 venerabilibus
1554 1502 1589 1533 ct.
1605 1498 1770 1532 discretis

131 1557 220 1591 viris
242 1557 383 1591 dilectis
406 1559 441 1591 et
465 1555 630 1590 fidelibus
659 1555 801 1595 nostris,
828 1554 984 1588 dominis
1008 1554 1063 1594 F.,
1098 1554 1246 1593 decano,
1268 1553 1312 1587 R.
1343 1553 1386 1586 de
1412 1553 1576 1593 Pinoliis,
1596 1553 1786 1598 canonica

132 1615 253 1647 nostre
276 1611 426 1646 ecclesie
451 1610 703 1651 Tornacensis,
722 1622 764 1644 ac
789 1609 937 1643 officiali
962 1611 1084 1643 nostro
1109 1607 1343 1648 Tornacensi‚
1362 1609 1514 1643 salutem
1539 1608 1576 1642 in
1602 1608 1768 1642 Domino.

176 1667 293 1711 Super
322 1666 580 1701 reformatione
610 1669 724 1700 status
754 1665 970 1699 dilectarum
1003 1664 1041 1698 in
1070 1663 1213 1698 Christo
1241 1664 1399 1698 filiarum
1429 1663 1623 1698 mulierum
1654 1666 1773 1697 nostre

130 1722 298 1763 diocesis,
333 1732 403 1764 que
435 1720 598 1766 Beguine
629 1720 832 1764 vulgariter
862 1722 898 1754 ct
937 1718 1180 1753 communiter
1211 1722 1486 1762 nuncupantur,
1520 1729 1563 1752 ac
1595 1719 1771 1752 bonorum

130 1777 352 1818 earumdem,
374 1777 481 1821 juxta
499 1775 703 1810 litterarum
721 1774 1002 1819 apostolicarum
1021 1773 1123 1808 nobis
1140 1784 1248 1816 super
1263 1773 1331 1807 hoc
1348 1772 1569 1807 directarum
1591 1772 1720 1807 seriem
1737 1777 1773 1807 et

130 1835 305 1873 tenorem,
324 1842 365 1866 ac
383 1831 490 1866 etiam
514 1842 622 1874 super
645 1830 812 1865 omnibus
835 1830 916 1864 aliis
940 1829 1038 1864 circa
1061 1829 1127 1864 1100
1153 1828 1364 1864 necessariis
1388 1829 1444 1862 vel
1468 1829 1655 1872 oportunis
1672 1828 1774 1862 vobis

131 1886 390 1922 committimus
407 1886 503 1921 vices
520 1890 671 1927 nostras,
691 1886 863 1929 quamdiu
883 1897 946 1919 nos
970 1896 991 1919 3
1015 1884 1161 1920 civitate
1185 1888 1220 1919 et
1243 1884 1385 1928 dyocesi
1412 1888 1533 1918 nostra
1551 1883 1770 1918 Tornaceusi

135 1940 330 1985 contigerit
352 1951 427 1975 esse
443 1941 618 1976 absentes.

177 1996 321 2037 Datum,
340 1999 428 2030 teste
445 1999 567 2030 nostro
582 1995 807 2039 presentibus
823 2006 980 2039 appenso
997 1995 1129 2039 sigillo,
1149 2005 1244 2029 anno
1264 1994 1407 2028 Domini
1422 1995 1584 2029 MOCCC0
1602 1993 1772 2029 vicesimo

132 2051 297 2095 septimo,
315 2050 373 2085 die
390 2050 515 2085 XXIV
540 2050 672 2085 mensis
696 2050 840 2085 Marcii.

176 2107 264 2142 Item
283 2107 438 2142 secunde
455 2106 575 2142 littere
598 2109 703 2141 tenor
725 2106 900 2150 sequitur,
919 2109 955 2141 et
973 2109 1025 2141 est
1042 2106 1146 2141 talis:

177 2161 391 2202 Guilelmus,
410 2161 640 2196 miseratione
656 2161 780 2195 diviua
798 2161 1038 2196 Tornacensis
1054 2161 1254 2204 episcopus,
1273 2160 1540 2195 venerabilibus
1556 2164 1591 2196 et
1608 2161 1772 2197 discretis

133 2216 222 2250 viris
239 2216 433 2250 carissimis
450 2219 485 2250 et
499 2216 665 2250 fidelibus
682 2216 823 2256 nostris,
842 2215 998 2250 dominis
1016 2215 1069 2256 F.,
1081 2216 1229 2255 decano,
1244 2219 1279 2250 et
1297 2215 1341 2249 R.
1357 2215 1401 2249 de
1419 2215 1582 2256 Pinoliis,
1595 2217 1770 2251 canonico

134 2276 253 2308 nostre
276 2272 426 2307 ecclesie
442 2271 694 2312 Tornacensis,
713 2284 755 2305 ac
771 2271 902 2306 Joanni
927 2271 1024 2306 dicto
1042 2271 1218 2311 Cordiele,
1238 2270 1426 2314 utriusque
1442 2271 1539 2315 juris
1564 2271 1767 2315 professori,

134 2328 278 2363 officiali
306 2327 540 2368 Tornaccnsi,
558 2327 710 2361 salutem
737 2326 773 2360 111
800 2326 953 2360 Domino
980 2326 1248 2369 sempiternam.

178 2383 229 2417 De
252 2381 468 2417 discretione
484 2386 520 2415 et
536 2381 797 2424 circumspecta
815 2380 1039 2424 providentia
1057 2381 1183 2415 vestris
1200 2380 1343 2424 plenam
1367 2380 1403 2414 in
1430 2380 1583 2415 Domino
1600 2380 1769 2415 fiduciam

133 2438 348 2478 obtinentes,
362 2449 423 2472 vos
437 2437 591 2471 vicarios
609 2440 747 2470 nostros
760 2436 947 2480 generales
965 2436 1002 2470 111
1014 2435 1264 2480 spiritualibus
1277 2439 1313 2470 ct
1329 2436 1588 2479 temporalibus
1604 2437 1768 2478 facimus,

133 2495 258 2529 dantes
281 2497 318 2528 et
341 2493 576 2527 concedentes
593 2492 693 2526 vobis
709 2496 772 2526 3111.
791 2492 932 2526 duobus
954 2495 1125 2532 vestrum,
1144 2491 1257 2526 tercio
1274 2492 1431 2531 absente,
1450 2492 1656 2535 generalem
1675 2492 1768 2526 vica-

133 2551 248 2585 riatus
278 2549 628 2584 administrationem
656 2561 697 2582 ae
728 2548 869 2592 plenam
898 2552 933 2583 et
961 2548 1113 2582 liberam
1159 2550 1368 2591 potestatem
1400 2547 1521 2582 omnia
1551 2551 1586 2582 et
1610 2548 1767 2592 singula,

133 2616 202 2650 que
227 2606 264 2640 in
287 2605 430 2649 dyocesi
449 2609 571 2639 nostra
588 2604 617 2638 T
621 2604 808 2638 ornacensi
827 2603 1081 2638 reformatione
1104 2602 1280 2647 indigent,
1300 2602 1532 2643 reformandi,
1552 2603 1768 2647 corrigenda

133 2665 169 2695 et
192 2660 416 2695 emendanda
441 2659 478 2694 in
503 2660 632 2693 melius
648 2658 855 2699 reducendi,
874 2659 918 2692 ad
937 2658 1110 2693 beneficia
1128 2658 1371 2692 ecclesiastica
1388 2662 1507 2692 nostre
1523 2658 1675 2692 diocesis
1692 2670 1768 2702 pre-

133 2715 240 2757 dicte,
259 2726 341 2749 cum
359 2726 448 2749 cura
464 2715 519 2749 vel
542 2714 619 2749 sinc
636 2726 736 2754 cura,
755 2725 923 2757 personas
941 2716 1159 2757 presentatus
1178 2724 1240 2756 per
1255 2725 1379 2747 eorum
1406 2725 1508 2747 veros
1526 2717 1705 2756 patronos,
1724 2713 1768 2746 ad

134 2781 223 2814 quos
255 2770 472 2814 presentatio
501 2769 659 2813 ipsorum
692 2769 859 2813 pertinet,
892 2769 1133 2803 couununiter
1164 2769 1220 2802 vel
1251 2768 1394 2802 divisim
1423 2768 1648 2808 admittendi,
1675 2773 1711 2802 et
1741 2768 1769 2801 si

136 2836 277 2861 necesse
295 2825 416 2866 suerit,
432 2825 643 2869 repellendi,
660 2828 766 2868 prout
783 2824 986 2859 faciendum
1007 2823 1115 2859 suerit
1132 2824 1327 2858 secundum
1347 2823 1539 2858 canonicas
1555 2823 1769 2861 sanctiones,

179 2941 224 2982 (1)
249 2940 310 2975 Zie
326 2939 465 2982 hooger
480 2951 543 2974 ons
561 2946 598 2974 nr
617 2941 689 2973 175.
