2097 3466
835 225 968 260 ANNO
995 226 1100 261 1256
1724 229 1786 263 129

149 328 290 353 oensem
315 318 523 364 episcopum
552 320 741 355 ecclesiam
770 321 1064 357 Cameraccnscm
1090 326 1125 357 ct.
1148 322 1393 366 episcopatum
1414 321 1525 365 ipsius
1552 334 1617 367 pro
1635 324 1786 368 negocio

150 372 246 413 fidei,
264 374 359 417 quod
387 378 512 409 contra
535 375 712 409 hereticos
735 388 798 410 suo
825 377 986 420 dyocesis
1016 390 1086 412 non
1114 377 1189 411 sino
1218 376 1360 419 maguis
1386 378 1588 420 sumptibus
1619 379 1784 414 invocato

151 430 276 462 contra
292 440 352 461 cos
374 429 512 463 auxilio
537 431 649 465 bracii
673 432 846 465 secularis
863 433 1071 476 assumpsitq
1106 444 1244 466 necnon
1269 436 1305 465 et
1329 444 1392 475 pro
1419 433 1509 466 bono
1534 434 1631 476 pacis
1647 435 1782 468 dudum

150 481 247 516 inter
262 482 358 516 clare
375 485 546 519 memorie
564 486 734 520 Guicllmi
760 486 1006 521 Romanorum
1026 499 1145 531 rcgcm
1163 499 1206 521 ex
1224 498 1296 520 una
1314 490 1413 530 parte
1430 490 1465 520 ct
1481 487 1651 522 dilectum
1671 489 1785 522 tilium

151 536 307 570 nobilem
333 537 451 572 virum
480 540 775 582 Andcgavcnscm
807 541 974 576 comitem
1001 546 1036 576 ct
1060 542 1228 576 dilectam
1258 541 1294 574 in
1325 541 1467 575 Christo
1493 542 1602 576 tiliam
1630 543 1785 577 nobilem

150 591 339 625 mulierem
356 593 573 629 comitissam
594 596 763 630 Flandric
788 608 829 630 ex
859 597 972 630 altera
997 597 1235 634 rosormsuulc,
1255 598 1358 638 cujus
1388 595 1479 630 idem
1503 598 1691 641 (episcopus
1715 602 1786 633 tam

150 645 187 680 in
204 646 342 690 treugis
371 650 607 691 procurandis
631 663 738 694 quam
771 652 853 686 aliis
883 652 1032 686 utilibus
1049 652 1163 686 tocius
1192 651 1228 686 in
1254 652 1321 685 hac.
1354 657 1454 695 parte
1478 664 1606 695 gerens
1639 654 1788 698 negocia

148 701 304 745 diligens
328 703 505 739 mediator
527 705 646 740 extitit
663 718 703 739 ac
728 709 919 748 tractator;
939 719 980 741 ac
998 719 1062 750 pro
1089 707 1319 750 expediendis
1347 707 1428 740 aliis
1455 708 1613 751 ejusdem
1639 708 1788 743 ecclesie

150 756 322 799 negociis,
341 761 382 792 ut
405 759 590 800 asseritur,
609 760 794 804 opportuit
817 761 980 803 obligare
1007 761 1229 805 propensiori
1250 773 1312 795 nos
1336 773 1436 801 cura,
1454 762 1613 797 solicitat
1638 771 1676 797 ut
1694 762 1789 797 inter

150 812 221 847 alie
238 816 357 848 nostre
370 813 565 857 vigilant-io
580 815 818 850 incombentia
834 817 877 850 (lc
893 816 1003 860 ipsius
1019 816 1169 851 ecclesie
1182 816 1388 860 specialiter
1403 817 1603 860 cogitemus
1619 818 1788 852 subsidiis

150 870 186 902 et
201 868 348 902 auxiliis
372 869 594 912 opportunis,
614 870 744 913 quibus
761 872 805 905 ab
822 871 1027 914 hujusmodi
1052 871 1254 906 debitorum
1272 872 1425 906 relevari
1444 872 1553 916 possit
1571 873 1737 906 omnibus
1753 877 1788 907 et

151 921 247 957 inter
262 927 496 967 angustantes
514 924 613 959 illam
631 925 834 960 debitorum
854 919 1011 970 ipsorui'n
1030 926 1218 969 angustias
1235 927 1423 970 respirare.
1445 930 1533 962 Cum
1551 928 1647 962 enim
1665 929 1787 962 eadem

152 978 420 1013 Cameracensis
436 979 587 1014 ecclesia
606 980 641 1014 in
659 992 808 1024 corpore
833 981 1048 1015 universalis
1063 981 1212 1015 ecclesie
1230 982 1348 1016 nobile
1365 995 1408 1016 ac
1424 983 1658 1027 conspicuum
1680 995 1788 1017 mem-

150 1032 256 1067 brum
272 1033 412 1074 existat,
432 1034 477 1068 ad
494 1033 548 1068 sui
567 1034 739 1068 nimirum
757 1034 885 1078 capitis
909 1036 1005 1078 quod
1028 1038 1081 1070 est
1105 1040 1332 1071 sacrosancta
1357 1037 1522 1071 Romana
1538 1037 1700 1077 ecclesia,
1720 1050 1789 1081 que

149 1087 246 1123 inter
261 1100 384 1124 omnes
399 1089 489 1123 alias
505 1089 644 1133 optinet
670 1090 793 1124 divina
822 1090 1048 1125 institutione
1076 1091 1271 1134 primatum
1296 1092 1567 1133 intrementum,
1587 1092 1737 1133 accedit,
1756 1093 1785 1126 si

151 1144 351 1178 membrum
386 1145 480 1179 idem
512 1148 584 1180 tam
613 1145 854 1179 honorificum
887 1146 932 1179 ab
957 1158 998 1180 ea
1015 1146 1254 1182 sublimant-ia
1278 1148 1370 1181 dona
1387 1148 1559 1191 suscipiat
1575 1151 1611 1182 et
1626 1148 1787 1182 efficacia

150 1198 328 1243 percipiat
343 1199 564 1243 adjumenta.
585 1199 679 1233 Hinc
702 1202 755 1234 est
778 1200 873 1243 quod
898 1211 960 1234 nos
984 1199 1097 1243 ipsius
1122 1201 1394 1235 Cameria-eneis
1414 1202 1563 1237 ecclesie
1587 1214 1628 1236 ae
1652 1203 1785 1247 episco-

151 1256 255 1298 patus
271 1254 430 1298 ejusdem
448 1254 719 1290 necessitatibus
736 1255 920 1299 cupientes
943 1266 987 1289 ex
1012 1255 1207 1299 apostolico
1232 1256 1351 1291 officio
1368 1257 1462 1292 sicut
1485 1259 1654 1293 convenit
1670 1258 1787 1302 provi-

150 1311 248 1352 dere,
267 1323 323 1350 ne,
350 1312 445 1355 quod
469 1311 573 1353 absit,
600 1311 769 1346 ledantur
793 1311 990 1346 enormiter
1013 1312 1069 1346 vel
1093 1313 1355 1349 absorbeantur
1378 1314 1552 1358 voragine
1581 1325 1786 1355 usurarum,

150 1367 359 1402 discretioni
383 1370 499 1402 vestre
523 1378 587 1410 per
609 1367 806 1410 apostolica
829 1366 965 1410 scripta
989 1367 1202 1402 mandamus
1223 1368 1393 1412 quatinus
1410 1368 1617 1403 vicesimam
1641 1381 1789 1413 proven-

150 1427 254 1459 tuum
279 1422 441 1458 omnium
459 1423 695 1457 eeclesiarum
719 1434 762 1457 ac
786 1422 1087 1458 monasteriorum
1114 1423 1341 1467 aliorumque
1366 1424 1528 1458 locorum
1553 1427 1588 1459 et
1612 1425 1787 1458 bonorum

148 1479 475 1514 ecclesiasticorum
499 1481 572 1513 tam
598 1477 852 1522 religiosorum
879 1490 986 1521 quam
1010 1478 1230 1513 secularium
1258 1490 1328 1513 non
1353 1482 1600 1522 exemptorum
1621 1480 1786 1514 Camera-

149 1533 264 1567 censis
287 1533 445 1568 civitatis
467 1535 503 1567 et
525 1531 686 1575 dyocesis
710 1531 899 1566 annuatim
925 1543 1037 1574 usque
1061 1533 1106 1566 ad
1131 1533 1327 1567 terminum
1353 1545 1416 1577 per
1439 1547 1501 1569 vos
1524 1536 1580 1570 vel
1609 1547 1673 1579 per
1697 1536 1787 1570 alios

150 1587 292 1632 integre
319 1588 530 1632 colligentes
557 1587 657 1620 illam
686 1586 779 1621 sicut
806 1586 966 1621 divinam
994 1590 1030 1621 et
1061 1590 1219 1622 nostram
1248 1600 1289 1622 ac
1317 1590 1512 1632 apostolice
1539 1591 1632 1625 sedis
1660 1602 1784 1626 curam

150 1644 316 1679 habentis
331 1645 494 1689 graciam
511 1644 671 1679 totaliter
686 1647 721 1678 et
744 1643 900 1678 fideliter
916 1655 979 1687 per
1001 1655 1129 1677 manus
1146 1647 1280 1678 vestras
1297 1646 1514 1680 convertatis
1531 1646 1567 1680 in
1585 1647 1784 1681 soluturam

151 1699 358 1745 hujusmodi
382 1699 586 1734 debitorum
611 1699 783 1733 attentius
807 1697 998 1742 provisuri,
1027 1710 1070 1732 ne
1098 1699 1212 1742 ipsam
1238 1699 1446 1734 vicesimam
1472 1701 1510 1735 in
1537 1701 1610 1736 alia
1638 1701 1789 1745 negocia

151 1753 264 1798 ipsius
291 1754 449 1798 episcopi
477 1755 534 1789 vel
563 1753 713 1789 ecclesie
742 1753 1010 1788 Cameracensis
1035 1765 1346 1798 quarumcumque
1372 1756 1552 1799 urgentia,
1579 1760 1788 1791 convertere

151 1809 378 1854 presumatis,
391 1821 473 1844 cum
492 1821 563 1844 non
577 1810 621 1843 ob
638 1808 738 1843 aliud
755 1808 901 1853 gravari
920 1808 1098 1852 predictas
1111 1809 1280 1843 ecelesias
1293 1822 1333 1844 ae
1352 1812 1569 1846 monasteria
1587 1812 1785 1856 paciamur,

152 1864 221 1899 nisi
250 1867 290 1900 ut
315 1876 359 1900 ex
386 1865 456 1899 hoe
483 1865 642 1909 ejusdem
675 1865 943 1899 Cameracensis
973 1865 1123 1899 ecclesie
1154 1866 1338 1900 alleviatio
1365 1868 1616 1911 subsequatur.
1648 1868 1788 1903 Taliter

151 1922 272 1955 autem
297 1921 507 1955 mandatum
532 1923 694 1955 nostrum
719 1920 916 1964 adimplere
940 1920 1085 1961 curetis,
1115 1923 1156 1955 ut:
1185 1921 1352 1956 crescatis
1377 1922 1505 1957 exinde
1529 1923 1667 1958 meritis
1691 1925 1786 1968 apud

151 1972 301 2015 dietum,
319 1978 354 2010 et
378 1987 453 2017 nOS,
472 1975 533 2019 qui
559 1976 662 2019 plene
678 1976 722 2010 de
738 1975 910 2010 fidelitate
934 1987 976 2009 ac
1000 1975 1157 2019 puritate
1173 1979 1291 2011 vestra
1315 1978 1540 2019 confidimus,
1559 1979 1786 2023 diligentiam

152 2032 307 2063 vestram
336 2030 456 2075 dignis
482 2030 521 2064 in
546 2030 699 2065 Domino
728 2030 896 2065 laudibus
920 2031 1172 2065 commendare
1200 2031 1386 2075 possimus.
1407 2034 1697 2069 Contradictores
1726 2045 1789 2078 per

144 2094 341 2118 vcensuram
357 2085 636 2120 ecclesiasticam
654 2085 913 2129 approbatione
930 2085 1110 2129 preposita
1134 2089 1169 2120 et
1193 2089 1462 2131 compescendo,
1482 2101 1552 2123 non
1580 2090 1742 2124 obstante
1759 2090 1788 2124 si

153 2139 314 2183 personis
327 2140 384 2174 vel
400 2139 488 2174 locis
505 2144 568 2175 aut
583 2140 772 2174 ordinibus
787 2139 971 2183 aliquibus
984 2140 1204 2183 generaliter
1220 2141 1275 2175 vel
1293 2142 1499 2184 specialiter
1514 2155 1535 2177 a
1551 2144 1633 2179 sede
1649 2147 1787 2188 aposto-

153 2194 224 2228 lica
251 2194 297 2230 sit
328 2194 521 2236 indultum,
551 2196 675 2229 eadem
706 2195 763 2229 vel
796 2195 978 2239 indulgeri
1011 2195 1199 2239 contingat
1229 2197 1324 2240 quod
1352 2198 1395 2231 ad
1428 2199 1644 2233 exibendum
1675 2200 1787 2234 alicui

153 2249 353 2284 subsidium
385 2250 621 2293 pecuniarum
649 2249 798 2284 minime
823 2252 1012 2293 teneatur3
1042 2251 1208 2293 quodque
1236 2252 1281 2285 ad
1310 2251 1345 2286 id
1370 2254 1536 2296 compelli
1559 2258 1621 2290 aut
1646 2258 1786 2290 contra-

154 2304 239 2345 dici,
258 2305 354 2348 quod
371 2305 552 2346 interdici,
571 2305 739 2349 suspendi
757 2306 814 2339 vel
830 2305 1137 2339 excommunicari
1157 2318 1227 2340 non
1246 2307 1392 2350 possint,
1412 2320 1475 2351 per
1496 2309 1634 2344 litteras
1650 2313 1787 2354 aposto-

154 2358 242 2393 licas
258 2359 401 2402 plenam
418 2364 453 2395 et
469 2372 671 2404 expressam
690 2372 761 2394 non
778 2360 950 2395 facientes
966 2361 1009 2395 de
1026 2360 1167 2395 indulto
1183 2361 1388 2405 hujusmodi
1407 2367 1441 2398 et
1458 2376 1583 2399 eorum
1600 2366 1788 2401 ordinibus

154 2413 373 2449 mentionem
398 2416 454 2450 vel
478 2416 604 2459 quavis
628 2416 700 2450 alia
725 2415 964 2459 indulgentia,
983 2418 1242 2460 cujuscumque
1267 2418 1400 2452 tenoris
1425 2420 1565 2459 existat,
1593 2432 1656 2464 per
1679 2433 1787 2464 quam

155 2469 302 2504 effectus
318 2471 537 2513 presentium
556 2470 724 2514 impediri
742 2471 858 2505 valeat
875 2471 931 2505 vel
952 2470 1070 2505 differi
1095 2475 1131 2505 et
1145 2472 1189 2506 de
1205 2484 1277 2516 qua
1293 2474 1483 2517 specialem
1509 2480 1697 2519 opporteat.
1713 2477 1791 2511 fieri

155 2524 386 2559 mentionem.
407 2525 507 2560 Scire
532 2537 686 2570 namque
710 2537 772 2560 vos
797 2526 962 2560 volumus
979 2526 1074 2569 quod
1095 2526 1124 2560 si
1152 2527 1387 2571 negligentes,
1408 2531 1502 2572 quod
1520 2531 1624 2571 absit,
1651 2530 1793 2565 fueritis

156 2577 194 2612 in
223 2580 464 2615 convertendo
493 2581 648 2615 fideliter
674 2581 881 2624 hujusmodi
913 2580 1085 2615 vicesima
1112 2581 1149 2615 in
1177 2582 1356 2617 solutione
1383 2584 1587 2619 debitorum
1615 2586 1787 2629 ipsorum,

157 2633 445 2678 indignationem
465 2640 622 2670 nostram
640 2635 765 2679 procul
789 2635 900 2669 dubio
923 2634 1130 2669 incurretis.
1151 2635 1254 2676 Quod
1270 2637 1299 2670 si
1319 2649 1388 2671 non
1405 2640 1511 2674 ambo
1529 2640 1598 2674 hiis
1615 2652 1789 2685 exequen-

157 2691 213 2726 dis
231 2693 419 2735 potueritis
436 2693 619 2731 interesse,
638 2693 731 2727 alter
747 2695 904 2727 vestrum
922 2704 964 2727 ea
986 2692 1244 2727 nichilominus
1259 2700 1468 2739 exequatur.

203 2746 333 2782 Datum
353 2748 534 2789 Laterani,
555 2749 603 2783 ΥΟ
620 2749 698 2783 idus
714 2748 894 2790 Januarfi,
914 2747 1144 2791 pontificatus
1162 2750 1272 2784 nostri
1290 2762 1385 2785 anno
1402 2753 1518 2787 tertio.

509 2815 662 2850 Archief
682 2826 751 2849 van
776 2815 837 2849 liet
861 2814 1289 2858 Noorder-departement
1312 2821 1346 2852 te
1371 2818 1496 2861 Rijsel,
1529 2818 1708 2854 Clzambre
1731 2820 1794 2854 cles

557 2870 720 2915 Comptcs
745 2869 789 2903 dc.
812 2869 921 2910 Lim,
942 2869 982 2903 Β.
1004 2871 1099 2910 1562,
1126 2870 1314 2908 deuxieme
1338 2874 1533 2909 cartulaire
1556 2875 1600 2909 de
1624 2875 1792 2916 Flandre,

554 2925 654 2969 piece
677 2928 752 2960 [310.
771 2944 814 2949 -
838 2924 989 2959 Ontleed
1013 2924 1102 2959 door
1125 2928 1234 2970 graas
1252 2928 1285 2963 J.
1312 2929 1356 2963 dc
1381 2929 1645 2970 Saint-Genois,
1667 2930 1796 2964 Monu-

1644 3000 1665 3030 9
