2097 3466
828 247 960 284 ANNO
987 249 1085 283 1369
1714 245 1777 282 211

150 345 227 391 der
248 345 526 403 inquisiteurs
550 346 652 389 stelt
685 344 736 388 de
774 344 920 388 keizer
952 344 1262 389 verscheidene
1285 344 1488 387 Duitsche
1520 346 1696 388 vorsten
1721 359 1776 388 en

151 416 388 459 edellieden
422 429 504 458 aan
528 428 536 458 :
564 415 616 457 de
650 415 863 470 hertogen
902 428 986 458 van
1027 414 1192 458 Saksen
1231 427 1283 456 en
1324 427 1407 455 van
1433 413 1698 471 Brunswijk,
1726 414 1778 457 de

151 498 315 542 graven
338 498 424 527 van
441 482 813 539 Schwarzenberg
836 497 889 526 en
914 497 998 526 van
1021 483 1203 533 Nassau,
1231 496 1325 525 enz.
1352 482 1441 525 Een
1465 482 1595 525 derde
1619 496 1703 525 van
1727 482 1779 525 de

151 553 361 598 roerende
384 567 436 596 en
461 552 729 596 onroerende
753 552 967 608 goederen
1003 552 1080 595 der
1111 552 1277 594 ketters
1302 552 1367 593 zal
1392 551 1474 593 den
1498 551 1778 606 inquisiteurs

150 621 458 666 toebehooren.
481 622 622 665 Alwie
644 636 728 664 aan
751 621 812 664 dit
834 620 1061 678 keizerlijk
1094 620 1206 663 edict
1229 634 1281 677 op
1307 620 1448 663 welke
1471 621 1594 677 wijze
1629 621 1706 663 het
1727 621 1778 677 zij

151 691 498 748 ongehoorzaam
532 691 583 742 is,
610 691 675 734 zal
699 704 804 733 eene
826 689 924 734 boet
948 704 1031 732 van
1055 689 1250 733 honderd
1273 689 1396 732 mark
1429 690 1564 745 gouds
1586 688 1775 740 betalen,

150 757 361 803 Waarvan
385 760 436 803 de
459 759 567 803 helft
590 764 664 802 ten
683 758 782 802 bate
799 773 883 802 van
904 759 956 802 de
979 758 1231 816 keizerlijke
1249 758 1462 802 schatkist
1481 772 1534 801 en
1552 759 1603 801 de
1622 758 1782 801 andere

150 828 261 873 helft
284 833 356 872 ten
380 827 479 872 bate
501 829 578 871 der
601 828 922 885 verongelijkte
945 841 1173 884 personen.
1202 828 1344 870 Alwie
1366 841 1423 870 na
1454 827 1546 870 drie
1570 827 1780 870 maanden

152 898 232 941 den
258 898 553 954 inquisiteurs,
591 898 769 940 hunnen
795 897 1031 940 vicarissen
1060 896 1108 939 of
1134 897 1310 939 hunnen
1345 895 1621 940 ambtenaars
1644 910 1782 939 weer-

152 967 280 1010 stand
307 967 371 1010 zal
407 966 599 1022 geboden
624 966 808 1015 hebben,
832 966 895 1008 zal
930 965 1233 1009 daarenboven
1258 966 1299 1008 al
1323 966 1436 1023 zijne
1460 966 1676 1022 goederen
1708 969 1783 1009 ten

152 1035 252 1079 bate
275 1036 352 1078 der
373 1035 626 1093 keizerlijke
649 1035 864 1078 sehatkist
887 1036 982 1077 zien
1015 1036 1221 1078 aanslaan
1261 1049 1314 1077 en
1353 1035 1394 1077 al
1433 1035 1546 1092 zijne
1585 1035 1781 1085 rechten,

152 1105 458 1156 voorrechten,
496 1105 734 1161 vrijheden,
762 1103 937 1147 ambten
973 1117 1028 1146 en
1066 1103 1405 1159 waardigheden
1441 1104 1673 1147 verliezen.
1702 1103 1786 1161 <Na

152 1174 230 1216 het
251 1173 477 1232 keizerlijk
499 1174 683 1230 siynum
707 1176 833 1216 staan
869 1173 931 1216 als
955 1173 1159 1229 getuigen
1183 1187 1457 1229 opgegeven:
1485 1173 1537 1216 de
1558 1173 1785 1216 kardinaal

152 1243 305 1295 Guido,
342 1243 497 1286 vicaris
520 1243 594 1285 des
617 1242 784 1286 keizers
822 1243 864 1284 in
895 1242 1034 1293 Italie‘,
1063 1242 1115 1284 de
1147 1241 1431 1299 bisschoppen
1469 1257 1552 1285 van
1594 1242 1781 1293 Olmut2‚

152 1311 310 1368 Spiers,
347 1313 485 1355 Lucca
518 1326 571 1354 en
609 1312 843 1368 Spoletum,
880 1315 994 1354 twee
1028 1312 1258 1367 hertogen,
1285 1326 1365 1355 een
1400 1311 1665 1369 markgraaf,
1706 1325 1786 1354 een

154 1381 291 1438 graaf‚
319 1381 574 1434 edellieden,
601 1381 720 1438 enz.)

199 1498 241 1534 In
265 1498 410 1534 nomine
438 1502 582 1534 sanetae
612 1503 647 1534 et
671 1498 882 1534 indiuiduae
906 1498 1097 1534 Trinitatis
1124 1497 1278 1533 feliciter
1304 1510 1421 1533 amen.

197 1554 353 1588 Karolus
377 1557 538 1597 quartus,
564 1553 690 1588 diuina
717 1554 860 1589 fauente
893 1553 1085 1589 clementia
1122 1554 1369 1589 Romanorum
1408 1553 1605 1598 imperator
1642 1563 1783 1597 semper

155 1612 331 1654 augustus
346 1612 381 1644 et
400 1609 596 1644 Bohemiae
614 1621 689 1650 rex,
709 1610 753 1644 ad
770 1613 978 1653 perpetuam
995 1609 1047 1644 rei
1064 1609 1287 1644 memoriam.

199 1663 385 1699 Commissi
403 1663 504 1698 nobis
521 1663 671 1698 coelitus
688 1675 775 1698 eura
792 1664 980 1709 regiminis
996 1663 1193 1708 imperialis
1211 1663 1417 1705 maiestatis,
1436 1664 1494 1699 cui
1509 1664 1616 1698 dante
1630 1662 1782 1697 Domino

154 1719 308 1754 feliciter
332 1719 580 1762 praesidimus,
607 1719 831 1754 materialem
855 1731 926 1763 quo
949 1719 1096 1754 diuis-im
1123 1731 1145 1753 a
1174 1720 1374 1754 sacerdotio
1403 1720 1602 1764 fungimur,
1620 1717 1783 1763 gladium

154 1774 326 1808 aduersus
343 1774 461 1809 hostes
478 1774 560 1809 fidei
578 1774 617 1808 in
634 1774 888 1809 exterminium
913 1775 1116 1810 haereticae
1132 1775 1323 1818 prauitatis
1350 1775 1465 1819 exigit
1480 1774 1730 1814 exercendum,
1748 1776 1788 1807 ut

153 1828 334 1872 viperinos
351 1828 434 1863 fidei
452 1829 545 1863 filios
564 1833 690 1863 eontra
709 1829 822 1864 Deum
839 1833 873 1865 et
890 1829 1078 1864 ecclesiam
1096 1829 1308 1865 insultantes
1325 1834 1495 1874 tanquam
1513 1828 1665 1864 materni
1689 1827 1783 1862 uteri

155 1894 358 1919 corrosores
374 1883 412 1918 in
429 1883 575 1918 iuducio
599 1888 633 1918 et.
650 1884 788 1920 iustitia
805 1896 1072 1929 persequamur,
1091 1884 1272 1919 maleficos
1299 1885 1423 1919 viuere
1451 1896 1523 1919 non
1554 1883 1703 1928 passuri,
1723 1893 1786 1927 per

155 1949 310 1982 quorum
327 1938 513 1973 seientiam
537 1939 774 1974 seductricem
798 1940 954 1974 mundus
970 1939 1132 1974 inficitur
1148 1943 1182 1974 et
1198 1939 1302 1984 gregi
1320 1940 1480 1975 fidelium
1498 1951 1561 1984 per
1576 1950 1704 1984 greges
1720 1938 1785 1973 hos

156 1993 337 2028 morbidos
353 1993 504 2037 grauior
515 1994 696 2038 infligitur
710 1995 926 2038 corruptela.

204 2047 294 2081 Cum
310 2047 425 2091 igitur
439 2048 484 2081 ad
501 2050 783 2083 succurrendum
800 2049 1002 2084 animarum
1021 2050 1191 2094 periculis
1207 2050 1451 2084 sanctissimus
1469 2050 1506 2085 in
1525 2049 1666 2085 Christo
1683 2052 1785 2093 pater

158 2105 194 2137 et
216 2102 382 2136 dominus
408 2102 575 2136 dominus
603 2108 723 2138 noster
754 2104 921 2138 Urbanus
945 2116 1037 2148 papa
1061 2105 1208 2148 quintus
1239 2105 1480 2139 venerabilem
1508 2108 1544 2139 et
1574 2103 1783 2148 religiosum

158 2159 277 2193 virum
302 2159 455 2193 fratrum
473 2158 704 2193 XValtherum
736 2159 899 2203 Kerliug,
925 2171 1048 2194 sacrae
1072 2159 1274 2203 theologiae
1292 2161 1538 2204 professorem,
1557 2160 1783 2203 capellanum

160 2218 334 2255 nostrum,
375 2214 663 2254 commensalem,
703 2214 886 2254 deuotum,
927 2215 1099 2249 dilectum
1139 2215 1262 2250 fecerit
1302 2215 1551 2259 inquisitorem
1586 2213 1789 2247 haereticae

158 2269 349 2313 prauitatis
376 2269 413 2303 in
442 2269 678 2303 Alemanniae
702 2269 864 2313 partibus
888 2281 959 2303 una
987 2282 1069 2304 eum
1103 2271 1315 2313 quibusdam
1343 2270 1425 2304 aliis
1452 2269 1624 2304 fratribus
1651 2267 1788 2302 ordinis

160 2324 449 2367 praedicatorum
477 2324 522 2358 ad
547 2323 777 2367 extirpandos
802 2325 979 2368 quoslibet
1002 2325 1201 2359 haereticos
1224 2325 1260 2359 in
1279 2326 1440 2369 partibus
1455 2325 1588 2360 eisdem
1605 2328 1638 2358 ct
1655 2323 1788 2367 specia—

159 2379 243 2413 liter
276 2379 321 2413 ad
351 2379 589 2414 eliminandas
619 2386 654 2413 et
683 2379 915 2414 destruendas
949 2381 991 2414 de
1025 2381 1198 2415 memoria
1231 2382 1391 2416 fidelium
1423 2381 1640 2425 periculosas
1674 2383 1788 2413 sectas

161 2433 436 2477 Beghardorum
453 2438 488 2468 et
514 2434 774 2478 Beghinarum,
794 2447 885 2478 quae
914 2436 1110 2479 plurimum
1137 2436 1173 2470 in
1203 2437 1437 2471 Alemanniae
1462 2437 1635 2480 partibus,
1662 2446 1789 2478 procu-

159 2493 261 2522 rante
292 2487 439 2522 humani
469 2489 612 2533 generis
640 2489 800 2530 inimico,
832 2491 1077 2533 pullularunt3
1104 2491 1273 2534 quocirca
1298 2497 1336 2527 ut
1361 2491 1526 2529 validius.
1551 2490 1791 2535 praestantius

160 2547 195 2578 et
210 2543 391 2577 efficacius
409 2545 611 2587 praedictus
630 2545 801 2589 magister
819 2545 1031 2580 waltherus
1057 2546 1250 2589 inquisitor
1277 2559 1357 2581 cum
1382 2548 1455 2580 suis
1479 2547 1627 2591 collegis
1646 2547 1682 2580 in
1705 2545 1792 2580 locis

161 2599 368 2634 memoratis
385 2600 614 2643 ipsorumque
632 2600 758 2635 vicarii
777 2613 818 2635 ac
843 2613 1064 2636 successores
1081 2602 1277 2646 apostolica
1294 2603 1508 2637 auctoritate
1528 2601 1736 2637 instituendi
1756 2600 1792 2634 in

161 2657 234 2689 tam
252 2660 375 2689 saneto
391 2667 498 2698 quam
515 2656 650 2689 salubri
669 2656 787 2690 officio
807 2656 941 2700 possint.
958 2657 1086 2692 melius
1103 2658 1294 2701 procedere
1310 2670 1351 2691 ac.
1371 2658 1527 2701 ipsorum
1545 2657 1702 2692 officium
1721 2667 1793 2690 uua

162 2722 245 2745 cum
272 2710 346 2745 suis
373 2710 588 2745 officialibus
615 2711 764 2745 liberius
791 2723 969 2751 exercere,
996 2716 1030 2746 et
1055 2724 1125 2756 quo
1155 2712 1418 2747 fraudulentius
1446 2716 1478 2746 et
1511 2712 1682 2747 secretius
1707 2711 1792 2745 fides

162 2765 410 2811 impugnatur,
425 2779 466 2801 eo
479 2767 633 2810 amplius
648 2767 844 2801 maioribus
857 2768 957 2802 decet
972 2768 1172 2811 privilegiis
1184 2773 1217 2802 ct
1232 2768 1360 2812 gratiis
1380 2768 1577 2811 imperialis
1598 2767 1793 2802 maiestatis

163 2821 321 2856 officium
341 2821 598 2865 Inquisitionis,
619 2821 847 2865 inquisitores
863 2834 905 2856 ae
921 2834 1044 2856 eorum
1063 2823 1215 2857 vicarios
1231 2829 1263 2857 et
1282 2824 1451 2857 officiales
1469 2822 1666 2857 consoueri.

208 2876 346 2911 Idcirco
364 2876 400 2911 in
418 2878 577 2911 fauorem
597 2877 676 2911 fidei
692 2877 923 2915 orthodoxae.
939 2878 1060 2912 auimo
1077 2878 1273 2911 deliberato
1290 2885 1322 2912 ct
1337 2890 1379 2912 cx
1394 2885 1491 2912 certa
1510 2882 1630 2912 nostra
1642 2876 1793 2911 scientia

165 2943 208 2968 ac
240 2932 444 2977 principum
475 2938 678 2968 nostrorum
707 2933 898 2968 accedente
931 2934 1092 2974 consilio,
1123 2933 1337 2968 auctoritate
1370 2934 1565 2968 maiestatis
1595 2932 1794 2977 imperialis
