2097 3466
806 245 939 280 ANNO
966 247 1070 281 1466
1695 249 1758 283 417

884 412 1000 457 341.

175 535 334 592 (1466,
360 529 544 592 Ηῇεείἒ)
569 536 743 582 Andere
761 538 876 583 brief
888 553 973 582 van
995 539 1079 582 Jan
1106 538 1158 581 de
1182 538 1348 582 Econte
1366 552 1449 583 aan
1473 540 1640 585 Carlier
1657 557 1763 587 over

114 603 330 648 hetzelfde
353 604 613 661 onderwerp
630 621 683 650 en
707 621 826 651 meer
843 608 1027 664 bepaald
1051 621 1158 651 over
1181 607 1235 650 de
1255 608 1490 664 stellingen
1513 623 1598 652 van
1624 611 1763 654 Bone-

114 675 188 717 tus
210 688 264 717 en
286 674 426 716 Fraus
449 673 501 715 de
524 673 716 719 Maronis
748 678 1006 734 aangaande
1031 677 1173 721 Maria
1197 690 1250 720 en
1275 676 1316 720 St
1339 678 1423 721 Jan
1447 678 1530 722 den
1566 682 1764 738 Evange-

115 743 205 788 list.
233 768 288 774 -
311 743 421 785 Deze
443 741 559 784 brief
583 746 753 802 getuigt
772 761 857 790 van
882 747 934 789 de
959 750 1114 803 groote
1150 745 1458 790 beroemdheid
1486 761 1570 792 van
1596 749 1763 794 Carlier

114 811 160 854 in
192 810 301 853 zake
332 824 417 854 van
448 810 655 856 kerkleer
684 828 738 857 en
766 815 964 874 ketterij.
994 817 1078 859 Jan
1111 815 1164 858 de
1197 817 1363 859 Econte
1403 816 1631 860 overlaadt
1662 819 1763 862 hem

116 883 208 924 met
222 880 519 936 loftuitingen.
540 881 610 938 Hij
636 881 839 940 beklaagt
855 886 931 930 het
947 884 1098 938 bitter,
1121 885 1197 928 dat
1219 886 1393 928 zooveel
1418 887 1764 943 oproerigheden

117 949 162 992 in
200 950 252 992 de
295 949 417 992 Kerk
441 963 493 992 en
523 951 567 993 in
609 951 662 994 de
704 954 993 1011 godgeleerde
1032 955 1248 998 Faculteit
1281 968 1366 998 van
1402 955 1546 1012 ParijS
1589 955 1765 1000 iederen

118 1019 203 1132 {ag
224 1018 382 1096 geduld
414 1019 611 1073 worden,
639 1025 800 1082 terwijl
826 1025 877 1068 de
910 1025 1088 1082 ketterij
1117 1026 1160 1067 in
1185 1024 1406 1067 Bohemen
1430 1038 1514 1068 aan
1544 1024 1620 1068 het
1654 1040 1769 1069 woe-

148 1101 202 1131 en
233 1102 286 1133 is.

161 1203 346 1248 Scriptum
363 1203 509 1238 domini
524 1204 711 1241 „Iohannis
728 1207 774 1242 de
790 1207 936 1250 Econte‚
954 1219 1059 1243 sacre
1075 1207 1259 1253 tlzeoloyie
1275 1208 1501 1253 professoris
1518 1208 1766 1251 Parisiensis,

118 1259 344 1304 thesaurarii
366 1260 583 1303 Ins-alensis,
610 1273 722 1307 super
744 1266 904 1299 materia
926 1264 1127 1309 filiationis
1153 1264 1341 1299 Johannz's
1377 1264 1619 1308 Euanyelz'ste
1641 1269 1770 1299 contra

131 1316 311 1351 Bonetum
328 1320 359 1349 et
376 1316 621 1350 Franciscum
637 1317 683 1351 de
700 1318 885 1353 Maronis.

163 1393 349 1429 Aduersus
365 1394 570 1429 nouitatum
587 1395 749 1430 curiosos
766 1395 1002 1440 inquisitores
1019 1399 1302 1440 sectatoresque,
1322 1396 1384 1440 qui
1409 1394 1595 1440 propriam
1613 1395 1771 1439 gloriam

120 1448 279 1484 inaniter
294 1453 485 1492 querentes
501 1448 727 1484 indiscissam
747 1449 850 1485 Ihesu
870 1450 1005 1485 Christi
1024 1451 1188 1485 tunicam
1207 1455 1242 1485 et
1257 1451 1412 1495 desuper
1426 1453 1634 1485 contextam
1651 1450 1768 1485 minu-

120 1503 226 1539 tatim
242 1514 306 1546 per
323 1503 458 1538 frustra
473 1503 678 1548 discerpere
695 1515 737 1539 ac
753 1505 857 1548 quasi
874 1505 1000 1549 vulpes
1020 1505 1165 1539 vineam
1191 1504 1338 1539 Domini
1364 1504 1610 1540 exterminare
1635 1515 1768 1539 conan-

121 1564 183 1595 tur
202 1561 380 1602 quantum
404 1557 443 1592 in
466 1559 517 1593 eis
541 1563 605 1600 est,
623 1559 680 1594 vel
704 1559 876 1604 religiosa
900 1560 1123 1604 simplicium
1144 1561 1255 1595 corda
1279 1560 1354 1595 suis
1378 1560 1482 1595 vanis
1509 1559 1771 1603 sacrilegisque

121 1614 356 1658 opinionibus
371 1612 567 1648 exhaurire
585 1618 620 1648 et
635 1620 813 1657 quantum
838 1614 876 1649 in
895 1615 947 1649 eis
970 1618 1022 1649 est
1048 1614 1155 1648 fidem
1172 1625 1295 1649 veram
1315 1615 1531 1658 perturbare
1548 1625 1620 1649 non
1645 1625 1770 1649 veren-

122 1673 196 1712 tur,
227 1669 375 1714 egregie
402 1672 437 1703 et
475 1668 681 1704 luculenter
709 1669 919 1713 scripsistis,
956 1669 1157 1704 reuerende
1188 1670 1239 1703 mi
1272 1673 1462 1714 preceptor
1495 1669 1776 1712 doctissimeque

125 1728 229 1769 pater
253 1735 296 1758 ac
323 1723 459 1758 Christi
491 1723 733 1759 inuictissime
760 1725 908 1760 athleta.
930 1727 975 1759 Et
1005 1735 1075 1768 que
1106 1725 1179 1759 leto
1213 1725 1295 1759 sinu
1323 1725 1466 1769 suscepi
1496 1724 1631 1769 scripta
1656 1729 1775 1759 vestra

125 1778 321 1814 nouissime
344 1779 441 1814 facta
463 1779 638 1814 aduersus
662 1780 871 1824 opinionem
895 1780 1026 1815 Boneti
1049 1780 1204 1815 dicentis
1228 1781 1323 1823 quod
1348 1791 1412 1824 per
1434 1781 1546 1815 verba
1571 1779 1706 1815 Christi
1736 1780 1774 1814 in

126 1844 236 1868 cruce
263 1833 452 1877 pendentis
484 1834 529 1868 ad
561 1834 718 1869 Mariam
746 1836 928 1879 virginem
960 1839 1113 1870 matrem
1145 1835 1223 1869 eius
1254 1836 1394 1870 directa
1426 1836 1471 1870 de
1502 1836 1580 1880 ipso
1604 1834 1774 1869 Johanne

129 1888 366 1933 Euangelista
390 1900 398 1922 z
425 1889 519 1922 Ecce
549 1889 652 1933 filius
678 1894 774 1930 tuas,
802 1889 967 1924 Christus
990 1889 1173 1924 inoreauit
1198 1889 1413 1924 filiationem
1439 1891 1476 1924 in
1505 1890 1582 1933 ipso
1607 1891 1776 1926 Johanne

128 1955 252 1979 veram
276 1948 311 1979 et
334 1943 468 1978 realem
492 1944 536 1977 ad
554 1949 707 1979 matrem
725 1944 874 1985 Christi,
891 1945 951 1979 sed
976 1955 1049 1978 non
1072 1945 1297 1986 naturalem3
1322 1944 1472 1988 insuper
1496 1948 1672 1980 aduersus
1698 1947 1773 1989 opi-

128 1999 274 2034 nionem
305 1999 492 2033 Francisci
522 1999 566 2034 de
594 1999 756 2035 Maronis
794 2000 948 2034 dicentis
986 2001 1083 2042 quod
1120 1999 1287 2034 Christus
1311 2000 1398 2034 fecit
1429 2000 1485 2034 vel
1510 2001 1630 2036 facere
1657 2000 1775 2045 potuit

128 2053 333 2089 Johannem
357 2066 432 2089 esse
455 2054 572 2089 filium
596 2054 762 2098 Virginis
789 2055 928 2098 prefate
954 2066 1093 2095 verum,
1119 2054 1254 2089 realem
1288 2058 1323 2089 et
1353 2055 1559 2089 naturalem
1584 2067 1649 2098 per
1673 2066 1775 2090 suam

129 2109 443 2154 omnipotentiam,
468 2108 527 2143 cui
557 2120 630 2144 non
655 2113 708 2143 est
735 2109 959 2152 impossibile
983 2120 1091 2144 omne
1115 2109 1280 2150 verbum,
1308 2109 1420 2143 michi
1451 2110 1715 2151 transmisistis,
1742 2118 1778 2144 et

129 2165 225 2208 quod
241 2165 359 2208 magis
373 2165 594 2206 mirandum,
612 2176 740 2208 meque
763 2165 958 2209 indignum
976 2176 1040 2208 per
1056 2170 1193 2200 vestras
1209 2164 1375 2199 missiuas
1391 2165 1545 2200 iussistis
1560 2169 1601 2200 ut
1618 2165 1776 2200 scribam

130 2218 218 2263 quid
250 2221 404 2255 sentiam
437 2220 481 2255 de
506 2221 634 2255 vestris
661 2220 866 2255 rationibus
902 2231 944 2254 ac
976 2220 1308 2264 improbationibus
1339 2220 1422 2254 illas
1454 2221 1685 2255 sortificando
1717 2224 1780 2255 aut

131 2274 362 2312 infirmando.
387 2275 455 2310 Sed
479 2275 573 2310 absit
597 2276 705 2320 longe
729 2287 750 2309 a
773 2287 830 2310 me
854 2278 956 2309 tanta
980 2274 1203 2319 presumptio
1227 2276 1498 2318 temeritasque,
1524 2275 1777 2310 colendissime

132 2329 183 2364 mi
200 2333 402 2374 preceptor,
427 2334 468 2364 ut
492 2340 571 2373 ego,
597 2329 660 2372 qui
685 2330 745 2364 vix
761 2329 931 2373 discipuli
956 2331 1141 2372 promerui
1166 2340 1310 2371 nomen,
1337 2331 1499 2374 aperiam
1517 2341 1556 2364 os
1579 2335 1644 2365 aut
1668 2341 1778 2374 appo·

133 2395 218 2419 nam
245 2395 394 2419 manum
410 2385 455 2419 ad
471 2384 730 2429 corrigendum
746 2385 803 2420 vel
826 2385 1118 2419 confirmandum
1143 2385 1241 2419 dicta
1257 2396 1318 2419 seu
1342 2385 1478 2429 scripta
1506 2385 1780 2429 irrefragabilia

134 2443 170 2474 et
183 2439 374 2474 sanissima
397 2440 489 2475 tanti
514 2441 583 2475 viri
608 2444 754 2484 tamque
778 2441 935 2485 insignis
957 2442 1128 2483 doctoris,
1155 2442 1252 2485 apud
1278 2453 1384 2484 quem
1410 2442 1482 2486 hijs
1506 2442 1544 2476 in
1568 2442 1783 2486 regionibus

134 2494 267 2529 residet
283 2494 488 2538 eminetque
504 2495 728 2540 magistralis
744 2497 955 2538 auctoritas,
974 2497 1150 2539 temporis
1162 2501 1198 2531 et
1221 2496 1386 2532 doctrine
1411 2498 1605 2532 maturitas
1628 2509 1671 2532 ac
1696 2498 1781 2532 fidei

133 2548 313 2584 catholice
329 2549 500 2585 firmitas.
523 2550 595 2585 Vos
612 2551 709 2585 enim
726 2551 822 2593 estis,
845 2563 866 2586 o
882 2552 939 2586 vir
955 2551 1170 2592 orthodoxe,
1190 2551 1251 2585 lux
1275 2551 1385 2586 huius
1403 2553 1575 2596 regionis,
1594 2553 1648 2587 sal
1671 2557 1780 2594 terre,

134 2614 197 2638 vas
212 2615 364 2638 aureum
381 2609 417 2640 et
432 2612 671 2649 argenteum3
690 2617 758 2650 ego
781 2611 903 2640 autem
929 2607 1105 2649 spelunca
1128 2607 1376 2647 tenebrarum,
1396 2619 1458 2642 vas
1483 2612 1649 2650 testeum,
1677 2608 1782 2643 futile

135 2662 171 2692 et
186 2657 343 2693 faciliter
358 2659 566 2704 frangibile.
582 2659 779 2695 Vobiscum
797 2661 915 2694 oritur
932 2665 968 2694 et
983 2660 1118 2694 occidit
1138 2661 1191 2694 sol
1215 2660 1359 2695 iusticie
1384 2662 1579 2706 lumenque
1603 2663 1781 2705 veritatis,

136 2724 280 2748 mecum
307 2725 392 2749 vero
423 2715 558 2750 residet
583 2726 654 2750 nox
682 2715 890 2759 ignorantie
922 2718 1056 2758 aquue
1084 2714 1325 2759 caliginos=153
1352 2717 1507 2760 denique
1535 2723 1633 2753 terra
1664 2723 1784 2754 vestra

137 2768 271 2812 cespite
288 2769 443 2805 fecundo
459 2770 635 2805 dominici
651 2770 800 2805 seminis
816 2770 1013 2814 puritatem
1029 2775 1182 2805 centeno
1209 2771 1319 2806 refert
1343 2772 1462 2807 fructu
1476 2785 1484 2815 3
1512 2784 1592 2808 mea
1610 2785 1696 2808 vero
1712 2773 1783 2808 heu

140 2825 270 2859 obruta
286 2824 393 2859 sulcis
409 2826 535 2869 pocius
559 2825 686 2860 lolium
704 2829 766 2860 aut
784 2826 934 2861 ordeum
951 2825 1136 2870 germinat
1162 2837 1226 2869 pro
1244 2827 1438 2862 frumento.
1459 2828 1594 2863 Verum
1620 2828 1692 2872 hijs
1709 2840 1786 2873 pre-

140 2879 328 2921 termissis,
347 2885 388 2914 ut
403 2884 569 2924 suspecta
587 2881 783 2916 assentatio
800 2881 929 2925 procul
946 2881 1052 2923 absit,
1071 2881 1115 2914 ad
1140 2884 1260 2916 vestra
1285 2883 1436 2926 egregia
1459 2883 1594 2927 scripta
1613 2883 1785 2918 accedere

142 2935 341 2980 compellor
357 2947 429 2972 non
447 2936 573 2981 utique
588 2936 653 2972 illa
669 2937 917 2982 approbando,
936 2941 1044 2982 prout
1059 2947 1126 2972 nec
1143 2936 1258 2980 decet,
1275 2938 1336 2973 sed
1355 2939 1694 2982 recommendando,
1709 2949 1783 2975 non

1543 3017 1585 3051 27
