2097 3466
317 271 378 306 ‘202
1021 266 1151 302 ANNO
1178 267 1275 301 1:353

1071 394 1194 438 203.

385 511 565 555 Tweede
589 511 697 566 Izelfl
714 513 794 555 der
810 513 1059 556 veertzende
1081 525 1217 564 eeuw,
1240 513 1286 554 z'n
1308 511 1360 554 de
1380 511 1589 554 Duitsche
1609 510 1790 554 landen.
1812 509 1928 552 Aan-

321 580 554 636 teekening
577 581 640 623 uit
669 595 747 623 een
781 581 1039 638 gelijktinig
1071 579 1356 631 handschrift,
1393 579 1578 622 waaruit
1609 578 1745 635 blijkt.
1771 578 1844 622 dat
1875 578 1928 620 de

318 648 629 704 predikheeren
667 650 842 693 Walter
877 650 1108 705 Herlinger
1139 649 1389 704 (Kerlinger
1421 648 1468 690 of
1494 647 1710 704 Kerling),
1738 647 1927 689 Herman

318 717 526 761 Hetstede
556 731 608 760 en
642 717 836 761 Hendrik
868 717 1062 761 Halberti
1095 717 1302 761 elkander
1324 716 1562 773 opvolgden
1593 716 1657 759 als
1679 716 1927 772 algemeene

317 786 592 841 inquisiteurs
615 786 659 829 in
676 786 727 829 de
749 787 953 830 Duitsche
975 786 1147 831 landen.

360 888 527 924 Decimus
539 889 839 933 [praedicatorum
854 889 1085 934 provincialis
1098 888 1303 934 provinciae
1316 887 1505 933 Saxoniae]
1519 888 1587 924 fuit
1601 889 1713 924 frater
1730 888 1928 923 Walterius

317 943 528 988 Her-limem
546 943 718 988 magister
745 944 783 978 in
806 944 987 988 theologia
1015 947 1049 978 et
1077 943 1269 987 inquisitor
1295 943 1496 978 haereticae
1519 942 1716 987 pravitatis,
1734 943 1867 978 electus
1889 943 1928 978 in

317 998 474 1042 capitulo
490 998 689 1042 Rupinensi
706 1010 800 1034 anno
814 999 956 1033 Domini
971 999 1234 1034 MCCCLXIX.
1251 998 1319 1033 Hic
1332 998 1421 1033 obiit
1434 996 1664 1042 provincialis
1675 996 1714 1030 in
1727 996 1928 1040 Erphordia

317 1065 411 1087 anno
429 1053 570 1088 Domini
587 1054 874 1088 MCCCLXXIII
891 1057 926 1088 et
943 1053 1074 1087 ibidem
1092 1053 1129 1088 in
1146 1053 1255 1087 choro
1272 1054 1423 1088 fratrum
1440 1053 1609 1096 sepultus.

363 1108 579 1142 Undecimus
603 1108 671 1143 suit
694 1109 805 1143 frater
821 1109 1058 1142 Hermanmcs
1083 1108 1262 1148 Hetstede,
1289 1107 1479 1151 inquisitor
1501 1106 1701 1141 haereticae
1728 1105 1924 1151 pravitatis,

318 1163 450 1197 electus
472 1163 509 1197 in
533 1163 690 1207 capitulo
708 1163 884 1198 Sosatensi
909 1174 1003 1198 anno
1023 1163 1165 1197 Domini
1183 1162 1477 1197 MCCCLXXIV.
1497 1162 1661 1196 Mortuus
1684 1161 1722 1196 in
1744 1161 1928 1196 Avenione

319 1217 355 1250 in
372 1217 521 1251 ecelesia
537 1219 689 1252 fratrum
706 1219 863 1261 sepultus
880 1230 973 1253 anno
990 1218 1284 1253 MCCCLXXVI.

360 1272 598 1306 Duodecimus
622 1273 690 1308 fuit
713 1273 824 1307 frater
840 1273 1021 1306 Henriczcs
1043 1273 1212 1307 Halberti
1235 1273 1278 1307 de
1302 1275 1477 1307 conventu
1495 1272 1709 1316 Hywarden,
1726 1271 1928 1307 haereticae

319 1327 505 1370 pravitatis
530 1328 720 1371 inquisitor
742 1331 777 1363 et
799 1327 971 1371 magister
994 1328 1031 1362 in
1055 1327 1248 1372 theologia,
1268 1330 1407 1362 creatus
1430 1327 1468 1361 in
1489 1327 1646 1370 capitulo
1664 1326 1927 1371 Hamburgensi

315 1392 409 1417 anno
425 1383 721 1418 MCCCLXXVI.

661 1437 856 1481 Catalofflcs
878 1437 1177 1481 praedicatorum
1194 1437 1488 1481 prouincialium
1507 1439 1722 1481 provinciae
1744 1437 1927 1472 Saxoniae

703 1493 903 1536 getrokken
928 1492 981 1527 uit
1004 1504 1069 1527 een
1091 1492 1161 1527 HS.
1180 1493 1243 1526 der
1260 1495 1316 1526 14⁰
1333 1504 1443 1532 eeuW,
1462 1493 1509 1535 bij
1527 1493 1689 1527 Martene
1704 1504 1749 1528 en
1766 1493 1924 1535 Dur-and,

701 1546 945 1590 Amplz'ssima
968 1547 1138 1587 collectio,
1157 1547 1234 1581 deel
1258 1547 1318 1587 VI,
1343 1547 1408 1580 blz.
1433 1549 1507 1581 344.
1525 1566 1568 1571 —
1583 1547 1667 1582 Men
1682 1549 1782 1588 weet,
1800 1548 1860 1582 dat
1882 1549 1926 1582 de

703 1600 894 1635 Saksische
917 1601 1101 1645 provincie
1124 1602 1188 1635 der
1210 1601 1555 1644 predikheerenorde
1578 1601 1656 1636 zich
1678 1604 1713 1637 te
1735 1602 1818 1638 dien
1840 1603 1926 1645 tijde

702 1653 820 1688 schier
836 1665 922 1689 over
937 1655 980 1689 de
996 1654 1143 1699 gehccle
1159 1656 1190 1690 N
1194 1655 1409 1690 ederlanden
1424 1653 1623 1690 uitstrekte.

1048 1780 1174 1824 204.

376 1882 512 1932 1353,
539 1883 675 1939 April
699 1883 773 1933 15,
809 1882 997 1927 Keulen.
1034 1885 1163 1927 Bevel
1192 1898 1275 1927 van
1300 1885 1477 1929 Willem
1499 1885 1691 1942 Gennep,
1718 1884 1924 1929 aartsbis-

314 1951 445 2007 schop
483 1964 566 1994 van
605 1951 789 2002 Keulen,
825 1953 990 2008 gerieht
1027 1955 1092 1996 tot
1124 1953 1175 1996 de
1212 1954 1374 1997 dekens
1407 1968 1456 1997 en
1492 1957 1689 2010 pastoors
1720 1967 1807 1998 van
1838 1955 1922 2012 ziJn

311 2018 609 2070 aartsbisdom,
625 2019 802 2077 waarbij
823 2021 883 2078 hij
903 2021 992 2063 hun
1011 2022 1287 2080 voorschrijft
1305 2022 1386 2065 den
1399 2022 1480 2065 ban
1498 2023 1574 2065 der
1587 2023 1706 2066 Kerk
1723 2026 1851 2079 tegen
1870 2023 1922 2067 de

315 2088 568 2144 geestelijke
591 2088 866 2144 aanhangers
888 2089 965 2132 der
984 2089 1236 2133 Geeselaars
1259 2091 1322 2134 uit
1349 2095 1391 2135 te
1415 2092 1615 2147 spreken,
1642 2105 1694 2148 op
1717 2091 1832 2135 straf
1847 2092 1924 2135 der

316 2156 560 2212 sehorsing.
575 2181 630 2187 —
652 2157 701 2198 In
724 2171 829 2200 eene
851 2158 1032 2214 onlangs
1056 2159 1307 2215 gehoudene
1330 2160 1491 2217 synode
1514 2162 1613 2216 zegt
1634 2160 1686 2203 de
1718 2159 1923 2204 aartsbis-

315 2225 446 2280 schop
470 2225 510 2267 al
539 2225 590 2268 de
612 2226 894 2282 geestelijken
928 2240 1013 2269 van
1044 2226 1191 2270 beider
1219 2228 1381 2279 kunne,
1408 2229 1475 2271 die
1505 2233 1593 2272 met
1622 2229 1674 2272 de
1707 2234 1822 2272 seete
1847 2229 1923 2272 der

315 2293 568 2336 Geeselaars
598 2292 913 2351 betrekkingen
947 2295 1266 2348 onderhielden,
1293 2300 1336 2340 te
1369 2297 1536 2340 hebben
1559 2297 1792 2341 vermaand
1821 2311 1924 2341 over

313 2362 381 2404 die
404 2361 511 2404 zaak
532 2360 692 2405 binnen
716 2362 766 2405 de
789 2364 944 2406 maand
972 2362 1096 2407 boete
1117 2368 1161 2408 te
1182 2365 1307 2417 doen,
1336 2379 1387 2422 op
1412 2366 1525 2409 straf
1543 2380 1627 2409 van
1653 2366 1735 2409 den
1767 2366 1923 2410 kerke-

313 2430 446 2487 lijken
470 2429 568 2472 ban.
607 2429 800 2474 Enkelen
824 2431 990 2475 hebben
1013 2433 1114 2476 deze
1147 2434 1353 2490 synodale
1375 2434 1602 2491 beslissing
1633 2435 1845 2478 nochtans
1878 2435 1922 2478 in

311 2498 392 2541 den
412 2498 527 2541 wind
549 2500 769 2555 geslagen.
791 2501 972 2543 Daarom
990 2505 1159 2545 moeten
1183 2503 1233 2545 de
1256 2502 1418 2546 dekens
1436 2517 1488 2546 en
1511 2505 1722 2559 pastoors,
1744 2517 1795 2559 op
1813 2502 1929 2546 straf

314 2580 397 2609 van
417 2568 479 2610 uit
502 2567 591 2609 hun
608 2567 728 2610 ambt
749 2569 974 2624 geschorst
991 2574 1034 2612 te
1056 2571 1250 2622 worden,
1276 2571 1358 2614 den
1379 2571 1492 2614 brief
1507 2585 1589 2615 van
1613 2572 1695 2614 den
1716 2571 1921 2615 aartsbis-

314 2636 445 2690 schop
462 2635 622 2678 binnen
644 2636 695 2679 de
717 2639 832 2680 twee
849 2638 1003 2681 weken
1022 2652 1104 2681 aan
1126 2640 1166 2681 al
1189 2639 1240 2682 de
1257 2640 1540 2696 geestelijken
1559 2653 1642 2683 van
1665 2641 1755 2684 hun
1772 2639 1922 2696 gebied

313 2703 587 2747 mededeelen
610 2718 663 2747 en
686 2705 738 2747 de
760 2706 993 2763 plichtigen
1020 2706 1235 2763 openbaar
1256 2708 1300 2751 in
1323 2708 1403 2751 den
1425 2707 1509 2751 ban
1541 2709 1616 2751 der
1637 2708 1758 2751 Kerk
1779 2709 1917 2761 slaan‚

311 2771 499 2827 hetgeen
536 2777 622 2816 met
656 2773 794 2816 luider
815 2778 994 2818 stemme
1016 2789 1067 2831 op
1099 2789 1199 2819 zon·
1232 2791 1284 2819 en
1316 2776 1567 2833 feestdagen
1597 2778 1641 2820 in
1673 2777 1723 2819 de
1754 2777 1921 2820 kerken

309 2844 424 2882 meet
461 2841 790 2897 aangekondigd
827 2857 880 2886 en
918 2843 1129 2887 herhaald
1165 2845 1358 2888 worden.
1400 2847 1458 2889 De
1495 2860 1649 2889 namen
1687 2846 1763 2889 der
1798 2846 1920 2889 aldus

307 2907 657 2969 gebanvloekten
689 2911 831 2956 zullen
862 2925 945 2956 aan
979 2912 1059 2958 den
1094 2913 1410 2976 aartsbissehop
1444 2928 1691 2977 opgegeven
1722 2915 1915 2961 worden.
