2097 3466
846 217 981 252 ANNO
1009 220 1106 252 1491
1724 221 1785 254 471

154 306 234 351 capi
251 318 294 342 ac
307 306 526 343 incarcerari
540 319 583 343 ac
600 320 659 344 eos
675 309 870 346 enormiter
885 310 1034 346 diversis
1051 311 1200 352 vicibus,
1218 311 1425 347 crudelibus
1438 314 1473 347 et
1485 311 1786 348 intollerabilibus

152 362 303 397 torturis
319 362 561 407 quaestionari
581 366 616 399 et
631 365 805 400 torturari
833 365 1063 410 ipsorumque
1081 379 1280 411 processus,
1307 368 1438 411 absque
1457 367 1552 411 juris
1569 368 1694 404 ordine
1710 380 1780 404 ser-

155 420 250 459 vato,
276 418 320 452 de
335 417 441 452 dictis
456 418 605 452 torturis
623 419 722 453 nulla
745 419 871 455 habita
894 421 1089 462 mentione,
1117 422 1287 462 fecerant,
1306 434 1347 456 ac
1364 433 1424 456 eos
1440 422 1477 456 in
1493 422 1644 457 diversis
1661 423 1784 467 poenis

152 475 188 508 et
203 472 364 508 emendis
380 473 731 517 condemnaverant3
757 475 802 509 ob
823 476 919 519 quod
943 476 1037 511 idem
1063 480 1276 520 procurator
1299 481 1418 511 noster
1442 477 1622 521 generalis
1659 490 1782 513 omnes

153 527 354 572 praedictos
371 539 566 572 processus,
587 532 660 563 tam
678 529 715 563 in
733 530 835 564 curia
861 531 1001 566 comitis
1019 531 1151 566 Artes-ii
1169 543 1276 574 quam
1298 531 1334 566 in
1363 532 1464 566 curia
1487 532 1731 567 ecclesiastica
1749 534 1787 568 in

152 583 250 618 dicta
265 583 418 618 materia
434 584 614 619 valderiae
640 586 752 620 factos
775 585 954 628 abusivos,
985 587 1104 628 salsos,
1131 587 1260 627 nullos,
1287 591 1411 621 contra
1435 591 1549 622 totum
1574 588 1735 623 ordinem
1753 592 1789 624 et

152 639 304 673 formam
311 638 478 683 justitiae
495 650 558 682 per
574 640 804 675 crudelitates
826 641 1084 677 intollerabiles
1098 646 1133 676 et
1156 642 1262 676 aliter
1277 654 1384 686 quam
1402 642 1519 677 dcbite
1536 643 1646 678 factos
1663 643 1783 686 fuisse,

151 693 224 728 dici
241 704 283 727 ac
308 692 498 734 declarari,
525 705 567 728 ac
591 696 773 737 tamquam
799 696 887 730 tales
913 696 1055 740 publice
1080 697 1116 730 in
1142 701 1262 731 nostra
1286 697 1388 731 curia
1409 697 1596 741 disrumpi,
1615 699 1734 743 frangi
1751 704 1787 734 ct

150 747 317 789 lacerari,
344 747 470 782 saltem
495 759 559 792 per
589 748 717 792 ipsam,
744 761 825 784 cum
851 751 1017 785 omnibus
1050 751 1246 791 sententiis,
1274 751 1436 795 judiciis,
1469 753 1784 789 confiscationibus

151 806 328 840 bonorum
357 803 546 838 mobilium
570 807 606 839 et
628 804 869 840 immobilium
887 807 1316 850 condemnationibuscuie
1329 807 1577 851 pecuniarum,
1592 809 1784 844 exactioni-

151 860 218 895 bus
241 860 277 894 et
299 857 450 893 caeteris
474 857 555 892 aliis
586 868 677 901 quae
705 859 822 894 medio
852 871 1096 903 processuum,
1115 862 1372 895 sententiarum
1396 867 1431 895 et
1448 862 1672 905 judiciorum
1691 865 1784 899 unde

150 915 272 949 secuta
295 913 443 947 fuerunt
467 912 649 946 adnullari
673 916 708 948 et
732 914 956 955 adnihillari,
984 918 1018 950 et
1042 915 1079 950 id
1103 915 1280 956 faciendo,
1307 915 1428 950 omnia
1451 920 1486 951 et
1515 917 1660 961 singula
1690 920 1783 953 bona

150 968 300 1004 mobilia
315 971 350 1003 et
368 967 569 1002 immobilia
594 967 775 1003 dictorum
794 973 957 1004 actorum
975 970 1116 1005 ratione
1140 971 1417 1014 praemissorum
1445 976 1549 1016 capta
1572 973 1787 1008 haeredibus

150 1024 368 1068 ubicumque
393 1023 552 1064 illorum,
571 1023 633 1066 qui
660 1024 839 1060 executati
858 1026 1018 1066 fuerunt,
1037 1029 1072 1060 et
1096 1026 1243 1061 cuilibet
1260 1026 1420 1069 ipsorum
1436 1030 1598 1060 actorum
1615 1027 1654 1061 in
1678 1039 1786 1070 quan-

149 1083 227 1116 tum
249 1091 309 1114 eos
339 1079 588 1120 concernebat,
616 1078 689 1113 alia
716 1082 837 1114 autem
864 1081 957 1115 bona
988 1084 1023 1116 et
1047 1081 1279 1116 denariorum
1304 1093 1460 1116 summas
1482 1082 1649 1116 omnibus
1673 1082 1745 1117 illis
1761 1095 1782 1117 a

149 1134 280 1179 quibus
295 1136 456 1169 extortae
481 1136 517 1168 et
546 1136 692 1168 exactae
722 1134 880 1176 fuerant,
899 1135 1001 1170 reddi
1018 1139 1053 1170 et
1074 1135 1228 1177 restitui,
1255 1137 1301 1171 ad
1325 1148 1457 1180 cosque
1481 1137 1685 1172 faciendum
1706 1139 1782 1181 jam

150 1191 265 1226 dictos
281 1190 495 1225 deffensores
511 1192 547 1224 et
571 1189 768 1233 quemlibet
793 1190 954 1234 ipsorum
979 1191 1158 1235 compelli,
1185 1204 1325 1227 necnon
1342 1192 1464 1227 onmia
1488 1194 1636 1232 arresta,
1656 1203 1780 1226 manu-

151 1244 303 1280 sumsias
333 1247 369 1280 et
392 1244 651 1288 impedimenta
674 1255 782 1288 super
805 1245 1012 1290 hujusmodi
1044 1245 1146 1280 bonis
1178 1246 1293 1290 posita
1331 1246 1404 1281 suis
1434 1246 1596 1291 expensis
1625 1247 1783 1281 amoveri

149 1302 185 1335 et
207 1299 342 1343 levari3
357 1299 542 1343 dictosque
566 1302 706 1334 actores
731 1299 769 1334 in
793 1312 857 1335 suo
874 1300 1023 1342 honore,
1041 1302 1137 1336 fama
1159 1305 1195 1336 et
1217 1304 1324 1343 statu,
1351 1301 1389 1336 in
1406 1302 1537 1345 quibus
1561 1305 1643 1337 ante
1667 1302 1782 1337 dictos

151 1367 337 1400 processus
368 1357 483 1396 erant,
515 1353 654 1398 reponi,
673 1366 715 1388 ac
757 1355 958 1398 praedictos
996 1356 1211 1390 deffensores
1248 1356 1287 1391 in
1325 1357 1424 1397 locis,
1451 1356 1489 1390 in
1528 1356 1658 1400 quibus
1695 1356 1784 1391 dicti

145 1410 388 1452 condemnati,
406 1409 585 1446 executati
602 1412 638 1445 et
655 1409 789 1445 caeteri
805 1410 868 1445 alii
887 1410 1097 1454 praedicati,
1116 1412 1328 1447 sealfaudati
1345 1416 1380 1447 et
1403 1411 1556 1447 mittrati
1573 1412 1728 1454 fuerant,
1747 1415 1783 1447 et

144 1467 182 1502 in
195 1468 274 1503 loco
290 1466 495 1512 principali,
510 1466 549 1500 in
562 1478 632 1510 quo
647 1466 847 1509 praedicati
859 1467 1081 1509 exstiterant,
1097 1479 1207 1502 unam
1231 1480 1374 1503 crucem
1391 1468 1569 1512 lapideam
1582 1468 1621 1502 in
1633 1467 1778 1512 signum

143 1525 339 1567 perpetuae
366 1522 574 1563 memoriae,
604 1521 643 1556 in
670 1532 742 1564 qua
766 1533 870 1556 casus
899 1522 1139 1566 reparationis
1162 1524 1401 1565 contineatur,
1421 1522 1580 1558 construi
1605 1526 1641 1558 et
1665 1523 1778 1568 erigi3

144 1577 394 1623 praefatosque
411 1577 626 1612 deffensores
641 1577 753 1610 laicos
777 1588 892 1620 poena
916 1577 1095 1621 corporali
1119 1581 1154 1612 et
1182 1578 1327 1621 publiea
1355 1579 1552 1613 secundum
1579 1589 1682 1612 casus
1709 1578 1781 1612 exi-

145 1633 308 1678 gentium
325 1632 448 1677 puniri
463 1645 471 1676 3
489 1631 545 1666 sin
560 1634 681 1666 autem
706 1632 815 1666 etiam
840 1631 879 1666 in
902 1631 999 1667 dicta
1023 1632 1125 1666 curia
1150 1637 1271 1668 nostra
1294 1633 1332 1667 in
1359 1633 1458 1674 locis,
1484 1633 1523 1667 in
1547 1634 1677 1676 quibus
1693 1634 1781 1669 dicti

145 1688 279 1722 abusus
294 1688 441 1722 fuerunt
458 1686 653 1731 perpetrati
667 1689 702 1720 et
718 1686 910 1728 commissi,
930 1688 1117 1722 emendam
1134 1688 1383 1723 honorabilem
1396 1688 1613 1730 faciendum,
1630 1688 1782 1724 dicendo

143 1745 180 1778 et
197 1743 411 1787 proferendo
429 1743 525 1786 quod
542 1742 610 1786 ipsi
626 1742 727 1782 falso,
744 1741 871 1785 inique
888 1754 930 1776 ac
947 1742 1054 1777 aliter
1070 1754 1177 1786 quam
1194 1743 1313 1779 debite
1329 1743 1553 1787 supradictos
1569 1755 1732 1779 excessus
1747 1748 1784 1780 et

145 1799 279 1833 abusus
295 1799 467 1839 fecerant,
483 1796 738 1832 commiserant
753 1800 788 1831 et
803 1799 1112 1843 perpetraverant,
1131 1801 1165 1833 et
1182 1799 1226 1833 ob
1243 1799 1312 1833 hoc
1329 1799 1415 1840 Deo,
1435 1798 1549 1840 nobis,
1559 1799 1729 1844 justiciae
1745 1803 1781 1835 et

144 1853 250 1888 dictis
268 1852 452 1888 actoribus
470 1864 513 1887 ac
536 1851 752 1886 haeredibus
768 1855 1040 1887 executatorum
1066 1853 1208 1887 veniam
1226 1854 1459 1897 exposcendo‚
1477 1856 1513 1888 et
1540 1865 1605 1897 pro
1632 1855 1783 1889 emenda

146 1908 228 1944 utili
241 1908 357 1944 dictos
373 1908 599 1948 deffensores,
614 1910 649 1942 et
665 1906 862 1949 quemlibet
878 1906 1039 1951 ipsorum
1069 1908 1265 1943 insolidum
1283 1908 1322 1943 in
1345 1909 1467 1943 decem
1485 1908 1641 1944 millium
1665 1912 1780 1945 scuto-

144 1975 226 1999 rmn
254 1963 336 1998 auri
360 1974 501 1998 summa
537 1974 626 2006 erga
663 1973 738 2003 nOS,
769 1966 803 1997 et
833 1962 879 1997 ad
910 1963 1106 1998 tenendum
1138 1975 1319 1999 carcerem
1354 1965 1546 1999 fermatum
1585 1976 1697 2009 usque
1735 1966 1781 2000 ad

144 2015 345 2061 plenariam
373 2015 655 2051 satisfactionem
679 2018 714 2050 et
738 2016 1041 2059 complementum
1066 2016 1358 2060 praemissorum,
1377 2020 1471 2052 etex
1495 2017 1670 2053 beneficio
1693 2015 1781 2053 dicti

144 2070 390 2116 procuratoris
406 2069 518 2105 nostri
532 2069 712 2114 generalis
726 2070 771 2104 ad
783 2069 821 2104 in
835 2069 933 2105 dieta
947 2071 1098 2106 ecelesia
1111 2071 1310 2106 cathedrali
1324 2072 1550 2106 Atrebatensi
1564 2072 1780 2117 quingentas

144 2127 282 2168 missas,
301 2138 455 2171 quarum
472 2129 543 2161 tres
556 2126 629 2160 alta
645 2137 744 2167 voce,
764 2126 879 2161 altera
896 2138 982 2161 voce
996 2127 1173 2161 submissa
1188 2126 1314 2162 diebus
1326 2127 1399 2161 illis
1411 2127 1540 2171 quibus
1553 2129 1782 2165 condemnati

144 2182 273 2218 ultimo
289 2181 467 2226 supplicio
483 2180 662 2216 executati
679 2182 835 2222 fuerant,
861 2181 934 2216 dici
957 2185 993 2217 et
1017 2182 1193 2216 celebrari
1217 2182 1432 2224 faciendum,
1460 2194 1600 2218 necnon
1623 2184 1662 2219 in
1681 2184 1778 2220 dicta

165 2237 295 2273 eclesia
319 2248 429 2272 unam
446 2236 684 2280 capellaniam
707 2235 893 2277 calicibus,
913 2236 1047 2281 cappis,
1067 2237 1198 2271 casulis
1221 2240 1256 2272 et
1279 2237 1430 2272 caeteris
1453 2237 1533 2272 aliis
1557 2239 1777 2274 ornamentis

144 2293 354 2329 decentibus
385 2293 564 2328 munitam
594 2293 814 2328 fundandam
846 2304 889 2328 ac
920 2293 1021 2327 illam
1049 2293 1093 2328 de
1127 2296 1271 2329 centum
1303 2293 1479 2328 librarum
1510 2293 1629 2328 reditu
1659 2293 1779 2329 debite

144 2348 377 2384 admortisato
401 2349 607 2389 dotandam,
623 2360 688 2392 pro
715 2348 754 2383 in
771 2360 813 2383 ea
826 2348 985 2392 qualibet
1003 2348 1061 2383 die
1079 2360 1187 2383 unam
1205 2348 1349 2383 missam
1373 2350 1418 2383 ob
1443 2349 1620 2384 dictorum
1637 2349 1782 2384 defunc-

144 2406 264 2439 torum
280 2403 486 2437 animarum
509 2403 662 2438 salutem
690 2406 725 2438 et
750 2402 951 2437 remedium
975 2403 1146 2446 dicendo;
1163 2403 1258 2438 etad
1282 2403 1415 2438 eisdem
1439 2403 1616 2438 defunctis
1640 2406 1675 2438 et
1698 2403 1780 2438 aliis

144 2458 327 2494 actoribus
350 2458 554 2493 viventibus
577 2469 638 2493 seu
663 2470 788 2493 eorum
805 2457 1021 2493 haeredibus
1037 2470 1159 2493 omnes
1175 2459 1405 2493 denariorum
1423 2470 1580 2493 summas
1596 2470 1703 2502 super
1718 2470 1777 2493 eas

145 2516 279 2558 captas,
313 2516 465 2554 exertas,
499 2516 656 2547 extortas
686 2517 721 2548 et
752 2513 887 2547 levatas
920 2513 1141 2548 reddendum
1171 2516 1206 2548 et
1240 2513 1501 2548 restituendum
1531 2513 1775 2552 condemnari,

145 2567 432 2612 supradictisque
460 2567 606 2602 vicariis
634 2567 722 2602 dicti
749 2567 906 2611 episcopi
933 2567 1178 2602 Atrebatensis
1202 2579 1243 2602 ac
1268 2568 1434 2602 omnibus
1461 2567 1542 2602 aliis
1569 2570 1604 2602 et
1627 2567 1776 2602 cuilibet

144 2623 317 2666 ipsorum,
330 2633 375 2657 ne
386 2621 453 2666 ipsi
469 2633 491 2656 a
507 2622 612 2656 modo
629 2621 779 2657 torturis
792 2621 1130 2666 quaestionibusque
1142 2622 1357 2666 supradictis
1371 2625 1568 2663 uterentur,
1580 2622 1646 2657 sub
1660 2633 1774 2666 poena

145 2679 289 2712 centum
306 2688 512 2711 marcarum
529 2676 610 2711 auri
623 2676 724 2711 nobis
748 2677 1046 2721 applicandarum
1062 2676 1218 2711 inhiberi
1235 2680 1271 2712 et
1285 2677 1439 2712 defendi.

189 2731 365 2766 Dicebant
377 2731 529 2766 ulterius
542 2731 745 2774 praedictae
759 2734 877 2775 partes
890 2731 976 2766 hinc
993 2731 1076 2766 inde
1092 2735 1165 2766 tam
1182 2731 1414 2776 repplicando
1430 2743 1538 2776 quam
1554 2731 1772 2776 duplicando

146 2787 253 2831 plura
275 2787 371 2821 facta
393 2789 428 2821 et
454 2786 611 2820 rationes
635 2786 680 2821 ad
704 2786 927 2830 supradictos
957 2787 1045 2820 fines
1069 2797 1132 2830 per
1157 2798 1217 2821 eos
1244 2787 1502 2827 concludendo,
1521 2798 1629 2831 super
1643 2786 1773 2831 quibus

147 2841 311 2886 partibus
332 2840 419 2885 ipsis
450 2852 513 2884 per
536 2841 669 2875 dictam
693 2841 832 2876 curiam
857 2845 1016 2876 nostram
1039 2841 1083 2876 ad
1108 2842 1254 2885 plenum
1277 2841 1363 2876 hinc
1387 2841 1469 2876 inde
1485 2841 1629 2883 auditis,
1647 2842 1771 2877 eadem

148 2896 251 2932 curia
267 2899 388 2931 nostra
404 2895 519 2931 dictas
535 2899 653 2941 partes
669 2897 714 2932 ad
731 2897 999 2941 producendum
1018 2908 1124 2941 penes
1139 2908 1218 2932 eam
1234 2896 1406 2941 quicquid
1429 2898 1626 2941 producere
1641 2897 1771 2933 vellent
