2097 3466
816 243 948 278 ANNO
976 245 1073 278 1311
1703 243 1763 275 165

131 337 359 373 extendentes
375 337 427 371 sic
450 336 631 372 interdum
649 337 825 372 excedunt
841 349 903 371 sue
922 335 1103 380 potestatis
1117 334 1289 375 officium,
1306 337 1346 368 ut.
1362 335 1456 377 quod
1473 334 1509 368 in
1527 336 1761 378 augmentum

131 392 214 427 fidei
239 403 303 436 per
317 391 614 435 circumspectam
632 392 789 427 eiusdem
806 393 899 426 sedis
924 390 1151 435 vigilantiam
1177 388 1375 423 salubriter
1398 392 1450 423 est
1467 389 1661 432 provisum,
1676 389 1761 423 dum

130 448 196 482 sub
219 447 361 491 pietatis
383 446 501 490 specie
524 449 723 489 gravantur
748 447 896 487 innoxii,
924 447 1027 480 cedat
1060 445 1097 479 in
1123 444 1284 479 fidelium
1311 443 1579 478 detrimentum.
1607 444 1760 486 Propter

131 503 226 546 quod
255 502 301 536 ad
332 501 395 536 Dei
423 501 578 545 gloriam
606 504 642 536 ct
669 504 902 545 augmentum
931 501 1089 544 ejusdem
1119 499 1200 533 fidei
1232 502 1271 532 ut
1299 498 1487 542 negocium
1513 498 1760 541 Inquisitionis

130 556 336 602 hujusmodi
352 568 394 591 eo
411 559 640 600 prosperetur
656 556 798 591 felicius
815 568 885 600 quo
902 556 1067 600 deinceps
1085 555 1242 598 ejusdem
1264 552 1396 587 laboris
1418 553 1550 597 indago
1566 553 1760 594 solemnius,

129 611 340 657 diligentius
363 614 398 646 et
421 610 563 646 cautius
589 614 793 655 peragetur,
821 611 936 654 ipsam
961 614 1032 645 tam
1060 621 1123 654 per
1145 609 1362 652 dyocesanos
1378 607 1560 651 episcopos
1577 619 1681 650 quam
1702 618 1764 650 per

130 668 360 713 inquisitores
382 680 404 702 a
427 667 509 702 sede
532 667 729 710 apostolica
745 668 946 711 deputatos,
965 666 1061 701 omni
1077 665 1212 700 carnali
1239 676 1372 704 amore,
1391 662 1473 697 odio
1498 663 1551 696 vel
1566 662 1694 696 timore
1719 673 1760 695 ac

129 721 323 767 cujuslibet
345 721 523 756 commodi
548 721 755 765 temporalis
779 721 967 756 affcctione
990 720 1145 761 semotis,
1164 718 1390 754 decernimus
1406 717 1564 752 exerceri
1589 717 1640 751 sic
1663 717 1759 760 quod

129 777 282 823 quilibet,
297 777 341 812 de
358 776 528 821 predictis
551 776 628 811 sine
652 776 724 811 alio
742 776 853 811 citare
877 776 987 820 possit
1009 779 1043 810 et
1067 777 1245 810 arrestare
1260 773 1334 808 sive
1350 784 1477 816 capere
1493 783 1536 806 ac
1551 774 1627 807 tute
1643 774 1758 806 custo—

128 832 187 868 die
212 831 419 876 mancipare
442 831 607 876 ponendo
631 831 741 866 etiam
769 831 806 865 in
832 831 1064 875 compedibus
1087 830 1142 864 vel
1166 828 1316 863 manicis
1342 826 1478 868 ferreis
1515 826 1544 860 si
1568 825 1619 860 eis
1643 825 1758 860 visum

128 887 238 923 suerit
260 886 476 927 faciendum,
508 897 616 930 super
647 898 718 929 quo
747 885 858 930 ipsius
886 885 1141 920 conscientiam
1169 895 1371 924 oneramuS‚
1405 892 1544 916 necnon
1575 880 1760 924 inquirere

129 945 255 979 contra
281 942 362 977 illos
388 942 432 976 de
460 941 590 985 quibus
623 953 688 985 pro
716 941 925 987 hujusmodi
957 940 1117 985 negociis
1148 939 1345 974 secundum
1376 938 1491 972 Deum
1518 939 1554 971 et
1574 935 1760 980 justiciam

127 997 260 1033 viderit
284 996 476 1041 expedire3
506 995 597 1030 duro
620 998 741 1031 tamen
770 996 912 1031 tradere
941 995 1078 1030 carceri
1107 994 1182 1029 sive
1208 996 1298 1035 arto,
1329 992 1391 1037 qui
1417 990 1534 1036 magis
1561 991 1607 1025 ad
1632 1001 1761 1034 penam

129 1063 238 1098 quam
265 1051 311 1086 ad
338 1049 539 1085 custodiam
563 1049 740 1092 videatur,
767 1050 824 1085 vel
847 1049 1035 1085 tormentis
1065 1059 1242 1093 exponere
1266 1047 1347 1082 illos
1377 1049 1441 1082 aut
1470 1046 1516 1081 ad
1542 1044 1761 1080 sentenciam

128 1106 321 1152 procedere
347 1107 472 1141 contra
501 1117 572 1146 005,
603 1104 790 1149 episcopus
821 1105 898 1140 sine
930 1104 1143 1149 inquisitore
1174 1106 1238 1139 aut
1264 1101 1457 1146 inquisitor
1486 1100 1564 1136 sine
1594 1100 1760 1145 episcopo

126 1164 326 1207 dyocesano
342 1163 406 1196 aut
428 1163 505 1204 ejus
532 1161 678 1196 officiali
702 1162 770 1202 vel,
789 1161 983 1205 episcopali
1008 1161 1089 1195 sede
1106 1162 1267 1200 vocante,
1287 1156 1437 1202 capituli
1460 1167 1568 1200 super
1583 1156 1652 1190 hoc
1667 1155 1760 1190 dele—

127 1219 225 1263 gato,
242 1216 273 1250 si
296 1215 353 1251 sui
377 1216 580 1252 adinvicem
605 1216 746 1261 copiam
769 1217 902 1251 habere
927 1216 1080 1257 valeant,
1100 1215 1196 1249 infra
1219 1216 1298 1249 octo
1322 1213 1463 1248 dierum
1487 1210 1648 1255 spacium
1670 1213 1761 1255 post—

127 1283 235 1317 quam
265 1282 302 1306 se
333 1270 489 1306 invicem
520 1271 764 1315 requisierint,
799 1283 871 1306 non
902 1270 1059 1313 valebit3
1092 1273 1138 1311 et,
1171 1269 1202 1304 si
1233 1280 1334 1304 secus
1361 1269 1608 1312 presumptum
1639 1265 1760 1307 fuerit,

127 1327 270 1363 nullum
285 1325 332 1362 sit
347 1329 383 1361 et
398 1325 546 1361 irritum
559 1325 636 1369 ipso
645 1327 742 1370 jure.
759 1325 895 1360 Verum
914 1325 942 1359 si
956 1324 1144 1369 episeopus
1159 1324 1217 1358 vel
1232 1326 1310 1367 eJus
1326 1321 1488 1366 capituli,
1500 1321 1582 1356 sede
1597 1323 1759 1361 vacante,

126 1382 312 1426 delegatus
336 1392 418 1415 cum
442 1380 659 1424 inquisitore
682 1384 746 1416 aut
762 1380 956 1424 inquisitor
973 1391 1055 1414 cum
1072 1380 1186 1415 altero
1203 1378 1410 1414 eorumdem
1428 1379 1573 1420 propter
1589 1374 1762 1419 premissa

126 1439 280 1480 nequeat
303 1439 367 1471 aut
390 1435 481 1471 nolit
505 1435 744 1480 personaliter
760 1435 965 1476 convenire,
984 1434 1094 1479 possit
1117 1434 1304 1478 episcopus
1327 1433 1385 1468 vel
1407 1434 1484 1477 ejus
1508 1443 1570 1466 seu
1594 1430 1756 1475 capituli,

126 1491 208 1526 sede
231 1494 393 1532 vacante,
411 1491 598 1536 delegatus
622 1490 831 1534 inquisitori
855 1493 891 1525 et
915 1489 1108 1534 inquisitor
1131 1488 1297 1533 episcopo
1321 1488 1378 1523 vel
1402 1489 1478 1532 eJus
1501 1487 1666 1530 delegato
1682 1497 1756 1527 seu,

125 1547 208 1583 sede
219 1550 381 1588 vacante,
399 1547 455 1582 illi
472 1547 534 1591 qui
551 1547 597 1582 ad
614 1547 684 1582 hoc
696 1558 761 1591 per
773 1546 972 1590 capitulum
985 1545 1096 1581 fuerit
1106 1545 1310 1589 deputatus,
1324 1554 1432 1587 super
1446 1541 1519 1577 illis
1535 1540 1758 1577 committere

126 1601 223 1638 vices
238 1614 322 1637 suas
333 1603 391 1637 vel
407 1614 512 1637 suum
528 1602 736 1647 significare
753 1613 816 1646 per
832 1601 970 1637 litteras
986 1600 1177 1635 consilium
1193 1602 1228 1635 et
1245 1609 1468 1635 consensum.

173 1657 268 1693 Sane
295 1657 380 1701 quia
407 1657 506 1692 circa
534 1658 734 1692 custodiam
762 1668 948 1692 carcerum
976 1655 1238 1697 hereticalium‚
1265 1655 1328 1699 qui
1355 1655 1451 1690 muri
1477 1654 1516 1690 in
1544 1654 1759 1698 quibusdam

128 1712 292 1758 partibus
307 1713 509 1758 vulgariter
526 1715 798 1757 nuncupantur,
812 1712 945 1747 multas
957 1712 1101 1747 fraudes
1117 1711 1254 1745 dudum
1267 1710 1509 1745 intelleximus
1525 1712 1757 1755 perpetratas,

127 1779 191 1804 nos
207 1768 367 1803 volentes
390 1779 498 1812 super
523 1769 592 1803 hoc
620 1768 810 1812 providere
827 1767 1018 1803 statuimus
1046 1769 1087 1802 ut
1112 1766 1263 1810 quilibet
1285 1765 1367 1801 talis
1391 1777 1515 1801 carcer
1537 1766 1595 1800 vel
1621 1777 1758 1806 murus,

126 1835 233 1868 quem
255 1824 420 1858 decetero
444 1822 610 1867 episcopo
635 1826 672 1858 et
695 1821 903 1866 inquisitori
928 1821 1099 1866 predictis
1122 1821 1288 1856 volumus
1314 1821 1391 1855 fore
1414 1831 1652 1861 communem,
1670 1820 1761 1854 duos

126 1879 289 1915 custodes
312 1879 443 1914 habeat
466 1879 687 1923 principales
711 1878 893 1919 discretos,
920 1877 1156 1912 industriosos
1180 1879 1216 1912 et
1238 1877 1372 1917 fideles,
1398 1887 1512 1911 unum
1536 1886 1642 1919 quem
1665 1875 1762 1910 volet

125 1935 313 1980 episcopus
340 1937 376 1970 et
401 1934 606 1978 providebit
634 1934 761 1975 eidem,
790 1933 976 1976 aliumque
1003 1933 1047 1968 de
1073 1944 1143 1977 quo
1171 1932 1328 1968 voluerit
1355 1930 1560 1975 inquisitor,
1575 1930 1635 1965 cui
1650 1930 1759 1966 etiam

126 1990 352 2036 providebit3
381 1992 417 2024 et
444 1988 597 2032 quilibet
625 1988 871 2033 predictorum
899 1988 1087 2022 custodum
1119 1987 1185 2021 sub
1212 1998 1250 2022 se
1276 1986 1389 2021 alium
1420 1987 1554 2021 bonum
1582 1988 1617 2021 et
1647 1986 1760 2020 fidum

126 2046 260 2092 poterit
283 2046 416 2080 habere
432 2044 640 2079 ministrum
654 2056 663 2087 ς
690 2043 729 2078 in
745 2043 906 2086 quolibet
922 2042 1030 2078 etiam
1047 2041 1210 2077 conclavi
1227 2042 1386 2087 ejusdem
1403 2041 1559 2077 carceris
1575 2041 1650 2076 sive
1665 2041 1762 2076 muri

126 2104 235 2137 erunt
255 2101 327 2136 due
350 2101 468 2135 claves
491 2100 643 2140 diverse,
663 2110 817 2143 quarum
842 2109 951 2133 unam
969 2109 1074 2139 unuS,
1101 2097 1211 2132 aliam
1234 2097 1328 2132 alius
1355 2096 1491 2132 tenebit
1517 2095 1762 2141 predictorum

127 2156 315 2191 custodum
341 2158 377 2190 et
400 2166 489 2189 cura
504 2167 587 2190 cum
613 2155 732 2190 officio
749 2153 978 2188 ministrandi
1002 2164 1071 2196 que
1095 2152 1327 2187 incarceratis
1351 2151 1485 2187 fuerint
1509 2151 1759 2193 ministranda,

126 2222 192 2246 suo
222 2209 355 2254 poterit
385 2209 610 2245 committere
641 2211 699 2244 vel
729 2209 967 2253 subdelegare
996 2207 1175 2243 ministro.
1209 2208 1324 2242 Porro
1356 2218 1477 2242 coram
1508 2206 1673 2250 episcopo
1704 2207 1761 2242 vel

127 2265 298 2310 capitulo,
328 2265 411 2300 sede
437 2267 602 2306 vacante,
631 2267 666 2300 et
695 2264 909 2309 inquisitore
937 2263 1107 2308 predictis
1135 2263 1191 2297 vel
1218 2262 1420 2297 substitutis
1447 2262 1491 2296 ab
1519 2261 1570 2296 eis
1597 2261 1761 2296 custodes

128 2319 337 2365 supradicti,
353 2323 546 2364 antequam
560 2332 665 2355 suum
684 2319 843 2355 officium
859 2322 1093 2362 exequentur,
1107 2319 1285 2363 jurabunt
1297 2318 1343 2352 ad
1354 2320 1477 2353 sancta
1494 2317 1559 2352 Dei
1572 2317 1761 2361 evangelia

128 2375 364 2420 corporaliter
391 2387 413 2410 a
441 2387 478 2411 se
507 2378 604 2411 tacta
632 2377 727 2420 quod
759 2375 799 2410 in
826 2374 989 2410 custodia
1014 2377 1241 2409 muratorum
1268 2376 1304 2409 et
1330 2374 1485 2408 aliorum
1516 2383 1580 2416 pro
1608 2371 1760 2407 crimine

127 2431 335 2476 supradicto
357 2430 396 2465 in
419 2442 485 2466 sua
501 2431 666 2466 custodia
683 2431 883 2475 positorum
900 2432 935 2465 et
951 2430 1199 2474 ponendorum
1215 2440 1357 2464 omnem
1373 2427 1599 2473 diligentiam
1615 2430 1651 2462 et
1666 2427 1762 2463 solli-

129 2486 325 2522 citudinem
351 2497 459 2530 quam
485 2489 668 2530 poterunt,
688 2485 842 2521 fideliter
867 2485 1092 2519 adhibebunt
1114 2487 1150 2519 et
1173 2484 1268 2528 quod
1291 2484 1400 2519 alicui
1424 2483 1647 2518 incarcerato
1670 2481 1764 2517 nihil

129 2553 221 2578 unus
234 2541 272 2576 in
287 2543 424 2576 secreto
448 2541 618 2584 loquetur
635 2541 722 2586 quin
739 2541 808 2576 hoc
824 2540 950 2575 audiat
965 2540 1057 2575 alter
1073 2542 1190 2574 eustos
1204 2552 1213 2583 3
1232 2542 1267 2575 et
1283 2540 1379 2583 quod
1396 2537 1634 2583 provisionem
1652 2548 1760 2581 quam

128 2595 343 2632 incarcerati
358 2596 540 2640 recipiunt
557 2609 600 2632 ex
614 2596 840 2632 ordinatione
858 2594 1043 2630 communi
1060 2597 1094 2630 et
1107 2595 1198 2630 illud
1215 2595 1309 2639 quod
1326 2606 1347 2629 a
1363 2593 1570 2638 parentibus
1587 2595 1621 2627 et
1637 2591 1762 2627 amicis

128 2652 186 2686 vel
215 2651 296 2686 aliis
323 2651 484 2695 personis
520 2652 686 2687 fidelibus
723 2653 894 2687 offeretur
928 2651 1073 2691 eisdem,
1107 2650 1175 2684 nisi
1207 2650 1362 2694 episcopi
1394 2652 1429 2684 et
1456 2647 1679 2693 inquisitoris
1706 2647 1763 2682 vel

128 2718 275 2742 suorum
299 2706 632 2742 commissariorum
656 2707 836 2742 ordinatio
861 2707 1077 2750 resi-agetur,
1106 2705 1191 2749 ipsis
1215 2705 1368 2740 fideliter
1394 2708 1429 2739 et
1451 2706 1583 2749 absque
1607 2704 1762 2740 diminu-

129 2761 226 2796 tione
242 2760 365 2805 aliqua
381 2762 639 2798 ministrabunt
665 2775 728 2798 nec
752 2763 787 2797 in
811 2763 867 2796 liis
890 2762 1052 2795 fraudem
1069 2761 1227 2805 aliquam
1244 2761 1476 2795 adhibebunt.
1499 2761 1542 2795 Et
1558 2761 1651 2796 idem
1663 2763 1762 2804 jura-

128 2822 289 2854 mentum
305 2821 342 2854 et
357 2830 480 2853 coram
497 2820 631 2855 eisdem
651 2819 810 2864 personis
827 2818 982 2853 ministri
1008 2819 1209 2859 custodum,
1228 2818 1436 2862 priusquam
1453 2827 1556 2850 suum
1574 2817 1765 2850 exerceant

130 2874 300 2916 officium,
320 2875 552 2910 exhibebunt.
573 2876 618 2911 Et
642 2876 728 2920 quia
751 2887 832 2919 sepe
856 2872 1036 2918 contingit
1060 2873 1242 2917 episcopos
1267 2872 1430 2917 proprios
1452 2871 1584 2905 habere
1601 2881 1763 2905 carceres

133 2930 204 2967 sibi
218 2933 254 2967 et
268 2930 375 2968 dictis
398 2931 673 2978 inquisitoribus
697 2943 768 2968 non
792 2940 1013 2972 communcS,
1039 2929 1204 2965 volumus
1227 2930 1263 2966 et
1288 2927 1449 2964 districte
1476 2925 1704 2973 precipimus,
1723 2928 1764 2962 ut
