2097 3466
836 248 970 283 ANNO
998 250 1097 283 1235
1747 251 1790 284 99

146 356 291 395 waan,
319 356 402 386 aan
426 341 644 395 Lambert,
672 346 820 399 proost
859 344 937 387 der
968 344 1351 389 St—Martenskerk
1374 347 1414 388 te
1448 345 1646 401 Ieperen,
1687 359 1790 388 over

147 413 223 456 het:
256 412 596 455 onderdrnkken
633 427 717 455 van
740 413 992 457 kettersche
1017 419 1279 470 gewoonten
1304 414 1441 457 onder
1465 414 1541 457 het
1578 414 1681 457 volk
1705 429 1790 458 van

147 483 209 526 dit
231 485 415 539 gewest.
440 507 493 514 -κ
520 484 577 524 De
613 481 812 538 bisschop
846 489 946 539 zegt
980 484 1172 540 gehoord
1195 489 1238 527 te
1263 482 1447 534 hebben,
1476 484 1550 526 dat
1584 485 1791 541 sommige

145 553 439 608 parochianen
460 566 543 594 van
569 552 749 608 Ieperen
776 566 827 594 en
848 553 1123 609 omliggende
1147 553 1325 596 streken
1347 553 1463 595 nooit,
1497 553 1544 595 of
1563 555 1714 597 zelden
1739 556 1790 597 (le

146 620 257 664 kerk
281 621 498 664 bezoeken
519 635 573 663 en
596 621 690 664 zich
716 623 863 665 vooral
884 623 1135 665 onthouden
1161 637 1212 678 op
1247 623 1298 665 de
1322 623 1462 677 dagen
1487 624 1550 665 als
1574 638 1621 665 er
1644 638 1794 680 gepre-

145 691 242 735 dikt
268 691 428 734 wordt.
455 692 514 733 De
548 695 696 746 proost
720 694 835 734 moet
870 692 912 733 in
937 693 976 734 al
1013 692 1064 734 de
1087 691 1254 734 kerken
1290 693 1340 734 de
1365 692 1650 747 ingezetenen
1676 694 1793 736 laten

146 774 385 804 vermanen
409 760 533 802 zulks
558 761 650 802 niet
674 774 792 803 meer
809 765 852 804 te
871 761 984 804 doen
1002 762 1163 804 zonder
1180 761 1353 818 geldige
1372 761 1544 803 redens.
1568 763 1789 818 Degenen,

146 831 213 873 die
236 844 342 872 voor
365 830 467 872 deze
491 829 751 885 vermaning
775 830 879 872 doof
896 830 1039 874 zullen
1064 830 1228 888 blijven
1253 846 1305 874 en
1331 831 1546 873 daardoor
1583 836 1627 874 te
1667 833 1795 875 recht

145 914 230 942 van
252 899 427 955 ketterij
453 898 633 941 kunnen
659 900 868 943 verdacht
902 901 1098 952 worden,
1127 904 1297 944 moeten
1332 900 1375 943 in
1401 900 1482 942 den
1517 900 1793 958 kerkelijken

146 968 232 1012 ban
250 968 429 1012 worden
454 968 680 1025 geslagen.

192 1061 364 1106 P[etrus]‚
390 1061 455 1096 Dei
473 1061 594 1106 grat-ia
609 1061 828 1096 Morinensis
845 1063 1046 1106 episcopus,
1065 1062 1264 1097 venerabili
1282 1062 1361 1097 viro
1384 1066 1420 1098 et:
1444 1063 1636 1098 karissimo
1665 1076 1729 1100 suo
1755 1065 1792 1099 in

147 1117 291 1153 Christo
308 1116 530 1161 L[ambcrto]
548 1117 702 1161 Yprensi
729 1118 923 1161 preposito,
942 1119 1095 1153 salutem
1112 1122 1148 1153 et
1164 1118 1342 1153 sinceram
1361 1119 1399 1153 in
1417 1119 1571 1154 Domino
1589 1120 1790 1156 caritatem.

190 1174 245 1209 Ad
259 1172 483 1207 audientiam
496 1176 657 1208 nostram
675 1173 848 1208 noveritis
862 1174 1079 1217 pervenisse,
1095 1174 1190 1217 quod
1205 1173 1351 1217 quidam
1366 1186 1409 1208 ex
1423 1175 1654 1217 parochianis
1668 1176 1796 1211 vestris

145 1229 248 1273 quasi
273 1240 338 1272 pro
364 1228 624 1263 consuetudine
640 1229 775 1263 habent
798 1232 838 1263 ut
853 1230 899 1263 ad
923 1229 1092 1263 ecclesias
1110 1241 1191 1263 suas
1208 1241 1292 1263 raro
1310 1230 1365 1264 vel
1395 1241 1580 1273 nunquam
1597 1232 1745 1266 veniant
1761 1234 1796 1266 et

144 1285 216 1319 hiis
233 1284 359 1319 diebus
376 1296 435 1319 eas
452 1284 609 1318 maxime
625 1284 771 1325 evitent,
793 1284 925 1328 quibus
953 1284 1133 1328 predicari
1163 1284 1350 1319 consuevit
1378 1285 1510 1328 populo
1535 1287 1685 1320 verbum
1715 1287 1793 1321 Dei.

148 1340 243 1381 Quia
259 1351 344 1374 vero
362 1341 584 1374 consuetudo
602 1340 669 1374 ista
686 1340 983 1384 reprehensibilis
1000 1341 1103 1375 valde
1116 1344 1149 1375 et
1167 1341 1370 1384 periculosa
1383 1352 1457 1375 esse
1482 1342 1685 1377 dinoscitur
1701 1346 1736 1377 et
1752 1354 1795 1377 ex

148 1407 190 1431 ea
214 1396 311 1443 mala
327 1395 554 1439 gravissima,
575 1396 602 1429 si
618 1396 816 1437 duraverit,
838 1396 1021 1431 nascitura
1040 1408 1111 1431 non
1135 1396 1317 1430 immerito
1342 1396 1595 1437 formidentur,
1615 1397 1715 1431 vobis
1736 1398 1794 1431 fir-

146 1451 256 1486 miter
284 1450 509 1495 injungendo
534 1452 760 1492 mandaan
788 1451 958 1495 quatinus
983 1451 1021 1485 in
1049 1452 1216 1486 omnibus
1241 1451 1423 1495 parochiis
1445 1451 1667 1494 Yprensibus
1692 1463 1794 1496 paro-

148 1506 297 1540 chianos
314 1508 450 1540 vestros
468 1506 611 1549 publice
636 1518 783 1541 monere
812 1506 965 1547 faciatis,
986 1510 1025 1541 ut
1050 1507 1183 1551 singuli
1214 1519 1340 1541 eorum
1369 1507 1524 1550 singulis
1541 1506 1740 1540 Dominicis
1762 1510 1797 1541 et

149 1561 287 1597 festivis
315 1561 441 1596 diebus
466 1562 511 1595 ad
539 1561 703 1604 proprias
731 1561 901 1595 ecclesias·
930 1561 1077 1596 veniant
1105 1565 1140 1596 et
1164 1561 1314 1595 ibicum
1334 1561 1466 1595 divinis
1491 1560 1619 1595 officiis
1646 1560 1796 1596 audiant

148 1618 300 1652 verbum
320 1616 397 1657 Dei,
418 1615 489 1650 nisi
506 1615 715 1650 rationabili
730 1628 839 1650 causa
855 1616 992 1651 fuerint
1009 1616 1185 1660 impediti.
1207 1617 1311 1658 Quod
1328 1616 1357 1651 si
1375 1616 1488 1660 aliqui
1505 1629 1548 1651 ex
1566 1617 1797 1660 parochianis

146 1672 276 1707 vestris
292 1672 402 1715 hujus
418 1672 575 1707 salubris
591 1672 863 1707 ammonitionis
881 1675 1145 1716 contemptores
1170 1673 1308 1708 inventi
1336 1673 1473 1707 fuerint
1493 1675 1528 1707 et
1546 1684 1567 1706 a
1583 1673 1684 1707 vobis
1701 1673 1796 1707 suffi-

147 1726 287 1760 cienter
318 1725 447 1760 moniti
479 1738 588 1769 super
612 1728 819 1769 contemptu
852 1726 1073 1771 hujusmodi,
1106 1726 1167 1770 qui
1200 1738 1325 1760 carere
1354 1738 1424 1761 non
1450 1728 1593 1762 videtur
1626 1729 1797 1772 scrupulo

146 1781 307 1817 heretice
323 1780 524 1825 pravitatis,
545 1792 667 1815 coram
684 1781 785 1815 vobis
803 1784 839 1815 et
862 1782 997 1815 decano
1023 1784 1145 1816 nostro
1170 1782 1446 1817 christianitatis
1471 1783 1642 1827 Yprensis
1659 1795 1696 1819 se
1713 1795 1795 1827 pur-

147 1849 236 1882 gare
251 1837 447 1879 noluerint,
466 1836 854 1871 excommunicationis
866 1837 1013 1871 vinculo
1030 1836 1252 1882 astringatis.

192 1893 326 1927 Datum
343 1904 438 1927 anno
458 1892 605 1927 Domini
618 1892 674 1927 ΜΟ
693 1892 766 1927 CC0
783 1893 911 1926 XXXO
930 1892 1069 1935 quinto,
1088 1892 1147 1927 die
1163 1893 1262 1927 Jovis
1276 1896 1355 1937 post
1373 1894 1602 1930 Trinitatem.

497 1956 756 2001 VVarnkoenig
783 1968 828 1990 en
861 1956 1039 1997 Gheldolf,
1071 1957 1239 1991 He'stoz're
1267 1958 1312 1991 de
1338 1959 1521 2000 Flandre,
1551 1961 1576 1993 t.
1608 1959 1651 2000 V,
1681 1960 1797 2002 zijnde

546 2012 715 2046 Histoire
754 2011 1058 2045 aclmim'strative
1098 2017 1128 2046 ec
1160 2015 1500 2048 constitzcliomzclle
1530 2015 1593 2049 cles
1625 2015 1733 2049 vz'lles
1765 2022 1797 2050 et

543 2066 783 2100 cliczcellenies
817 2067 991 2111 d'Ypres,
1025 2067 1194 2101 Bailleul
1228 2073 1259 2101 et
1299 2069 1502 2104 WVarnelon
1530 2071 1688 2116 jusqu'a
1718 2071 1798 2106 Z'cm

545 2122 644 2163 4505,
664 2122 729 2156 blz.
750 2124 813 2156 355
830 2133 876 2156 en
899 2124 963 2156 356
987 2123 1204 2166 (getrokken
1232 2123 1286 2158 uit.
1314 2124 1375 2159 het
1397 2126 1612 2169 Reyistrum
1639 2126 1797 2160 rubrum

543 2177 578 2211 S.
598 2178 772 2218 Martini,
792 2177 853 2211 fol.
871 2179 1028 2218 ilo-111,
1043 2178 1169 2212 alsdan
1181 2179 1396 2215 berustende
1410 2183 1465 2215 ter
1477 2181 1799 2216 stadsbibliotheek

541 2244 614 2267 van
630 2233 790 2277 Ieperen,
811 2244 859 2267 nu
885 2244 929 2276 op
954 2233 1016 2268 het
1039 2234 1280 2269 stadsarchief
1303 2235 1456 2280 aldaar.)
1472 2256 1516 2261 —
1533 2237 1800 2281 Zorgvuldiger

547 2289 745 2333 afgedrukt
762 2290 809 2332 bij
830 2289 870 2323 E.
891 2289 984 2333 Feys
1000 2301 1045 2324 en
1062 2291 1105 2324 A.
1125 2290 1236 2332 Nelis,
1257 2291 1326 2325 Les
1344 2293 1436 2325 trois
1453 2292 1675 2326 cartulaires
1692 2293 1737 2327 de
1759 2293 1797 2327 Za

541 2347 694 2388 ρνέυόίέ
711 2355 756 2377 ou
775 2344 915 2388 abbaye
931 2344 977 2378 de
992 2345 1262 2379 Saint-Martin
1278 2350 1301 2380 ἀ
1328 2347 1453 2391 Ypres,
1470 2348 1549 2382 deel
1565 2347 1593 2388 I,
1612 2348 1679 2382 blz.
1695 2350 1736 2382 91
1753 2359 1799 2382 en

547 2404 601 2436 92.
620 2421 664 2426 ——
681 2400 742 2436 Dit
759 2400 842 2435 stuk
867 2401 965 2435 werd
982 2401 1021 2435 in
1047 2402 1204 2437 October
1227 2414 1297 2437 van
1321 2403 1496 2438 lietzelfde
1508 2405 1591 2447 jaar
1609 2407 1693 2439 1235
1710 2404 1800 2438 door

548 2456 727 2497 Hendrik,
749 2455 1015 2500 aartsbisschop
1033 2468 1103 2491 van
1121 2457 1257 2499 Roims,
1285 2458 1322 2492 in
1351 2459 1455 2493 dezer
1481 2470 1594 2503 voege
1622 2459 1797 2494 bekrach-

545 2513 624 2557 tigd
641 2525 647 2547 :
670 2528 685 2540 ιε
706 2512 897 2554 Henrieus,
917 2512 982 2547 Dei
1007 2513 1128 2557 gratia
1154 2514 1343 2549 Remensis
1361 2514 1664 2558 archiepiscopus,
1684 2515 1798 2549 omni-

546 2570 613 2603 bus
630 2572 811 2613 presentes
827 2568 968 2603 litteras
984 2568 1200 2612 inspecturis
1217 2571 1371 2606 salntem
1390 2570 1427 2604 in
1445 2570 1610 2605 Domino.
1628 2590 1672 2595 —
1689 2570 1798 2606 Litte-

546 2636 605 2659 ras
628 2625 846 2659 venerabilis
863 2627 986 2661 fratris
1004 2627 1116 2662 nostri
1133 2627 1351 2662 Morinensis
1376 2627 1534 2672 episcopi
1551 2628 1707 2662 vidimus
1733 2627 1798 2661 sub

545 2680 614 2714 hac
631 2681 770 2714 forma:
798 2681 924 2725 (Volqc
958 2682 1002 2715 cle
1030 2683 1134 2726 brief
1149 2694 1223 2716 ran
1246 2682 1414 2728 bisschop
1447 2683 1586 2717 Petrus*
1606 2694 1681 2717 υαη
1716 2682 1798 2716 Ter-

546 2739 682 2779 waan).
703 2736 845 2771 Dictam
863 2740 984 2772 autem
1002 2738 1268 2773 concessionem
1283 2739 1415 2774 factam
1433 2751 1454 2773 a
1471 2739 1632 2783 predicto
1650 2750 1798 2773 venera-

547 2791 612 2825 bili
644 2791 757 2826 fratre
790 2794 913 2827 nostro
944 2792 1144 2827 Morinensi
1176 2794 1357 2837 episcopo,
1392 2798 1499 2837 prout
1530 2793 1800 2829 rationabiliter

547 2847 643 2882 facta
671 2850 734 2888 est,
770 2847 960 2882 laudamus
993 2851 1028 2883 et
1058 2850 1327 2884 confirmamus
1363 2851 1494 2884 Actum
1526 2861 1621 2884 anno
1654 2849 1799 2883 Domini

549 2902 604 2936 ΜΟ
623 2902 697 2936 CC⁰
713 2902 896 2937 tricesimo
914 2903 1052 2947 quinto.
1072 2916 1193 2939 mense
1212 2904 1372 2940 Octobri.
1392 2921 1406 2934 n
1425 2906 1600 2950 (Reqistr.
1618 2904 1798 2944 Rubrum,

550 2957 611 2991 fol.
633 2959 707 2992 111.
726 2976 769 2983 -
787 2958 878 3002 Feys
896 2970 941 2994 en
957 2959 1070 3001 Nelis,
1089 2960 1168 2995 deel
1182 2959 1209 3001 I,
1229 2960 1295 2994 blz.
1315 2961 1381 3001 94).
