2097 3466
327 238 387 270 424
1007 233 1138 268 ANNO
1166 235 1266 268 1472

371 328 412 361 F.
431 327 591 360 Joannvs
616 326 661 360 de
687 326 859 361 Βουιαῑῐα
885 327 1100 368 Brabantus,
1121 339 1143 361 a
1159 327 1307 362 Bomale
1324 326 1665 364 Gallo-Brabantiae
1689 340 1760 364 non
1785 331 1910 374 procul
1931 343 1954 366 a

330 383 529 416 Geldonam
554 380 633 414 vico
659 384 813 415 ortus...
845 382 875 416 Α
901 381 1016 415 Paulo
1040 381 1074 416 II
1097 384 1160 416 aut
1188 381 1289 416 Sixto
1317 381 1366 416 IV
1396 381 1581 417 institutus
1605 383 1674 418 fuit
1700 395 1764 428 per
1786 385 1954 430 Belgium

327 437 495 470 advorsus
511 436 730 470 haercticam
749 435 960 479 pravitatem
981 435 1173 479 inquisitor
1190 436 1381 481 generalis,
1401 448 1514 480 eoque
1539 438 1645 473 titulo
1662 439 1706 474 ab
1722 440 1955 478 universitate

331 489 541 525 Lovaniensi
570 494 735 534 acceptus
762 495 796 525 et
827 491 1001 524 admissus
1030 490 1096 525 VII
1120 491 1201 526 idus
1235 492 1406 527 Novcmb.
1437 491 1772 529 MCCCCLXXI....
1804 495 1955 531 Lovanii

327 545 413 579 obiit
432 556 500 579 xxv
519 544 685 579 Det-emb.
707 545 1054 580 MCCCCLXXYII.

678 627 804 668 Quetif
816 639 859 661 611
879 615 1032 668 sichard,
1047 627 1125 662 (1661
1142 627 1169 668 Ι,
1186 627 1251 662 blz.
1272 629 1346 662 855.
1359 646 1402 653 —-
1419 627 1583 671 chorts,
1603 629 1767 666 Valerius
1782 631 1956 674 Andreas,

721 681 885 726 Seguicr,
907 682 956 716 De
973 681 1127 725 Jonghe,
1148 682 1311 725 Foppens
1327 693 1371 717 611
1390 682 1530 727 Paquot
1548 683 1688 720 hebben
1703 686 1757 722 dit
1771 698 1958 733 nagenoeg

723 736 993 780 afgcschrcven.

1087 863 1208 907 348.

400 997 515 1040 Vo'o't'·
536 997 792 1041 November
817 998 955 1048 1472,
983 997 1241 1054 Καφηενῇῖιι.
1279 997 1460 1041 Oordeel
1493 1012 1576 1042 van
1600 999 1683 1043 den
1716 1000 1962 1058 Kamerijk-

335 1066 466 1109 schen
490 1065 629 1110 deken
651 1067 828 1125 Carlier,
857 1080 908 1122 op
936 1065 1119 1108 verzoek
1153 1066 1230 1108 der
1262 1066 1730 1123 vicarissen-generaal
1763 1081 1847 1111 van
1880 1069 1963 1112 den

333 1135 532 1191 bisschop
557 1149 641 1180 van
665 1135 890 1191 Kamerijk
914 1135 1242 1194 uitgesproken,
1265 1149 1369 1178 over
1386 1137 1572 1193 hetgeen
1591 1151 1640 1179 er
1655 1140 1700 1181 te
1723 1138 1832 1182 doen
1850 1141 1965 1182 staat

334 1211 409 1251 ten
449 1206 644 1261 opzichte
683 1217 769 1246 van
813 1217 948 1246 eenen
988 1203 1148 1253 1161161,
1185 1204 1253 1246 die
1286 1204 1337 1246 de
1371 1204 1530 1261 Maagd
1566 1205 1705 1249 Maria
1746 1206 1966 1262 gelasterd

335 1274 469 1318 heeft.
505 1299 561 1305 —-
594 1275 790 1328 Wegens
830 1273 905 1314 het
945 1271 1162 1327 openbaar
1201 1271 1437 1315 schandaal
1475 1279 1586 1316 moet
1623 1274 1681 1330 hij
1723 1277 1875 1331 stt-eng
1911 1287 1966 1319 en

336 1342 525 1399 openlin
550 1341 739 1398 gestraft
772 1340 965 1391 worden,
993 1339 1199 1382 ofschoon
1233 1341 1292 1398 hij
1329 1355 1386 1383 nu
1419 1340 1670 1385 berouwvol
1703 1356 1771 1385 om
1803 1343 1966 1400 genade

336 1412 426 1455 bidt
459 1426 512 1454 en
551 1409 749 1454 dronken
787 1422 881 1452 was
913 1412 1015 1451 toen
1052 1409 1111 1466 hij
1147 1409 1234 1466 zijn
1268 1409 1535 1453 schelmstuk
1567 1410 1743 1470 beging‚
1780 1412 1968 1468 hetgeen

341 1482 491 1524 echter
513 1493 648 1536 geene
672 1477 991 1521 verzachtende
1014 1477 1358 1534 omstandigheid
1382 1479 1435 1530 is,
1462 1478 1567 1521 daar
1588 1494 1686 1522 men
1709 1480 1968 1523 vermoeden

340 1563 455 1605 mag,
500 1549 574 1592 dat
615 1547 674 1604 hij
722 1547 766 1590 in
809 1547 952 1603 zijnen
997 1545 1275 1591 beschonken
1325 1547 1524 1591 toestand
1571 1548 1684 1605 zijne
1730 1549 1969 1605 geheimste

341 1618 578 1675 gepeinzen
610 1616 675 1660 zal
711 1615 926 1659 verr-aden
958 1614 1142 1658 hebben.

395 1741 625 1777 Tractandus
646 1752 716 1786 pro
743 1746 922 1785 perpetua
948 1741 1164 1784 viryz'nitate
1180 1741 1304 1775 Mario
1327 1742 1458 1775 matris
1482 1741 1551 1775 Dei
1573 1745 1700 1776 contra
1722 1739 1972 1786 blasphemias

345 1796 557 1832 hereticalcs
588 1796 784 1830 cuiusdam
827 1797 1090 1840 ivozpurissinzz',
1122 1795 1173 1829 ad
1205 1796 1428 1830 instantiam
1466 1795 1707 1830 dominorum
1744 1797 1972 1830 vicariorum

345 1853 491 1887 domini
510 1852 796 1886 Cameracensis.

392 1930 448 1965 Ad
464 1930 636 1964 honorem
655 1927 846 1963 saluatoris
863 1927 975 1963 nostri
1001 1927 1065 1962 Dei
1089 1926 1283 1970 puritatem
1307 1929 1343 1962 et
1363 1926 1607 1971 integritatem
1623 1927 1748 1963 matris
1762 1927 1840 1963 eius
1854 1928 1972 1963 defen-

348 1986 464 2021 dendo
482 1996 597 2028 pauca
612 1983 841 2018 subiciantur
857 1983 1044 2027 presertim
1068 1983 1241 2018 aduersus
1257 1983 1434 2026 quendam
1456 1982 1640 2026 impurum
1655 1985 1691 2018 61
1713 1983 1972 2027 blasphemum,

349 2039 410 2083 qui
436 2050 497 2073 ore
514 2039 650 2082 polluto
674 2037 771 2072 illius
788 2037 941 2081 speciem
958 2037 1125 2072 decoram
1149 2036 1394 2072 contaminare
1418 2037 1643 2081 presumpsit.
1662 2036 1762 2072 Dixit
1785 2036 1881 2072 enim
1896 2048 1976 2072 eam

350 2093 544 2137 aliquando
561 2092 669 2127 fuisse
686 2096 907 2137 corruptam,
923 2092 1076 2127 heresim
1090 2093 1321 2136 dampnatam
1334 2091 1454 2127 Fotini
1470 2094 1506 2127 et
1522 2092 1654 2136 Helidij
1671 2092 1978 2135 incurrendo...(l)

396 2149 514 2184 Cesset
542 2148 656 2192 igitur
683 2148 744 2182 hic
773 2148 1002 2191 blasphemus
1033 2146 1270 2190 pollutissimo
1298 2158 1360 2181 ore
1389 2158 1521 2190 ponere
1548 2146 1708 2190 aliquam
1733 2146 1914 2182 maculam
1939 2145 1980 2181 in

352 2208 467 2238 matre
483 2203 547 2238 Dei
571 2214 711 2246 semper
734 2202 890 2244 virgine.
909 2202 992 2237 Ideo
1011 2202 1153 2236 videtur
1175 2201 1287 2236 michi
1311 2204 1457 2245 propter
1477 2202 1685 2236 scandalum
1708 2200 1793 2236 inde
1801 2188 1979 2236 *exortum

352 2262 389 2293 61
413 2261 557 2302 propter
580 2259 750 2293 offensam
782 2257 927 2297 Christi,
948 2258 1050 2292 beate
1067 2256 1230 2301 Virginis
1253 2259 1288 2292 et
1312 2256 1473 2292 uniuersi
1496 2256 1620 2301 populi
1644 2255 1845 2298 christiani,
1877 2255 1980 2292 cuius

356 2325 460 2348 aures
476 2312 634 2357 pijssime
657 2316 730 2348 tam
756 2313 935 2357 impuram
952 2315 987 2347 et
1010 2311 1314 2346 abhominabilem
1335 2311 1594 2355 blasphemiam
1616 2310 1792 2346 sustinere
1807 2322 1880 2346 non
1901 2322 1979 2355 pos-

356 2372 450 2410 sunt,
470 2368 565 2412 quod
592 2367 658 2403 iste
681 2367 779 2402 venit
806 2366 969 2411 grauiter
991 2366 1193 2410 puniendus
1215 2369 1250 2401 et
1273 2365 1424 2408 notorie,
1451 2366 1616 2410 quamuis
1639 2365 1816 2401 contritus
1837 2365 1980 2400 veniam

355 2426 462 2467 petat,
492 2426 532 2457 ut
556 2422 603 2457 sit
632 2423 712 2465 alijs
740 2421 779 2456 in
807 2421 1033 2465 exemplum3
1065 2432 1131 2455 nec
1158 2420 1322 2455 excusari
1350 2423 1464 2464 potest
1490 2423 1635 2465 propter
1661 2421 1882 2462 ebrietatem,
1911 2431 1981 2464 que

355 2476 531 2511 iudicium
559 2476 709 2511 rationis
736 2475 775 2510 in
802 2475 865 2509 illo
893 2486 964 2509 non
992 2474 1177 2509 absorbuit
1204 2476 1267 2509 aut
1293 2475 1484 2518 loquelam,
1503 2475 1564 2509 sed
1587 2475 1863 2519 presumendum
1886 2475 1982 2520 quod

357 2531 536 2566 rcuclauit
562 2531 657 2574 quod
684 2530 792 2565 corde
820 2529 970 2573 gerebat
995 2528 1189 2571 secretius3
1215 2539 1297 2562 nam
1322 2528 1466 2564 fecundi
1490 2529 1619 2565 calices
1642 2540 1748 2573 quem
1771 2540 1843 2564 11011
1865 2530 1982 2565 fecere

357 2584 554 2619 disertum?
572 2584 622 2619 ait
639 2583 795 2619 Oratius.

705 2659 897 2700 0611611115,
926 2659 1003 2694 deel
1032 2659 1058 2699 I,
1088 2658 1349 2703 verbandeling
1376 2660 1408 2693 7.
1434 2677 1478 2684 -
1508 2658 1568 2694 Dit
1599 2659 1681 2694 stuk
1711 2659 1840 2705 draagt
1870 2671 1982 2705 geene

747 2714 1025 2758 dagteckening.
1047 2715 1098 2749 De
1121 2713 1237 2748 deken
1255 2713 1395 2748 Carlier
1416 2713 1521 2749 stierf
1540 2725 1585 2758 op
1609 2717 1650 2749 23
1666 2715 1868 2750 November
1885 2717 1980 2750 1472.

405 2908 414 2944 (
419 2908 448 2947 1)
473 2905 560 2940 Hier
576 2907 704 2950 volgcn
722 2904 960 2950 godgeleerde
977 2904 1245 2949 uitwcidingen.
