2097 3466
831 269 960 303 ΑΝΝΟ
991 271 1085 303 1:³57
1711 274 1772 305 5223

866 400 1037 450 207ms·

202 533 338 585 1357,
366 532 598 577 Februarz·
620 533 698 584 25,
727 533 914 576 Keulen.
934 534 1277 590 Veroordeeling
1298 534 1376 576 der
1397 534 1646 577 kettersche
1665 536 1773 591 Beg-

137 602 302 658 garden
336 616 389 644 en
424 603 600 645 Zusters
623 602 728 645 door
760 602 941 645 Willem
975 615 1058 645 van
1092 603 1287 659 Gennep,
1329 602 1649 659 aartsbisschop
1688 617 1773 647 van

137 672 321 724 Keulen,
346 671 516 727 gericht
538 673 603 714 tot
628 671 680 713 de
705 671 1038 727 geestelijkheid
1073 686 1155 714 van
1190 672 1275 729 zijn
1309 671 1610 716 aartsbisdom.
1638 699 1689 703 —
1716 674 1774 715 De

136 739 456 795 aartsbisschop
502 738 783 796 bekrachtigt
820 739 872 782 de
911 740 1297 796 veroordeelingen
1341 740 1433 782 dier
1477 740 1644 784 ketters
1687 745 1774 785 met

136 810 286 853 hunne
302 810 581 864 aanhangers
605 809 711 852 door
730 808 842 865 zijne
860 810 1094 851 voorzaten
1118 810 1316 852 Hendrik
1342 810 1360 852 Ι
1388 823 1471 852 van
1491 809 1775 867 Virnenburg

137 892 192 936 en
216 878 415 922 Walram
450 876 794 934 uitgevaardigd,
833 877 900 920 die
932 880 1062 933 tegen
1097 879 1182 921 hen
1215 879 1309 921 veel
1345 891 1572 934 processen
1606 879 1773 922 hebben

136 948 435 1005 ingespannen
460 961 512 990 en
537 960 590 1003 op
615 946 729 989 straf
747 960 831 989 van
855 947 937 990 den
962 947 1236 1004 kerkelijken
1254 947 1338 991 ban
1357 948 1440 990 alle
1459 948 1774 1004 gemeenschap

136 1021 225 1061 met
248 1017 332 1059 hen
357 1015 526 1061 hebben
561 1015 796 1059 verboden.
823 1015 1033 1072 Opnieuw
1057 1015 1177 1059 heeft
1202 1016 1448 1058 voormelde
1482 1015 1656 1073 ketterij
1681 1017 1774 1059 zich

137 1086 181 1129 in
204 1079 281 1129 het
312 1075 543 1142 geestelijk
580 1084 733 1141 gebied
770 1098 855 1127 van
889 1085 972 1128 den
1006 1084 1330 1140 aartsbisschop
1353 1084 1775 1128 verbreid.Daar01n

138 1157 308 1198 moeten
347 1154 399 1197 de
436 1154 841 1210 paroehiepastoors
875 1167 928 1196 en
961 1154 1045 1196 alle
1069 1154 1229 1196 andere
1253 1153 1554 1210 geestelijken,
1589 1168 1642 1210 op
1666 1154 1782 1197 straf

137 1237 223 1268 van
245 1223 327 1267 den
349 1222 622 1280 kerkelijken
647 1223 746 1275 ban,
769 1222 821 1265 de
840 1222 1170 1279 vereordeeling
1202 1223 1280 1265 der
1312 1221 1567 1279 Beggarden
1593 1237 1645 1266 en
1670 1224 1775 1266 Zus-

137 1295 228 1336 ters
249 1292 439 1336 alsmede
462 1292 637 1335 hunner
669 1291 948 1348 aanhangers
982 1304 1034 1333 en
1068 1290 1378 1348 begunstigers
1412 1291 1630 1348 openbaar
1657 1293 1775 1335 laten

138 1361 407 1417 afkondigen
441 1375 495 1404 en
529 1364 684 1418 streng
722 1364 969 1416 toepassen.
1006 1361 1066 1403 De
1104 1361 1330 1417 nalatigen
1369 1361 1512 1404 zullen
1550 1360 1655 1404 door
1693 1361 1775 1403 den

138 1430 463 1486 aartsbisschop
485 1431 635 1473 zelven
659 1429 845 1486 gestraft
866 1428 1061 1472 worden.

185 1556 320 1592 Contra
340 1556 560 1600 Beyqardos
577 1560 610 1589 et
626 1556 855 1589 Suescrz'oues
873 1559 904 1588 et
921 1564 1045 1589 eorum
1064 1559 1321 1599 receptatores.

181 1632 417 1674 Wilhelmus,
444 1632 510 1668 Dei
535 1632 656 1677 gratia
679 1634 823 1667 sanctae
849 1631 1072 1666 Coloniensi<
1089 1631 1261 1667 ecclesiae
1278 1632 1581 1677 archiepiscopus,
1600 1633 1693 1668 sacri
1712 1634 1774 1668 im-

138 1688 232 1733 perii
263 1700 326 1733 per
357 1687 501 1724 Italiam
533 1686 890 1729 archicancellarius,
922 1687 1099 1722 universis
1128 1687 1299 1731 praelatis
1327 1687 1548 1731 caeterisque
1573 1687 1714 1723 clericis
1741 1691 1774 1723 et

138 1743 299 1790 personis
315 1742 568 1779 ecclesiasticis
584 1743 735 1778 salutem
754 1742 792 1777 in
809 1743 963 1777 Domino
980 1743 1251 1786 sempiternum.

181 1799 238 1835 Ad
251 1798 511 1835 eliminandam
529 1798 735 1843 pestiferam
751 1797 941 1832 hominum
960 1798 1200 1841 quorundam,
1220 1798 1282 1841 qui
1298 1798 1482 1843 Beggardi
1499 1802 1533 1834 et
1551 1798 1776 1834 Suestriones

138 1855 380 1900 appellantur,
410 1857 544 1889 sectam
573 1857 720 1898 propter
750 1853 861 1888 vitam
891 1856 927 1888 et.
951 1853 1260 1888 conversationem
1285 1854 1480 1889 eorundem
1511 1857 1710 1898 suspectam
1735 1866 1776 1889 ac

138 1913 285 1955 propter
301 1910 420 1945 varios
437 1908 728 1952 christianaeque
746 1909 829 1943 fidei
847 1908 1048 1943 contrarios
1067 1920 1155 1953 quos
1172 1908 1197 1942 ii
1215 1909 1378 1944 homines
1392 1909 1607 1953 profitentur
1622 1920 1774 1949 errores,

137 1966 225 2001 olim
237 1967 352 2002 bonae
369 1966 565 2001 memoriae
581 1969 700 2010 patres
718 1965 897 2001 Henrieus
920 1968 955 2000 et.
970 1965 1184 2000 Walramus
1201 1965 1489 2009 praedecessores
1513 1965 1627 2000 nostri
1651 1969 1775 2000 eontra

138 2021 302 2057 homines
318 2021 569 2066 praescriptos,
588 2033 632 2056 ne
649 2021 902 2056 communione
917 2032 982 2055 sua
995 2021 1204 2065 contagiosa
1221 2025 1446 2056 caeterorum
1464 2020 1598 2056 Christi
1615 2020 1777 2056 fidelium

138 2088 287 2121 gregem
305 2079 477 2120 tanquam
494 2088 577 2111 oves
602 2076 788 2111 morbidae
816 2075 1105 2119 coinquinarent,
1124 2077 1163 2110 in
1181 2075 1346 2120 pluribus
1364 2075 1596 2120 synodalibus
1613 2075 1777 2110 conciliis

138 2131 359 2168 authoritate
376 2131 572 2168 eorundem
596 2132 911 2176 praedecessorum
929 2134 1135 2167 nostrorum
1153 2131 1342 2166 celebratis
1368 2131 1489 2166 varios
1514 2131 1677 2167 fecerunt
1695 2144 1775 2176 pro-

139 2198 257 2223 cessus
272 2200 280 2230 3
299 2186 337 2222 in
355 2187 485 2231 quibus
502 2187 597 2222 inter
614 2190 756 2222 caetera
772 2187 936 2222 homines
953 2187 1155 2230 praedictos
1175 2190 1209 2222 et
1225 2186 1276 2221 eis
1290 2186 1596 2221 communicantes
1613 2186 1779 2231 ipsosque

139 2241 371 2286 hospitantes,
385 2243 508 2278 domos
525 2245 561 2278 et
576 2242 733 2286 hospitia
748 2242 800 2277 eis
822 2245 885 2277 aut
901 2242 1011 2276 alicui
1037 2253 1099 2277 seu
1126 2241 1309 2285 aliquibus
1336 2253 1380 2276 ex
1398 2241 1448 2276 eis
1465 2242 1635 2283 locantes,
1652 2254 1776 2278 concc-

138 2297 262 2334 dentes
291 2297 430 2341 aliquid
461 2297 517 2331 vel
544 2296 669 2331 dantes
696 2308 757 2330 seu
790 2296 912 2339 aliquo
943 2296 1180 2330 humanitatis
1207 2295 1334 2330 solatio
1357 2295 1608 2331 subvenientes
1629 2296 1774 2337 eisdem,

139 2351 400 2388 monitionibus
416 2351 588 2397 legitimis
604 2350 818 2395 praemissis,
838 2351 1245 2386 excommunicaverunt
1260 2350 1659 2394 excommunicatosque
1678 2362 1776 2384 man-

139 2409 318 2445 daverunt
341 2408 484 2452 publice
501 2406 681 2447 nunciari,
710 2405 871 2450 aliosque
888 2406 1106 2449 multiplices
1123 2405 1440 2449 formidabilesque
1457 2417 1642 2449 processus
1667 2405 1775 2440 duxe-

140 2467 228 2499 runt
243 2463 467 2504 emittendos
486 2466 595 2507 prout
610 2462 648 2497 in
666 2461 795 2497 litteris
811 2465 845 2497 et
859 2461 1082 2506 processibus
1099 2461 1295 2496 eorundem
1310 2461 1622 2505 praedecessorum
1642 2464 1776 2496 nostro-

148 2531 230 2556 rum
245 2531 353 2564 super
370 2518 426 2554 his
444 2518 615 2554 confectis
633 2521 665 2553 et
680 2519 716 2552 in
735 2517 916 2562 publicam
934 2517 1099 2552 notitiam
1116 2516 1278 2552 deductis
1292 2516 1432 2560 plenius
1445 2516 1662 2551 continetur.

183 2575 319 2611 Verum
337 2574 436 2619 quia,
455 2577 563 2618 prout
579 2574 624 2609 ad
641 2576 800 2608 nostram
827 2573 968 2608 noviter
993 2584 1063 2607 non
1081 2573 1214 2615 absque
1238 2571 1468 2616 displicentia
1493 2572 1596 2615 gravi
1622 2573 1777 2608 relatum

141 2634 194 2667 est
217 2629 452 2669 audientiam,
486 2627 694 2673 hujusmodi
723 2627 915 2662 hominum
949 2626 1151 2671 perniciosa
1184 2626 1302 2660 denuo
1331 2625 1464 2670 incepit
1489 2626 1578 2661 adeo
1602 2626 1638 2660 in
1657 2635 1777 2662 nostra

140 2685 286 2722 civitate
304 2692 338 2721 et
355 2683 510 2720 dioecesi
529 2683 750 2718 invalescere
773 2682 980 2724 multitudo,
999 2693 1102 2726 quae,
1132 2681 1198 2715 nisi
1228 2681 1346 2716 denuo
1372 2681 1421 2715 eis
1453 2692 1516 2725 per
1539 2683 1777 2725 competentia

140 2739 324 2776 contraria
354 2738 556 2779 resistatur,
590 2737 786 2773 verendum
818 2741 871 2772 est
899 2737 995 2780 quod
1035 2736 1194 2771 finaliter
1231 2747 1295 2769 sua
1334 2735 1548 2779 contagione
1580 2738 1781 2772 execranda

139 2798 255 2830 totum
273 2793 538 2829 commaculent
553 2792 669 2836 ipsum
684 2803 833 2836 gregem
847 2791 990 2835 aliaque
1006 2792 1128 2835 pejora
1142 2789 1323 2834 prioribus
1336 2788 1496 2833 pericula
1511 2791 1779 2835 subintrabun&

141 2849 242 2885 vobis
259 2849 376 2894 igitur
392 2847 626 2884 ecclesiarum
648 2846 913 2892 parochialium
943 2845 1145 2881 rectoribus
1169 2849 1202 2881 et
1227 2845 1323 2880 vices
1348 2848 1487 2880 nostras
1510 2847 1720 2889 gerentibus
1746 2848 1781 2883 in

139 2905 274 2941 virtute
292 2908 438 2939 sanetae
455 2902 682 2939 obedientiae
699 2906 732 2938 et
747 2903 812 2938 sub
826 2901 1210 2937 excommunicationis
1225 2912 1336 2945 poena
1351 2899 1512 2936 districte
1527 2902 1780 2947 praecipiendo

140 2959 330 2995 statuimus
347 2964 379 2994 et
405 2958 616 2994 mandamus
643 2961 819 3000 quatenus
852 2960 977 2992 contra
1013 2967 1136 2991 omnes
1168 2960 1202 2991 et
1233 2955 1395 2999 singulos
1428 2955 1634 2999 hujusmodi
1667 2964 1784 3005 sectae
