2097 3466
306 260 368 294 220
994 259 1125 294 ANNO
1152 260 1255 294 1369

307 351 519 396 sacrilegam
547 353 805 396 paupertatem,
824 351 991 387 videlicet
1006 351 1099 386 nihil
1122 352 1254 387 habere
1271 350 1309 387 in
1326 351 1472 396 proprio
1499 353 1555 387 vel
1579 351 1762 388 communi
1777 354 1813 388 et
1828 352 1926 388 hunc

307 418 381 441 esse
397 414 528 440 statum
547 405 583 441 in
599 406 733 441 mundo
750 407 1046 451 perfectissimum
1065 410 1273 447 asserentes,
1304 407 1484 441 tradentes
1513 408 1550 441 et
1573 418 1636 451 per
1666 407 1788 451 plures
1818 418 1931 442 annos

306 466 339 496 ct
368 467 527 504 tempora
555 465 726 502 tenentes,
760 473 888 497 vovere
920 462 1158 496 dinoscuntur
1183 464 1218 496 et
1250 466 1380 496 vovent
1396 461 1576 503 continue,
1597 465 1703 505 prout
1718 463 1763 496 ad
1788 466 1931 497 nostrae

306 515 507 550 screnitatis
524 516 687 551 notitiam
704 516 860 552 veridice
888 520 940 552 est
963 517 1169 557 deductum,
1188 516 1483 552 inhabitaverunt
1498 517 1604 552 simul
1621 516 1758 552 diutius
1784 516 1823 551 in
1839 516 1930 560 peri—

307 571 427 605 culum
444 571 648 605 animarum
664 583 812 606 suarum
844 575 1106 606 commorantes
1121 584 1129 613 3
1148 574 1183 606 et
1200 583 1243 606 ne
1261 571 1298 605 in
1315 572 1479 606 futurum
1496 583 1560 616 per
1583 572 1789 615 quemlibet,
1808 583 1930 616 quam-

307 625 394 659 libet
421 625 477 659 vel
507 625 695 669 quoslibet,
722 626 784 669 qui
812 626 867 660 vel
896 637 987 669 quae
1017 625 1199 670 Beghardi
1237 626 1294 660 vel
1324 625 1511 670 Beguinae
1546 626 1752 669 hujusmodi
1783 626 1930 668 fuerint,

306 680 344 714 in
369 691 533 724 processu
551 678 732 723 temporis,
762 680 920 714 minimis
944 679 1128 723 neglectis,
1162 680 1400 723 prolabantur
1427 680 1465 714 in
1493 682 1643 724 majora,
1670 683 1711 716 ut
1737 680 1766 714 si
1793 681 1932 715 duabus

307 735 466 778 personis
504 735 559 769 vel
600 734 716 769 tribus
754 735 960 779 hujusmodi
992 735 1100 769 simul
1139 734 1447 769 commorantibus
1478 735 1729 770 conventicula
1773 735 1961 772 redirent'

306 795 342 823 et
372 789 472 824 ficret
500 799 602 823 error
629 789 804 833 posterior
820 790 920 833 pejor
949 789 1093 832 pri0re3
1127 789 1195 823 hoc
1219 788 1398 833 praesenti
1417 791 1550 824 statuto
1567 794 1602 824 ct
1618 789 1734 824 edicto
1751 801 1795 824 cx
1811 793 1934 826 nostra

306 851 403 880 certa
430 845 591 885 scientia,
622 856 692 879 non
721 856 763 879 ex
789 856 923 886 errore,
942 845 1003 879 sed
1019 845 1062 880 dc
1079 844 1286 889 principum
1318 848 1522 880 nostrorum
1555 846 1704 881 consilio
1736 846 1933 882 deliberato

305 900 506 939 statuimus,
540 899 747 934 ordinamus
778 903 813 935 et
848 901 1040 940 sancimus,
1075 911 1156 933 cum
1198 899 1359 934 officium
1401 899 1651 943 Inquisitionis
1692 900 1732 935 in
1772 902 1934 945 partibus

306 954 540 990 Alemanniae
567 955 703 988 nullam
731 955 888 995 domum,
907 954 1145 995 domicilium,
1165 954 1296 989 turrim
1322 955 1451 989 fortem
1480 966 1544 998 pro
1573 955 1734 990 custodia
1761 958 1796 992 et
1822 957 1933 1002 capti—

305 1010 416 1044 vitate
443 1012 686 1052 suspectorum
715 1009 758 1043 de
785 1009 924 1044 haeresi
951 1012 986 1043 et
1013 1008 1337 1043 examinandorum
1369 1009 1407 1043 in
1439 1010 1508 1044 fide
1540 1021 1679 1044 necnon
1709 1021 1774 1054 pro
1803 1011 1932 1046 immu-

305 1065 427 1099 randis
444 1063 624 1108 perpetuis
640 1063 860 1107 temporibus
884 1064 940 1098 vel
963 1064 1008 1098 ad
1034 1068 1184 1106 tempus,
1211 1067 1250 1098 ut
1269 1063 1365 1108 juris
1392 1067 1455 1105 est,
1486 1063 1700 1107 quibusdam
1728 1064 1931 1108 haereticis,

306 1119 366 1162 qui
395 1119 440 1153 ad
481 1119 659 1163 gremium
698 1118 869 1153 ecclesiae
908 1119 1075 1163 abjurata
1114 1117 1254 1153 haeresi
1294 1117 1479 1159 redierint,
1514 1122 1659 1162 propter
1696 1121 1792 1162 quod
1828 1120 1934 1156 multi

306 1173 476 1208 haeretici
509 1174 546 1208 in
576 1173 779 1208 animarum
808 1184 956 1208 suarum
981 1178 1016 1208 et
1048 1173 1204 1208 aliorum
1235 1173 1395 1207 fidelium
1425 1184 1536 1217 grave
1561 1173 1764 1216 periculum
1795 1185 1932 1218 perma-

304 1232 390 1263 nent
419 1229 588 1272 impuniti
613 1233 648 1263 et
670 1240 790 1263 semen
813 1229 852 1262 in
877 1228 968 1263 alios
999 1228 1168 1263 emittunt
1190 1239 1424 1271 venenosumg
1451 1240 1562 1272 quare
1590 1239 1712 1264 omnes
1741 1230 1868 1265 domus
1899 1233 1936 1266 et

305 1284 568 1325 conventicula,
601 1284 639 1318 in
666 1284 796 1327 quibus
823 1283 1030 1327 hujusmodi
1057 1283 1241 1327 Beghardi
1266 1283 1521 1318 habitaverunt
1543 1295 1605 1318 seu
1629 1284 1748 1318 adhuc
1770 1284 1935 1320 habitare

304 1340 541 1375 dinoscuntur
556 1340 595 1374 in
612 1339 793 1382 aliquibus
811 1339 911 1379 locis,
931 1339 1050 1373 officio
1067 1337 1315 1381 Inquisitionis
1332 1349 1397 1382 pro
1413 1349 1481 1372 usu
1497 1338 1681 1382 praedicto
1704 1338 1838 1374 ibidem
1857 1350 1934 1374 car-

304 1394 446 1428 ceribus
462 1394 576 1427 firmis
591 1394 775 1436 faciendis,
795 1394 977 1438 imperiali
995 1395 1181 1438 majestate
1194 1394 1332 1435 damus,
1351 1393 1574 1437 applicamus
1590 1393 1703 1429 libere
1725 1398 1760 1430 et
1776 1395 1934 1440 assigna-

303 1460 393 1482 mus.
421 1449 554 1483 Domus
581 1453 700 1484 autem
736 1462 797 1484 seu
829 1449 1081 1484 conventicula
1122 1448 1371 1493 Beghinarum
1402 1460 1463 1483 seu
1500 1449 1538 1483 in
1569 1448 1698 1492 quibus
1728 1449 1935 1493 hujusmodi

305 1504 490 1548 Beguinae
506 1505 708 1548 prohibitae
727 1505 1045 1539 commorabantur
1062 1505 1118 1539 vel
1137 1504 1257 1538 adhuc
1273 1506 1554 1545 commorantur,
1573 1503 1679 1538 vendi
1695 1504 1935 1549 praecipimus

303 1560 338 1590 et
362 1558 515 1600 pretium
539 1556 660 1592 taliter
683 1557 909 1592 decernimus
925 1557 1040 1592 instar
1056 1557 1306 1591 Romanorum
1323 1556 1536 1600 pontificum
1553 1559 1588 1591 et
1603 1556 1769 1591 divorum
1785 1556 1935 1601 impera-

303 1613 422 1645 torum
449 1613 761 1655 praedecessorum
786 1616 990 1647 nostrorum
1016 1611 1262 1652 dividendum,
1287 1612 1382 1655 quod
1408 1623 1480 1645 una
1496 1611 1604 1646 tertia
1628 1622 1712 1655 pars
1728 1611 1934 1657 hujusmodi

304 1666 422 1710 pretii,
442 1678 523 1700 cum
542 1671 580 1702 ut
596 1667 633 1702 in
651 1667 814 1710 pluribus
837 1667 925 1701 tales
954 1667 1080 1701 domus
1104 1669 1139 1700 et
1156 1666 1249 1700 bona
1265 1677 1329 1709 pcr
1348 1666 1519 1708 quosdam
1548 1666 1659 1700 bonos
1674 1666 1836 1701 homines
1851 1667 1934 1701 sim-

304 1721 414 1765 plices
447 1721 506 1764 pia
537 1722 735 1757 intentione
762 1726 994 1765 comparatae
1020 1721 1092 1755 sint
1109 1732 1172 1764 per
1191 1721 1336 1754 modum
1360 1720 1671 1764 eleemosynarum
1698 1721 1866 1756 volumus
1896 1723 1937 1756 ut

303 1775 509 1819 hujusmodi
534 1775 640 1811 tertia
657 1788 738 1820 pars
756 1776 861 1820 pretii
879 1787 944 1819 per
965 1775 1215 1819 inquisitorem
1231 1773 1410 1816 adjunctis
1428 1774 1496 1808 sibi
1513 1775 1654 1808 duobus
1669 1774 1833 1809 discretis
1848 1774 1937 1809 viris

304 1831 422 1865 clarae
439 1831 566 1871 famae,
585 1830 798 1865 zelatoribus
811 1831 906 1871 fidei,
927 1841 998 1864 uno
1015 1830 1159 1870 clerico,
1178 1829 1292 1863 altero
1308 1829 1423 1872 layco,
1443 1828 1505 1872 qui
1531 1829 1646 1863 Deum
1661 1828 1834 1864 habentes
1850 1840 1936 1874 prae

303 1885 466 1920 oculisin
490 1886 567 1929 pios
590 1897 686 1927 usus,
704 1885 870 1920 videlicet
900 1885 939 1919 in
967 1885 1208 1928 eleemosynas
1237 1894 1447 1927 pauperum,
1479 1883 1754 1919 reformationes
1779 1885 1934 1919 xenodo-

302 1940 467 1975 chiorum
491 1953 552 1976 scu
576 1941 621 1975 ad
638 1941 775 1976 cultum
791 1940 967 1982 divinum,
986 1940 1042 1974 vel
1065 1939 1199 1975 eisdem
1216 1938 1388 1982 personis,
1406 1938 1436 1973 si
1466 1950 1558 1982 quae
1584 1941 1668 1973 sunt
1694 1938 1928 1981 miserabiles,

303 2000 339 2031 et
354 1997 399 2030 ab
415 2007 537 2031 errore
553 2008 617 2031 suo
633 1996 705 2031 sint
722 2007 925 2037 conversae,
944 1998 1008 2030 aut
1022 1995 1280 2030 sustentionem
1296 1994 1465 2036 aliorum,
1485 1994 1547 2038 qui
1565 1994 1733 2029 haeresin
1748 1995 1934 2040 abjurave-

303 2054 399 2092 runt,
418 2055 453 2086 et
480 2051 768 2092 immuratorum,
787 2051 817 2085 si
831 2051 979 2087 aliunde
1007 2062 1079 2085 non
1106 2050 1251 2090 habent,
1283 2050 1378 2084 unde
1405 2052 1663 2091 sustententur,
1691 2053 1934 2092 convertatur,

304 2118 411 2150 super
427 2119 497 2150 quo
514 2107 769 2151 inquisitorum
786 2110 823 2142 et
834 2106 991 2141 aliorum
1008 2106 1245 2141 conscientias
1261 2117 1466 2140 oneramus,
1487 2106 1614 2141 Altera
1629 2117 1716 2140 vero
1733 2105 1842 2141 tertia
1854 2117 1937 2150 pars

302 2163 507 2206 inquisitori
536 2163 633 2197 illius
657 2162 727 2197 loci
756 2162 971 2198 auctoritate
996 2161 1193 2205 apostolica
1222 2160 1389 2195 instituto
1416 2172 1479 2196 seu
1503 2172 1567 2196 suo
1591 2160 1730 2196 vicario
1754 2161 1812 2196 vel
1834 2161 1934 2197 insti·

304 2217 437 2251 tuendo
470 2217 686 2252 auctoritate
721 2217 905 2260 praedicta
943 2219 1006 2251 aut
1037 2219 1134 2251 certo
1165 2215 1299 2250 nuncio
1325 2215 1432 2250 debet
1463 2214 1693 2260 integraliter
1723 2216 1800 2251 sine
1837 2216 1936 2252 omni

305 2271 534 2306 excusatione
558 2272 614 2306 vel
638 2271 922 2306 contradictione
939 2270 1160 2314 praesentari
1184 2271 1223 2304 in
1247 2282 1344 2311 usus,
1364 2269 1538 2304 utilitates
1562 2273 1598 2305 et
1616 2271 1843 2306 necessitates
1858 2272 1936 2316 ejus

305 2337 369 2369 pro
403 2337 468 2360 suo
505 2325 612 2360 libitu
636 2327 887 2367 convertenda,
919 2327 1140 2362 attendentes
1175 2326 1271 2370 quod
1300 2328 1465 2360 sanctum
1497 2325 1658 2360 officium
1688 2325 1935 2369 Inquisitionis

304 2382 437 2425 absque
453 2381 637 2415 laboribus
652 2393 695 2416 ac
710 2381 872 2426 expensis
889 2385 924 2417 et
940 2381 1117 2416 sumtibus
1134 2380 1259 2424 nequit
1274 2380 1445 2421 exerceri,
1464 2382 1499 2415 et
1519 2381 1563 2415 ob
1577 2381 1645 2415 hoc
1661 2380 1936 2425 inquisitoribus

305 2434 343 2469 in
361 2435 564 2479 praemissis
580 2436 738 2471 volentes
753 2436 943 2480 temporali
960 2436 1118 2471 subsidio
1135 2435 1338 2476 subvenire,
1357 2447 1402 2469 ne
1418 2438 1491 2470 tam
1505 2434 1604 2479 pium
1617 2435 1778 2470 laborem
1790 2439 1936 2480 propter

307 2490 589 2524 necessariorum
627 2491 805 2526 defectum
845 2494 1008 2535 oporteat
1038 2490 1241 2526 intermitti.
1277 2489 1473 2524 Residuam
1500 2501 1585 2524 vero
1616 2489 1761 2525 tertiam
1795 2493 1935 2534 partem

306 2545 478 2588 praedicti
494 2545 599 2589 pretii
613 2549 648 2581 et
663 2546 796 2581 valoris
809 2558 873 2590 pro
887 2546 1142 2582 refectionibus
1156 2557 1344 2580 murorum
1357 2544 1514 2581 civitatis
1526 2546 1583 2580 vel
1597 2545 1730 2589 oppidi,
1747 2546 1856 2581 castri
1871 2558 1934 2582 seu

304 2599 412 2634 villae
443 2611 485 2634 ac
516 2601 805 2644 reparationibus
835 2601 976 2636 viarum
1008 2601 1248 2645 publicarum,
1278 2600 1341 2635 ubi
1373 2600 1578 2644 praedictae
1608 2600 1735 2635 domus
1761 2600 1932 2642 existunt,

306 2654 546 2698 applicamus3
564 2658 687 2699 utpote
699 2666 791 2698 quae
803 2655 1025 2699 reipublicae
1045 2655 1185 2689 occulte
1198 2657 1233 2689 et
1248 2654 1496 2689 fraudulenter
1509 2653 1696 2695 nocebant,
1715 2665 1779 2697 per
1789 2653 1934 2689 tertiam

307 2713 442 2752 partem
466 2711 654 2745 domorum
671 2710 776 2754 pretii
793 2714 829 2745 et
844 2722 979 2752 rerum,
999 2721 1087 2754 quas
1113 2709 1186 2744 suis
1210 2709 1333 2744 usibus
1357 2709 1598 2753 applicabant,
1616 2708 1690 2743 imo
1713 2708 1935 2744 mendaciter

309 2763 377 2798 sibi
395 2764 643 2806 vendicabant,
664 2776 760 2798 nunc
776 2764 1050 2808 procedentibus
1073 2764 1294 2808 temporibus
1319 2765 1486 2809 deinceps
1509 2776 1566 2800 res
1582 2763 1727 2808 publica
1741 2768 1931 2807 augeatur.

349 2819 403 2853 Ne
420 2824 539 2853 autem
557 2818 656 2853 circa
685 2820 787 2860 bona,
807 2818 1058 2862 possessiones,
1084 2819 1208 2854 domos
1224 2831 1285 2854 seu
1303 2819 1554 2855 conventicula
1569 2823 1604 2855 et
1619 2831 1688 2862 res,
1707 2831 1796 2863 quas
1810 2819 1849 2854 in
1864 2830 1932 2854 usu

305 2873 487 2908 habebant
516 2877 551 2909 et
582 2874 715 2908 habent
738 2874 947 2917 hujusmodi
976 2873 1159 2919 Beghardi
1189 2877 1225 2908 et
1252 2874 1447 2919 Beguinae,
1478 2875 1576 2909 fraus
1604 2874 1682 2910 fieri
1709 2874 1831 2918 possit,
1859 2875 1933 2910 tale

303 2928 518 2978 provisionis
556 2929 594 2968 in
625 2929 694 2964 hoc
731 2929 901 2966 duximus
938 2929 1137 2967 remedium
1177 2928 1416 2970 ordinandum
1439 2942 1446 2965 :
1487 2930 1582 2975 quod
1611 2930 1681 2965 duo
1712 2929 1932 2974 antiquiores
