2097 3466
283 270 344 306 31⁴2
960 268 1092 304 ANNO
1120 270 1220 304 1430

1040 405 1156 451 275.

349 542 485 593 1430,
512 541 741 585 Februarz‘
764 542 837 593 16,
866 541 1084 584 Doorm'k.
1114 540 1351 584 Uittreksel
1385 541 1450 584 uit
1481 555 1560 584 een
1596 541 1906 598 stadsregister

288 625 390 654 over
413 612 488 654 het
510 610 782 654 verbranden
807 623 890 653 van
913 613 1024 653 twee
1058 610 1226 652 ketters
1251 623 1304 652 en
1327 610 1402 653 het
1434 609 1695 665 beprediken
1719 624 1804 654 van
1827 624 1907 654 een

289 681 418 723 zeker
455 681 570 736 getal
607 680 815 729 anderen,
852 693 973 722 mans
1012 693 1065 721 en
1105 692 1331 728 vrouwen‚
1376 679 1437 722 uit
1484 679 1536 721 de
1582 679 1782 736 kasselrij
1822 693 1908 723 van

289 750 425 806 Rijsel
445 763 496 791 en
520 749 716 791 Orchies.
738 774 795 780 -—
819 750 926 790 Deze
949 746 1176 803 prediking
1194 761 1277 789 van
1296 747 1377 789 den
1396 747 1650 802 inquisiteur
1667 747 1751 790 had
1768 748 1908 803 plaats

287 817 394 861 vdc'u'
415 818 489 860 het
523 817 749 873 geestelijk
788 816 868 859 hos
899 820 943 859 te
982 816 1185 859 Doornik.
1230 817 1291 872 Bij
1332 816 1485 858 vonnis
1529 829 1612 858 van
1656 815 1907 859 denzelfden

290 887 545 942 inquisiteur
569 900 622 928 en
645 900 728 928 van
754 886 835 928 den
859 885 900 928 d.
927 885 967 927 d.
996 884 1194 939 bisschop
1228 897 1312 926 van
1344 883 1554 933 SoissonS‚
1582 883 1908 939 plaatsvervan-

289 969 367 1011 ger
398 969 482 998 van
516 955 598 997 den
642 954 840 1009 bisschop
884 967 968 995 van
1008 953 1211 1003 Doornik,
1239 953 1413 994 werden
1453 953 1632 995 Willem
1674 951 1814 995 Dubos
1853 966 1906 996 en

288 1023 449 1066 Olivier
472 1023 717 1064 Deledeulle
742 1022 804 1064 als
828 1023 995 1064 ketters
1019 1022 1060 1063 in
1083 1021 1256 1063 handen
1278 1034 1363 1063 van
1387 1021 1468 1063 den
1502 1020 1756 1076 magistraat
1784 1033 1908 1062 over-

286 1090 505 1146 geleverd.
554 1090 750 1147 DadeliJk
794 1090 969 1132 werden
1015 1090 1066 1146 zij
1111 1088 1258 1132 buiten
1298 1089 1348 1130 de
1391 1089 1636 1144 stadspoort
1674 1087 1905 1130 verbrand.

288 1162 345 1203 W
351 1160 467 1202 illem
489 1158 647 1201 toonde
682 1157 863 1200 berouw
896 1172 949 1200 en
980 1156 1183 1207 biechtte,
1213 1170 1334 1199 maar
1356 1156 1515 1200 Olivier
1536 1155 1653 1198 bleef
1668 1155 1908 1199 volharden
1938 1210 1944 1216 .

285 1228 329 1269 in
351 1227 464 1284 zijne
484 1226 676 1283 ketterij.

331 1351 380 1386 Le
397 1353 474 1394 xvj?
486 1352 573 1395 jour
589 1351 631 1385 de
649 1350 781 1385 fevrier
797 1351 865 1384 l'an
882 1351 946 1385 mil
963 1362 1045 1384 cccc
1061 1350 1164 1394 vingt
1180 1352 1215 1384 et
1238 1350 1327 1383 neuf
1346 1348 1523 1392 plusieurs
1538 1348 1698 1383 hommes
1713 1350 1749 1383 et
1763 1348 1910 1383 femmes

288 1405 367 1440 dela
397 1405 626 1440 chastellenie
658 1406 701 1439 de
737 1405 828 1439 Lille
859 1408 892 1439 et
926 1405 1076 1439 Orchies
1106 1406 1226 1439 furent
1256 1415 1322 1447 par
1351 1404 1440 1438 ledit
1469 1402 1683 1446 inquisiteur
1712 1405 1749 1437 ef,
1778 1401 1912 1438 aultres

291 1461 478 1505 seigneurs
502 1461 645 1505 d'c'·glise
669 1462 789 1495 <lessus
816 1472 987 1500 nommez,
1006 1460 1224 1494 escaffaudez
1249 1471 1311 1493 sur
1325 1471 1402 1503 ung
1425 1459 1533 1493 honrt
1548 1458 1615 1493 fait
1630 1458 1806 1493 audehors
1821 1458 1914 1494 dele

291 1522 371 1559 port
387 1516 429 1549 de
446 1516 478 1550 le
495 1520 596 1550 court
614 1515 832 1559 espiritnelle
848 1516 891 1549 de
908 1516 1078 1558 Tournay
1099 1518 1221 1549 contre
1244 1515 1277 1549 le
1293 1525 1376 1548 mur
1391 1525 1436 1548 en
1461 1514 1574 1548 allant
1589 1524 1667 1548 vers
1683 1513 1782 1548 l’atre
1797 1515 1832 1548 et
1847 1523 1913 1556 par

290 1570 377 1604 ledit.
393 1569 608 1612 inquisiteur
624 1570 815 1613 preschiez,
835 1570 879 1604 ad
896 1581 935 1604 ce
952 1573 1095 1612 presens
1120 1580 1209 1603 nous
1225 1571 1398 1612 provostz,
1411 1569 1514 1611 jurez
1530 1569 1565 1602 et
1580 1567 1713 1601 austres
1728 1567 1771 1601 de
1787 1566 1823 1600 la
1837 1566 1908 1610 loy,

293 1627 327 1657 et
341 1635 427 1657 avec
443 1635 483 1657 ce
500 1635 564 1667 par
588 1624 621 1657 la
639 1628 803 1658 sentence
819 1624 921 1658 dudit
941 1623 1158 1666 inquisitenr
1181 1624 1216 1657 et
1231 1621 1334 1656 dudit
1349 1625 1499 1664 evesque
1515 1621 1558 1655 de
1575 1619 1736 1654 Soissons
1751 1619 1802 1655 les
1816 1619 1911 1654 deux

290 1677 428 1712 d'iceux
452 1678 655 1721 herotiques
678 1690 838 1713 nommez
868 1677 1078 1713 Willemme
1106 1677 1237 1718 Dubos,
1268 1677 1455 1710 demorant
1482 1677 1503 1710 ἐι
1529 1674 1682 1715 Laudas,
1713 1677 1749 1709 et
1773 1673 1910 1708 Olivier

290 1732 507 1771 Deledeulle,
527 1732 719 1773 chavetier,
739 1732 914 1772 d'Adelin,
933 1743 1071 1766 comme
1086 1731 1290 1774 heretiques
1306 1730 1478 1764 fourmelz
1495 1732 1529 1763 et
1544 1729 1721 1762 membres
1737 1728 1779 1763 de
1801 1727 1912 1763 Satan

291 1787 471 1821 deluis-sies
485 1791 505 1822 ἀ
524 1800 612 1821 nous
636 1791 794 1830 prevostz
819 1791 853 1822 et
870 1789 972 1830 jurez
989 1797 1126 1820 comme
1143 1787 1163 1819 ἐι
1180 1786 1215 1819 la
1230 1786 1289 1828 loy
1304 1785 1396 1828 laye.
1415 1785 1459 1818 Et
1483 1795 1544 1818 sur
1560 1794 1611 1824 ce,
1630 1782 1793 1817 combien
1809 1781 1912 1826 qu'ilz

293 1840 470 1875 n‘avoient
487 1841 584 1884 point
603 1845 674 1875 este
691 1841 790 1884 prins
807 1852 850 1875 en
867 1842 901 1874 la
912 1839 1111 1885 juridicion
1127 1840 1170 1873 de
1188 1839 1357 1881 Tournay
1375 1837 1411 1872 ni
1428 1849 1493 1880 par
1505 1837 1540 1871 la
1552 1838 1611 1881 loy
1626 1837 1773 1878 d'icelle,
1791 1838 1912 1874 furent

292 1906 359 1938 par
384 1907 472 1929 nous
498 1899 657 1939 pre-vostr„
681 1899 713 1929 et
732 1897 834 1939 jurez
858 1906 949 1938 pour
975 1895 1010 1928 la
1038 1893 1287 1928 conservation
1304 1893 1347 1927 de
1369 1895 1487 1926 nostre
1498 1891 1630 1935 justice
1657 1895 1692 1927 et
1711 1891 1912 1937 juridicion

290 1950 392 1984 saisis
417 1955 451 1986 ct
479 1963 545 1994 par
569 1956 687 1985 nostre
712 1951 810 1985 main
833 1962 954 1985 menez
977 1961 1039 1983 sur
1061 1960 1132 1983 une
1157 1952 1291 1983 carette
1308 1953 1344 1983 es
1360 1952 1440 1991 pres
1455 1947 1584 1981 dehors
1600 1947 1634 1982 le
1656 1949 1757 1990 porte
1774 1946 1911 1982 Sainte-

292 2005 466 2039 Fontaine
483 2009 515 2040 et
534 2006 615 2040 illec
632 2008 651 2040 ἰ1
673 2007 765 2040 deux
782 2009 943 2049 estaques
959 2005 1067 2048 loyes,
1086 2016 1144 2038 ars
1160 2006 1195 2038 et
1210 2006 1376 2038 executez
1392 2014 1458 2046 par
1473 2003 1532 2037 feu
1549 2004 1570 2036 ὲ
1585 2004 1679 2036 mort
1693 2013 1775 2036 sans
1789 2013 1853 2036 son
1869 2002 1913 2036 de

290 2060 427 2102 cloque.
449 2060 492 2094 Et
509 2060 625 2102 lequel
645 2060 852 2094 W'illemme
870 2060 990 2093 Dubos
1006 2062 1164 2093 monstra
1180 2058 1282 2102 signe
1298 2058 1341 2092 de
1356 2059 1571 2100 repentance
1587 2058 1621 2090 et
1637 2067 1674 2090 se
1688 2056 1860 2097 confessa,
1878 2057 1913 2090 et

290 2115 378 2150 ledit
396 2115 532 2149 Olivier
549 2116 625 2150 n'en
649 2116 724 2150 volt
748 2115 837 2149 faire
865 2126 1004 2149 aucune
1032 2114 1137 2148 chose
1163 2124 1255 2157 pour
1281 2115 1444 2156 requeste
1471 2111 1532 2154 qui
1556 2112 1622 2146 l'en
1649 2112 1721 2146 fust
1746 2110 1832 2146 faite
1846 2122 1913 2155 par

292 2172 446 2214 prestres
459 2174 492 2204 ct
510 2170 654 2211 aultres,
674 2170 763 2203 mais
780 2180 908 2203 mouru
926 2180 970 2203 en
983 2180 1046 2203 son
1063 2179 1199 2208 erreur,
1219 2178 1356 2202 comme
1372 2167 1399 2200 il
1414 2167 1628 2201 demonstra.

639 2244 886 2279 Stadsarehief
897 2255 965 2278 van
983 2242 1156 2284 Doornik‚
1175 2244 1264 2286 Req.
1284 2243 1329 2276 cle
1355 2241 1393 2276 la
1417 2241 1495 2285 Loy
1510 2242 1631 2283 (1429).
1647 2260 1692 2266 --
1709 2241 1912 2286 Afgedrukt

682 2299 730 2341 bij
749 2299 817 2333 den
834 2299 941 2343 graaf
956 2298 996 2333 G.
1012 2298 1056 2332 de
1069 2297 1287 2338 Nedonchel,
1303 2297 1373 2330 Des
1391 2298 1586 2330 aozciennes
1603 2295 1673 2330 lois
1688 2295 1912 2330 criminelles

680 2364 723 2387 en
742 2364 854 2397 usage
871 2353 965 2387 dans
983 2352 1020 2386 Ia
1036 2351 1124 2385 ville
1141 2352 1185 2385 de
1206 2353 1390 2395 Tourozay,
1409 2351 1475 2385 blz.
1495 2351 1570 2385 296.
1590 2350 1669 2385 Ook
1684 2350 1912 2394 gedeeltelijk

682 2408 880 2452 afgedrukt
903 2407 941 2442 in
966 2407 1164 2441 Souvem'rs
1188 2405 1232 2439 de
1255 2406 1293 2440 Ζα
1315 2405 1484 2440 Flandre
1506 2404 1702 2446 wallonne,
1719 2405 1797 2440 deel
1812 2404 1909 2446 VIII,

677 2463 744 2497 blz.
764 2465 816 2497 21.

1039 2575 1160 2620 2¹76.

354 2711 491 2762 1430,
519 2711 675 2754 Μαανι
702 2713 775 2761 11,
803 2712 958 2769 Rz'jsel.
984 2711 1115 2753 Bevel
1148 2723 1232 2752 van
1269 2709 1426 2764 hertog
1457 2708 1621 2765 Philips
1653 2721 1737 2750 van
1777 2709 1910 2750 Bour-

292 2781 446 2836 gondie
471 2780 640 2834 gericht
662 2783 726 2822 tot
751 2779 802 2821 de
827 2779 1072 2821 overheden
1095 2792 1179 2820 van
1205 2779 1244 2820 al
1275 2778 1386 2834 zijne
1419 2778 1576 2820 landen
1599 2791 1652 2820 en
1675 2777 1822 2820 vooral
1844 2779 1911 2820 tot

291 2849 357 2890 die
375 2862 458 2890 van
485 2848 560 2890 het
582 2847 792 2889 kwartier
814 2861 897 2889 van
917 2847 1068 2903 Rijsel,
1091 2847 1265 2888 Dowaai
1283 2860 1335 2888 en
1355 2846 1547 2897 Orchies‚
1571 2859 1654 2888 van
1676 2845 1750 2888 het
1768 2844 1910 2900 graaf-

292 2917 423 2972 schap
445 2916 592 2959 Artois
617 2929 671 2958 en
693 2929 777 2958 van
803 2916 913 2972 zijne
935 2916 968 2957 F
972 2915 1158 2958 ransche
1179 2915 1483 2971 aanhangselS,
1510 2914 1639 2970 opdat
1660 2913 1712 2972 zij
1736 2913 1912 2969 twintig
