2097 3466
328 235 390 269 264
1012 235 1143 270 ANNO
1170 237 1268 271 1404

371 327 650 372 Arehiepiscopo
674 331 871 364 memorato
887 327 1103 372 duplicando
1120 327 1271 370 dicente,
1290 327 1385 372 quod
1407 327 1506 363 racio
1529 339 1637 373 quam
1659 328 1788 373 prefati
1811 329 1945 374 episeo-

327 395 392 428 pus
415 390 449 417 et
472 383 515 417 de
540 382 706 417 Perenna
729 383 895 419 dixerant
923 383 1028 427 (1110(1,
1049 395 1130 418 eum
1154 383 1261 418 simul
1289 383 1540 427 procoffiissent
1565 387 1601 418 et
1627 394 1648 418 a
1674 395 1740 418 sua
1765 384 1946 421 sentencia

326 439 543 482 appellatum
561 438 746 479 extitisset,
775 439 973 482 appellat-io
997 439 1042 473 ad
1065 438 1266 473 Romanam
1282 438 1400 472 sedem
1416 438 1635 473 devolvenda
1657 441 1746 480 erat,
1763 450 1850 474 vera
1873 451 1946 475 non

326 498 414 533 erat,
442 505 524 528 eum
548 494 681 537 scripta
704 494 802 528 racio
828 494 864 528 in
890 506 950 528 seu
968 494 1011 529 de
1028 493 1284 538 appellaeionis
1301 504 1408 527 causa
1424 493 1572 528 minime
1594 494 1802 538 loqueretur
1815 505 1860 530 ex
1873 494 1945 530 hiis

326 551 359 582 et
375 547 456 581 aliis
472 551 578 591 prout
593 559 701 591 supra
721 549 976 583 concludenda

370 603 542 643 Tandem,
570 602 730 645 partibus
755 603 943 638 antedictis
970 603 1009 637 in
1033 602 1209 644 omnibus,
1229 614 1297 646 que
1324 602 1421 637 circa
1444 602 1616 646 premissa
1642 604 1716 637 tam
1738 602 1945 647 replicando

324 667 432 700 quam
459 657 675 700 duplicando
702 658 822 693 dicere
849 662 955 700 atquc
983 668 1182 701 proponere
1210 657 1409 698 voluerant,
1435 657 1480 691 ad
1506 657 1651 700 plenum
1679 657 1811 692 auditis
1838 669 1880 692 ac
1905 658 1946 694 in

324 719 460 747 arresto
483 712 732 757 appunetatis;
758 713 842 746 visis
866 712 1012 755 insuper
1034 711 1270 754 querimonia,
1290 711 1419 746 litteris
1442 723 1484 745 ac
1511 710 1743 746 munimentis
1765 710 1945 747 dictarum

323 767 510 811 parcit1n13
530 767 832 810 consideratisque
855 767 1049 811 diligenter
1071 778 1113 801 ac
1137 766 1287 801 actentis
1311 766 1578 801 considerandis
1593 769 1628 801 et
1649 766 1891 809 actendendis,
1909 770 1945 804 et

323 834 391 866 (1110
418 823 551 857 dictam
581 827 737 857 nostram
767 822 905 856 curiam
934 822 972 856 111
1002 822 1070 856 1130
1101 825 1202 865 parte
1233 832 1375 855 movere
1402 824 1566 865 poterant
1594 824 1628 856 et
1653 822 1853 866 debebant3
1881 834 1945 867 per

323 880 499 912 arrestum
516 878 674 922 ejusdem
699 877 799 912 curie
822 877 957 912 dictum
982 877 1062 917 fuit,
1081 877 1176 919 quod
1204 875 1332 920 prefati
1357 875 1543 919 episcopus
1565 878 1601 910 et
1623 876 1665 911 de
1690 877 1857 912 Peronna
1872 888 1945 913 non

322 935 425 967 erant
442 943 555 975 neque
572 935 665 972 sunt,
685 935 724 966 ut
740 935 1008 975 conquerentes
1028 931 1251 972 admittendi,
1271 931 1435 974 ipsosque
1452 942 1523 965 non
1539 930 1683 966 admisit
1706 942 1771 966 nec
1787 931 1944 967 admittit

324 987 425 1021 curia
449 990 571 1021 nostra
594 990 814 1029 memorata3
844 986 1206 1029 manutenebiturque
1229 989 1264 1021 et
1291 985 1561 1020 conservabitur
1583 985 1783 1021 antedictus
1805 986 1943 1022 archie-

322 1041 487 1084 piscopus
515 1040 554 1074 in
578 1040 856 1084 possessionibus
881 1044 916 1075 et
942 1041 1082 1075 saisinis
1106 1052 1169 1083 per
1195 1040 1312 1084 ipsum
1339 1051 1447 1083 supra
1474 1039 1676 1083 propositis,
1694 1039 1883 1084 ipsumque
1904 1040 1944 1076 in

321 1095 453 1130 eisdem
478 1095 703 1130 conservavit
729 1099 764 1130 et
790 1095 1029 1137 manutenuit,
1048 1099 1256 1130 manutenet
1279 1098 1314 1130 et
1337 1097 1524 1129 conservat
1546 1094 1668 1129 eadem
1693 1095 1795 1130 curia
1821 1097 1944 1131 nostra

321 1162 540 1195 manumque
575 1155 732 1186 nostram
770 1152 877 1186 rebus
915 1151 1151 1186 eontenciosis
1188 1151 1398 1195 appositam,
1439 1162 1544 1185 omne
1573 1149 1867 1193 impedimentum
1896 1150 1943 1185 ad

321 1205 515 1240 utilitatem
532 1205 643 1249 ipsius
659 1206 920 1250 archiepiscopi
937 1207 1133 1241 amovendo
1157 1206 1290 1240 levavit
1306 1208 1413 1249 atque
1428 1206 1523 1240 levat
1537 1218 1546 1247 ;
1563 1216 1606 1239 ac
1628 1205 1722 1248 ipsos
1737 1204 1943 1249 episcopum

322 1264 357 1295 et
381 1261 424 1295 de
449 1261 615 1296 Perenna
638 1261 677 1295 in
703 1261 866 1305 expensis
892 1262 1000 1305 hujus
1027 1261 1183 1305 episcopi
1208 1260 1482 1304 condempnavit
1505 1271 1568 1304 per
1591 1259 1685 1295 idem
1708 1262 1885 1294 arrestum
1908 1261 1944 1295 et

322 1317 559 1360 condempnat
597 1316 700 1351 curia
730 1320 851 1352 nostra
882 1316 1099 1361 supradicta,
1135 1317 1329 1351 earundem
1359 1326 1595 1359 expensarum
1625 1315 1813 1350 taxacione
1841 1314 1941 1351 curie

321 1374 441 1406 nostre
457 1371 614 1415 predicte
630 1374 822 1406 reservata.

364 1426 653 1462 Pronunciatum
669 1426 797 1461 ultima
813 1426 871 1461 die
885 1426 998 1468 Junii,
1017 1437 1112 1461 anno
1130 1426 1275 1461 Domini
1290 1425 1482 1461 M⁰CCCC⁰
1498 1424 1621 1460 tercio.

665 1502 870 1546 Afgedrukt
893 1503 941 1545 bij
966 1503 1008 1537 P.
1027 1502 1153 1544 Varin,
1183 1502 1358 1537 Archives
1386 1503 1703 1537 administratives
1726 1501 1772 1536 de
1795 1501 1833 1537 la
1854 1502 1942 1538 ville

711 1557 755 1591 de
770 1557 907 1599 Reims,
926 1558 1005 1593 deel
1020 1557 1083 1599 ΠΙ,
1102 1557 1169 1592 blz.
1188 1559 1344 1599 639-643,
1359 1559 1455 1592 noot.

1068 1690 1190 1734 246.

383 1817 521 1869 1404,
547 1818 749 1861 Januarz'
781 1820 827 1870 7,
853 1818 886 1861 's
912 1817 1225 1874 Gravenhaye.
1261 1818 1393 1861 Bevel
1431 1831 1516 1861 van
1552 1816 1776 1869 Albrecht,
1817 1817 1948 1874 graaf

319 1899 407 1930 van
431 1887 618 1930 Holland
642 1901 695 1930 en
718 1887 917 1938 Zeeland,
940 1886 1322 1944 voorschrijVende
1345 1900 1426 1929 333
1448 1886 1491 1929 31
1513 1886 1565 1928 (10
1588 1885 1833 1929 overheden
1855 1899 1942 1929 van

320 1956 433 2013 zijne
456 1959 616 2008 staten,
645 1956 719 2000 dat
741 1957 791 2014 zij
818 1957 901 1999 den
923 1956 1191 2012 pauselijken
1215 1955 1472 2010 inquisiteur·
1494 1968 1601 1998 voor
1633 1954 1684 1997 de
1716 1955 1945 2010 Duytsclze

321 2024 486 2068 landen
503 2025 666 2082 Eylard
688 2025 970 2077 Schoneveld‚
992 2024 1266 2080 predikheer,
1289 2037 1340 2066 en
1359 2024 1411 2067 de
1430 2024 1534 2067 door·
1550 2024 1651 2067 hem
1667 2023 1944 2079 aangestelde

322 2093 731 2151 plaatsvervangers
774 2095 819 2138 in
860 2094 938 2137 het
979 2107 1166 2150 vangen,
1208 2093 1509 2136 onderzoeken
1553 2106 1608 2135 en
1649 2091 1826 2135 straffen
1867 2092 1945 2135 der

321 2161 489 2205 ketters
512 2177 567 2206 en
590 2163 763 2206 hunner
784 2163 1060 2219 aanhangers
1081 2161 1362 2218 behulpzaam
1384 2161 1548 2204 zouden
1570 2162 1672 2218 zijn,
1695 2174 1750 2204 en
1781 2160 1854 2204 dat
1885 2161 1938 2218 zij

322 2230 374 2274 de
392 2245 573 2287 gewone
594 2232 777 2275 kerkers
793 2234 838 2275 te
856 2232 1029 2274 hunner
1044 2230 1331 2286 beschikking
1349 2230 1504 2273 stellen
1522 2244 1577 2274 en
1593 2229 1646 2273 de
1661 2228 1941 2285 inquisiteurs

321 2302 454 2357 tegen
476 2301 517 2343 al
538 2301 686 2344 hunne
702 2297 908 2358 vijanden
926 2300 1186 2356 verdedigen
1204 2299 1384 2343 zouden.

366 2424 571 2466 Aelbrecht,
603 2427 671 2460 010.
703 2425 801 2460 laten
831 2436 856 2459 u
887 2427 1002 2460 weten
1039 2425 1135 2460 allen
1173 2435 1283 2459 onsen
1313 2423 1538 2464 baem-ichen,
1573 2422 1753 2464 rfflderen,
1786 2423 1941 2467 knapen,

325 2478 531 2521 bailiuwen,
557 2482 716 2521 scouten,
743 2480 1066 2524 burgermeestren,
1092 2490 1277 2523 scepenen,
1295 2478 1483 2513 rechteren
1505 2478 1595 2512 ende
1617 2478 1836 2522 amptluden,
1853 2478 1944 2514 ende

324 2534 419 2570 voirt
434 2535 529 2569 allen
551 2535 724 2579 prelaten,
744 2535 979 2579 priesterscap
999 2535 1089 2570 ende
1110 2535 1267 2569 anderen
1290 2544 1400 2568 onsen
1422 2533 1623 2577 ghemenen
1645 2533 1753 2568 luden
1769 2533 1890 2568 overal
1904 2533 1942 2568 in

325 2601 435 2625 onsen
460 2590 592 2625 landen
616 2593 762 2634 geseten
786 2590 922 2625 binnen
943 2590 1065 2625 steden
1091 2589 1181 2624 ende
1204 2588 1283 2623 dair
1309 2589 1431 2629 buten,
1449 2588 1511 2622 dat
1535 2586 1594 2622 die
1620 2588 1767 2622 eerbare
1791 2590 1942 2623 meester

329 2645 473 2689 Eylaert
487 2645 712 2687 Schonevelt,
727 2657 796 2680 van
812 2646 881 2680 den
897 2645 1108 2689 predicaren
1125 2643 1261 2685 oirden,
1278 2645 1429 2678 mee-ster
1443 2642 1483 2676 in
1497 2643 1562 2676 der
1572 2641 1753 2686 heiligher
1763 2642 1940 2684 scrifture,

326 2700 364 2735 bi
381 2712 444 2735 ons
467 2700 646 2744 gheweest
672 2700 703 2735 is
718 2701 808 2735 ende
823 2701 920 2735 heeft
935 2711 998 2735 ons
1014 2699 1080 2734 mit
1095 2700 1217 2734 bullen
1241 2710 1304 2733 ons
1319 2697 1505 2742 heilighen
1519 2697 1645 2732 vaders
1668 2698 1729 2733 des
1751 2709 1860 2742 paeus
1874 2709 1946 2733 van

327 2755 467 2790 Romen
483 2755 567 2789 wail
598 2755 804 2798 onderwijSt
820 2766 890 2789 van
907 2754 1108 2789 commissie
1123 2754 1213 2788 ende
1229 2753 1427 2797 bevelinge,
1445 2752 1504 2787 die
1518 2751 1577 2786 die
1592 2752 1686 2787 selve
1701 2763 1786 2788 onse
1811 2752 1945 2798 heilige

326 2810 436 2845 vader
451 2810 509 2845 die
525 2822 633 2854 paeus
649 2810 726 2845 him
743 2811 907 2855 ghedaen
922 2809 1019 2845 heeft
1041 2821 1099 2844 om
1127 2812 1162 2844 te
1188 2808 1432 2843 ondersoeken
1458 2807 1497 2842 13
1519 2806 1739 2841 alrehanden
1764 2805 1945 2850 Duytsche

327 2866 457 2901 landen
473 2866 562 2900 ende
577 2865 809 2910 sunderlinge
824 2865 863 2900 in
878 2865 947 2900 den
963 2876 1073 2899 onzen
1089 2864 1192 2899 sulke
1214 2862 1480 2908 onghelovighe
1501 2861 1585 2896 lude
1607 2861 1660 2895 als
1681 2860 1762 2896 dair
1776 2860 1815 2895 in
1827 2871 1944 2896 wesen

327 2920 506 2962 moehten,
520 2921 598 2956 dats
614 2923 648 2957 te
664 2924 779 2956 weten
794 2920 852 2956 die
868 2919 1000 2966 enighe
1014 2919 1162 2964 pointen
1177 2918 1322 2954 hielden
1337 2918 1377 2953 of
1388 2917 1610 2958 starckeden,
1629 2915 1688 2952 die
1704 2915 1858 2961 jeghens
1872 2915 1942 2951 den
