2097 3466
747 234 880 272 ANNO
904 248 934 270 6.
963 237 1062 270 1380
1667 238 1729 273 245

858 373 970 418 231.

159 503 416 548 Omstreeks
440 502 576 550 1380,
604 503 829 558 Kampen.
858 501 1096 544 Uittreksel
1128 501 1190 544 uit
1219 501 1296 543 het
1322 501 1572 544 Clu-onicon
1605 501 1726 544 Win-

96 574 353 617 desmnmzse
375 585 458 614 van
480 571 705 614 Johannes
728 569 940 613 Buschius
957 570 1006 627 (†
1031 569 1164 626 1471)
1184 583 1288 612 over
1310 570 1385 612 het
1402 569 1619 625 gebearde
1636 574 1724 612 met

96 642 279 685 broeder
300 640 641 684 Bartholomaeus
664 653 717 681 en
743 641 830 681 met
851 639 964 696 zijne
994 639 1249 694 vervolgers
1272 642 1316 681 te
1338 639 1550 693 Kampen.
1581 663 1627 668 —
1657 639 1722 680 Na

95 710 148 754 de
169 709 499 764 veroordeeling
520 721 604 750 van
628 707 709 750 den
729 707 875 750 ketter
893 708 936 750 in
959 708 988 750 't
1011 707 1240 764 geestelijk
1260 706 1394 750 hoste
1413 707 1598 749 Utrecht
1615 705 1722 749 door

95 779 279 823 toedoen
301 791 385 821 van
407 777 540 821 Geert
561 776 737 829 Groote,
760 776 935 818 werden
959 776 1010 818 de
1029 776 1274 832 schepenen
1297 789 1382 818 van
1404 776 1601 830 Kampen
1619 774 1722 817 boos

96 862 149 891 en
172 847 436 903 vervolgden
460 846 625 889 Geert’s
649 845 856 887 vrienden
880 846 921 888 in
945 845 1093 887 hunne
1116 845 1228 888 stad.
1254 846 1337 886 Zoo
1359 844 1482 888 werd
1504 844 1556 886 de
1579 847 1723 886 rector

95 919 288 962 Werner
314 915 572 973 Keynkamp
606 928 691 957 van
724 913 908 957 Lochem
941 927 1048 957 voor
1074 913 1164 957 tien
1181 914 1308 970 ι]’31”611
1331 913 1395 956 uit
1421 913 1619 970 Kampen
1649 925 1723 968 ge-

95 985 285 1030 bannen.

139 1101 229 1136 Cum
255 1098 370 1144 igitur
392 1099 565 1144 magister
589 1098 769 1134 Gerardus
791 1097 913 1141 plures
940 1097 979 1132 in
1007 1096 1151 1141 Campis
1179 1097 1356 1132 ferventes
1384 1093 1519 1129 faciens
1542 1104 1723 1129 sermones

94 1155 203 1190 corda
219 1153 458 1198 plurimorum
483 1153 642 1188 fidelium
659 1155 837 1188 averteret
860 1153 906 1186 ab
930 1151 1122 1196 iniquitate
1140 1162 1270 1194 eosque
1294 1151 1332 1184 in
1348 1148 1444 1183 viam
1460 1147 1555 1184 vitae
1579 1151 1614 1184 et
1636 1149 1725 1184 veri-

94 1209 177 1246 tatis
207 1209 397 1249 inducens,
431 1208 477 1243 ad
507 1207 644 1252 patriae
675 1207 836 1242 coelestis
867 1218 1027 1241 amorem
1058 1206 1289 1240 vehementer
1320 1204 1579 1244 inflammaret,
1613 1204 1725 1239 frater

93 1262 241 1307 quidam
267 1261 404 1297 ordinis
434 1262 667 1297 eremitarum
694 1262 808 1296 sancti
836 1260 1044 1305 Augustini,
1075 1271 1189 1294 novus
1221 1257 1428 1302 Campensis
1455 1262 1491 1292 ct
1518 1256 1724 1292 Swollensis

93 1317 336 1358 terminatius,
355 1317 500 1351 nomine
516 1316 814 1352 Bartholomaeus
829 1315 945 1351 eidem
962 1316 1081 1359 palam
1097 1314 1263 1349 resistere
1277 1324 1350 1347 non
1366 1311 1586 1347 formidavit.
1607 1311 1721 1353 Quem

92 1373 265 1418 magister
281 1372 460 1407 Gerardus
476 1372 521 1406 ad
538 1371 676 1406 curiam
695 1371 959 1415 TraJ'ectensem
977 1371 1126 1405 citatum
1139 1373 1179 1404 ut
1191 1369 1310 1403 virum
1324 1368 1520 1408 indoctum,
1536 1366 1721 1409 infamem,

92 1427 338 1469 criminosum,
356 1427 786 1471 pmudopraedicatorem,
806 1427 889 1461 fidei
905 1427 1166 1461 devastatorem
1182 1427 1217 1459 et
1234 1423 1425 1458 novissime
1442 1426 1482 1457 ut
1497 1422 1720 1457 haereticum

93 1481 309 1523 convictum,
328 1481 485 1516 obtinuit
510 1493 593 1517 eum
617 1484 658 1516 ut
683 1482 792 1516 talem
813 1480 1040 1526 judicialiter
1064 1478 1308 1514 condemnari.
1328 1478 1433 1519 Quod
1455 1477 1594 1512 scabini
1619 1478 1720 1512 Cam-

93 1549 216 1582 penses
233 1537 436 1572 contrariae
453 1537 547 1581 parti
571 1537 729 1572 faventes
752 1536 902 1581 indigne
924 1536 1086 1570 tulerunt
1107 1538 1141 1569 et
1165 1534 1299 1568 amicos
1315 1545 1358 1567 ac
1381 1533 1539 1567 fautores
1554 1532 1722 1577 magistri

93 1592 244 1628 Gerardi
266 1592 394 1637 Magni
417 1592 461 1626 de
485 1591 614 1636 oppido
640 1591 828 1635 Campensi
853 1591 1057 1626 disturbare
1081 1593 1164 1624 sunt
1189 1587 1363 1633 aggressi.
1383 1587 1460 1622 Hac
1485 1586 1601 1632 igitur
1623 1598 1722 1622 occa-

91 1648 191 1684 sione
217 1647 339 1683 fratris
367 1647 478 1682 nostri
498 1647 670 1682 VVerneri
693 1647 920 1691 (Ke5nkamp
943 1647 987 1680 de
1011 1645 1180 1687 Lochem)
1205 1642 1405 1679 constantia
1433 1642 1597 1677 omnibus
1626 1643 1721 1677 facta

92 1707 145 1738 ost
159 1703 359 1738 manifesta.
378 1703 467 1737 Cum
485 1702 581 1737 enim
598 1702 730 1737 ibidem
748 1705 866 1736 rector
878 1713 938 1735 seu
957 1700 1182 1735 submonitor
1193 1702 1284 1734 esset
1300 1697 1531 1739 scholarium,
1546 1697 1720 1742 magistro

93 1759 252 1794 Gerardo
276 1757 478 1793 firmissime
502 1757 700 1792 adhaerens
725 1756 764 1791 in
787 1756 1002 1801 praemissis,
1026 1759 1173 1800 propter
1188 1754 1377 1789 veritatem
1392 1756 1427 1788 et
1448 1752 1532 1787 fidei
1556 1755 1719 1788 constan-

91 1813 180 1849 tiam
205 1813 348 1857 publice
371 1813 520 1848 eductus
548 1816 599 1847 est
622 1813 666 1847 de
691 1812 834 1856 Campis
862 1816 1034 1855 tanquam
1058 1811 1279 1851 malefactor,
1309 1808 1486 1853 recipiens
1514 1819 1537 1843 a
1563 1808 1718 1843 scabinis

90 1869 322 1906 interdictum
338 1880 382 1904 ne
399 1869 494 1904 infra
509 1869 632 1904 decem
649 1880 761 1903 annos
777 1868 853 1903 11116
869 1868 988 1903 redire
1005 1870 1260 1912 praesumeret.

438 1946 519 1981 Joh.
550 1945 738 1987 Buschius,
779 1944 984 1981 Chronicon
1008 1945 1314 1985 W'z'ndescmense,
1347 1942 1494 1988 uitgave
1525 1953 1595 1977 van
1626 1941 1713 1978 Ros-

480 2001 614 2046 weyde,
634 2001 698 2036 blz.
717 2003 780 2037 393
797 2012 841 2037 en
857 2003 944 2044 3943
969 1999 1117 2045 uitgave
1131 2010 1202 2035 van
1219 1999 1339 2034 Grube
1354 2000 1476 2041 (1888),
1495 1998 1561 2033 blz.
1580 1999 1634 2032 87.

846 2149 965 2194 232.

152 2277 409 2321 Omstreeks
445 2278 583 2327 1380,
620 2278 846 2332 Kampen,
882 2275 1064 2325 Ζωοίἰε,
1110 2273 1304 2326 Πίνεοήί,
1331 2286 1431 2317 enz.
1462 2273 1612 2317 Ander
1636 2274 1721 2318 uit-

89 2346 252 2390 treksel
275 2347 337 2389 uit
360 2347 435 2390 het
472 2347 720 2391 Clzrom'eon
763 2346 1126 2388 Windesemense
1158 2358 1261 2386 over
1302 2343 1383 2386 den
1427 2343 1719 2400 augustijner-

88 2415 271 2458 broeder
307 2416 652 2459 Bartholomaeus
689 2428 774 2457 van
812 2414 888 2457 het
926 2413 1248 2456 Dordrechtsch
1287 2412 1479 2456 klooster
1517 2426 1570 2454 en
1608 2413 1721 2469 zijne

89 2483 416 2541 veroordeeling
438 2485 502 2527 als
535 2484 681 2527 ketter
703 2497 755 2539 op
784 2483 859 2527 het
884 2482 1160 2539 hardnekkig
1182 2482 1452 2538 aandringen
1474 2495 1561 2525 van
1583 2481 1719 2525 Geert

88 2554 264 2597 Groote.
306 2579 362 2585 —
402 2554 461 2596 De
502 2553 722 2610 augustijn
762 2552 846 2595 had
883 2556 927 2595 te
963 2553 1160 2608 Kampen
1199 2551 1432 2595 verdachte
1465 2564 1719 2594 sermoenen

89 2626 218 2679 tegen
242 2622 294 2665 de
315 2622 579 2665 leerstelsels
602 2635 683 2664 van
707 2621 841 2664 Geert
861 2621 1020 2665 Groote
1046 2621 1288 2676 gepredikt‚
1313 2633 1487 2676 waarop
1509 2620 1612 2662 deze
1635 2633 1718 2663 aan

89 2691 172 2735 den
210 2693 386 2748 pastoor
418 2704 503 2734 van
537 2691 696 2733 Zwolle
728 2689 902 2733 schreef
926 2704 994 2733 om
1028 2689 1089 2732 dit
1111 2693 1154 2732 te
1190 2689 1296 2732 keer
1324 2692 1369 2732 te
1391 2703 1519 2745 gaan.
1546 2689 1718 2731 Daarna

90 2760 196 2804 deed
218 2760 277 2818 hij
304 2760 646 2804 Bartholomaeus
674 2757 777 2802 voor
799 2759 874 2802 het
897 2758 1124 2815 geestelijk
1149 2758 1227 2801 hof
1243 2772 1327 2801 van
1351 2758 1536 2802 Utrecht
1555 2757 1718 2813 dagen;

90 2829 196 2872 daar
232 2829 468 2872 loochende
500 2828 552 2871 de
586 2828 765 2871 monnik
800 2829 840 2870 al
874 2829 985 2885 zijne
1017 2827 1237 2883 gezegden
1261 2841 1316 2869 en
1348 2826 1468 2869 werd
1499 2826 1604 2869 door
1635 2826 1718 2868 den

90 2898 246 2942 vicaris
283 2897 359 2941 des
391 2897 611 2955 bisschops
645 2901 711 2941 tot
743 2911 848 2939 eene
885 2895 1101 2955 openbare
1135 2896 1396 2952 herroeping
1428 2909 1511 2938 van
1545 2908 1598 2954 op
1631 2895 1713 2940 den
