2097 3466
806 205 938 240 ANNO
966 207 1064 239 1413
1683 204 1748 238 289

158 309 210 342 15.
229 306 358 342 Ν1111115
373 309 426 342 051
448 306 614 341 (10111111115
631 305 760 347 01ν1115,
781 306 902 340 nullus
917 309 970 341 est
993 306 1185 350 praelatus,
1213 305 1335 339 nullus
1351 307 1404 340 est
1428 304 1627 350 episeopus,
1657 305 1743 340 dum

113 363 167 397 est
182 361 220 396 in
237 364 384 405 peccato
402 361 559 396 mortali.

159 418 210 450 16.
228 415 372 450 Domini
398 416 610 459 temporales
627 420 773 460 possunt
796 416 840 450 ad
858 415 1049 450 arbitrium
1067 426 1171 450 suum
1188 415 1331 449 auferre
1350 415 1443 449 bona
1467 414 1681 459 temporalia
1697 416 1742 450 ab

113 471 264 506 ecclesia
288 471 554 515 possessionatis
581 471 814 507 habitualiter
840 471 1144 516 delinquentibus,
1170 470 1207 505 id
1223 474 1335 506 estex
1364 470 1502 512 habitu,
1530 483 1601 506 non
1625 471 1741 507 solum

113 528 209 567 actu,
227 525 530 569 delinquentibus,

158 583 210 616 17.
230 581 427 625 Populares
442 585 589 625 possunt.
604 582 650 616 ad
666 594 770 616 51111111
787 581 979 616 arbitrium
997 581 1162 616 eominus
1178 579 1427 623 delinquentes
1445 581 1640 625 corrigere.

158 637 210 671 18.
231 635 399 670 Decimae
422 640 505 670 sunt
532 648 643 680 purae
666 637 913 680 eleemosynae
939 639 974 671 et
1003 639 1149 679 possunt
1176 634 1388 678 parochiani
1422 639 1568 680 propter
1600 638 1747 680 peccata

114 702 263 726 suorum
279 691 522 734 praelatorum
539 692 585 725 ad
600 691 744 726 libitum
763 703 866 725 suum
885 702 944 725 cas
960 691 1115 725 auferre.

160 747 212 780 19.
246 744 426 789 Speciales
450 746 630 780 orationes
653 746 854 790 applicatae
883 746 944 780 uni
975 756 1146 789 personae
1174 756 1238 788 per
1265 745 1444 788 praelatos
1467 746 1523 780 vel
1554 745 1744 790 religiosos

114 812 186 836 non
202 801 282 845 plus
299 804 447 845 prosunt
465 800 579 835 eidem
597 813 705 844 quam
722 801 920 845 generales,
941 800 1091 836 caeteris
1108 799 1266 844 paribus.

158 858 211 890 20.
231 855 425 890 Conferens
442 855 702 899 eleemosynam
720 855 892 890 fratribus
908 858 961 890 est
972 854 1304 889 excommunicatus
1321 865 1362 889 00
1379 855 1486 889 facto.

158 912 212 945 21.
231 909 270 944 Si
286 909 417 954 aliquis
439 909 645 954 ingreditur
660 909 875 955 religionem
899 910 1076 954 privatam
1101 910 1389 954 qualemcunque
1414 912 1488 944 tam
1509 910 1745 954 possessiona·

115 968 233 1002 torum
267 977 375 1009 quam
398 965 693 1006 mendicantium,
720 966 884 1000 redditur
920 965 1075 1009 ineptior
1102 967 1137 1000 01
1162 964 1362 999 inhabilior
1389 965 1434 999 ad
1459 965 1746 1001 observationem

112 1021 366 1056 mandatorum
384 1020 461 1055 Dei.

156 1078 209 1111 22.
230 1075 351 1111 Sancti
369 1076 596 1111 instituentes
614 1075 808 1120 religiones
825 1076 983 1120 privatas
999 1076 1050 1110 510
1071 1075 1292 1111 instituendo
1309 1078 1563 1120 peccaverunt.

157 1133 211 1166 23.
230 1130 408 1176 Religiosi
432 1130 590 1166 viventes
618 1131 657 1165 in
685 1131 923 1175 religionibus
951 1131 1102 1175 privatis
1128 1142 1199 1165 non
1227 1134 1310 1166 sunt
1337 1131 1381 1165 de
1408 1128 1587 1174 religione
1624 1126 1742 1162 Chris-

112 1183 224 1220 tiana.

156 1243 209 1275 24.
229 1241 375 1276 Fratres
397 1243 567 1276 tenentur
590 1253 653 1286 per
679 1243 820 1278 labores
843 1254 1016 1278 manuum
1039 1241 1176 1277 victum
1200 1240 1390 1286 acquirere
1413 1243 1449 1277 et
1472 1251 1543 1275 non
1567 1251 1631 1284 per
1646 1250 1743 1274 men-

111 1296 310 1332 dicitatem.
1552 1306 1555 1311 ·

155 1351 282 1387 Prima
305 1363 388 1396 pars
412 1355 465 1387 est
487 1353 697 1387 scandalosa
719 1356 755 1388 et
779 1356 1073 1397 praesumptuose
1104 1355 1250 1393 asserta,
1270 1363 1334 1396 pro
1359 1354 1492 1396 quanto
1517 1350 1568 1384 510
1591 1360 1740 1394 genera-

111 1407 195 1442 liter
210 1411 246 1443 et
269 1407 476 1443 indistincte
500 1407 662 1451 loquitur
676 1412 712 1444 01
734 1409 891 1444 secunda
906 1420 1069 1450 erronea,
1088 1419 1153 1452 pro
1170 1411 1305 1450 quanto
1321 1407 1448 1442 asserit
1472 1405 1742 1441 mendicitatem

112 1462 287 1498 fratribus
304 1474 376 1497 non
393 1463 516 1499 licere.

154 1519 209 1552 25.
229 1517 361 1553 Omnes
376 1522 460 1554 sunt
482 1518 682 1562 simoniaci,
701 1520 763 1565 qui
787 1532 824 1556 se
847 1520 1011 1566 obligant
1033 1532 1138 1556 ora-re
1154 1533 1218 1566 pro
1241 1519 1322 1555 aliis
1346 1518 1397 1554 015
1421 1518 1459 1553 111
1482 1515 1741 1561 temporalibus

112 1573 420 1610 subvenientibus.

155 1631 208 1664 26.
229 1629 355 1665 Oratio
371 1631 539 1674 praesciti
557 1632 648 1667 nulli
666 1634 772 1668 valet.

156 1686 209 1718 27.
229 1684 360 1719 Omnia
376 1685 419 1720 de
436 1688 646 1723 necessitate
662 1689 827 1723 absoluta
844 1688 1028 1723 eveniunt.

154 1741 208 1774 28.
228 1740 462 1776 Confirmat-io
482 1743 672 1786 juvenum,
705 1743 920 1778 clericorum
950 1742 1143 1783 ordinatio,
1177 1742 1340 1776 locorum
1369 1738 1592 1776 consecratio
1625 1749 1738 1774 reser-

109 1797 243 1830 vantur
258 1807 370 1840 papae
386 1799 422 1831 et
437 1796 612 1841 episcopis
629 1801 775 1841 propter
791 1797 1025 1841 cupiditatem
1042 1797 1136 1831 lucri
1153 1796 1363 1840 temporalis
1380 1798 1415 1830 et
1432 1795 1592 1830 honoris.

155 1854 207 1886 29.
227 1851 498 1893 Universitates,
517 1853 647 1895 studia,
673 1854 838 1898 collegia,
865 1853 1121 1898 graduationes
1145 1855 1180 1887 et
1204 1852 1414 1897 magisteria
1437 1850 1476 1884 in
1499 1849 1634 1884 eisdem
1657 1850 1741 1882 sunt

110 1917 204 1941 vana
219 1907 423 1952 gentilitate
439 1907 646 1943 introducta
663 1911 699 1944 et
715 1913 864 1952 prosunt
879 1909 1051 1943 ecclesiae
1068 1908 1161 1942 sicut
1176 1907 1335 1942 diabolo.

154 1964 209 1997 30.
228 1962 562 1998 Excommunicatio
590 1975 701 2008 papae
728 1965 785 1998 vel
816 1966 1062 2007 cujuscunque
1090 1962 1242 2007 praelati
1270 1974 1342 1997 non
1371 1964 1424 1996 est
1454 1959 1628 2001 timenda,
1656 1958 1742 2002 quia

115 2019 168 2052 est
184 2028 337 2052 censura
353 2018 572 2053 antichristi.

158 2073 212 2106 31.
232 2072 389 2107 Peccant
405 2073 595 2108 fundantes
612 2074 768 2108 claustra
785 2075 820 2108 01
843 2072 1087 2117 ingredientes
1104 2075 1187 2107 sunt
1203 2071 1273 2105 viri
1289 2069 1474 2106 diabolici.

159 2128 213 2161 32.
233 2127 358 2162 Ditare
375 2128 510 2162 clerum
528 2131 581 2162 est.
597 2131 723 2162 contra
739 2128 904 2172 regulam
923 2126 1070 2162 Christi.

158 2183 212 2216 33.
232 2181 412 2226 Sylvester
428 2194 520 2227 papa
535 2189 570 2218 et
588 2184 842 2218 Constantinus
859 2183 1056 2226 imperator
1071 2184 1285 2216 erraverunt
1301 2181 1490 2216 ecclesiam
1507 2179 1675 2215 dotando.

158 2238 212 2270 34.
234 2236 365 2271 Omnes
381 2238 424 2272 de
441 2239 566 2273 ordine
591 2238 873 2273 mendicantium
896 2240 979 2271 sunt.
1001 2236 1186 2277 haeretici,
1206 2240 1241 2271 et
1257 2237 1380 2270 dantes
1404 2235 1454 2270 015
1482 2236 1744 2278 eleemosynam

117 2295 202 2328 sunt
218 2293 533 2329 excommunicati.

158 2347 476 2392 35.1n‘‹3;redientes=
499 2349 713 2394 religionem
737 2351 800 2384 aut
823 2348 982 2392 aliquem
1010 2346 1174 2382 ordinem
1202 2358 1244 2381 eo
1268 2346 1344 2390 ipso
1373 2345 1551 2380 inhabiles
1584 2346 1668 2379 sunt
1698 2344 1744 2379 ad

114 2402 336 2437 observanda
363 2403 487 2438 divina
514 2407 703 2448 praecepta
732 2407 767 2439 et
795 2415 858 2447 per
881 2413 1101 2446 consequens
1129 2400 1174 2435 ad
1204 2400 1484 2444 perveniendum
1510 2401 1555 2434 ad
1588 2411 1741 2444 regnum

116 2457 313 2498 coelorum,
333 2457 402 2492 nisi
421 2459 703 2502 apostataverint
719 2459 764 2493 ab
782 2458 927 2493 eisdem.

158 2513 212 2546 36.
231 2511 332 2556 Papa
355 2524 436 2547 cum
461 2514 627 2548 omnibus
651 2513 792 2548 clericis
816 2513 889 2546 suis
915 2510 1169 2556 possessionem
1200 2509 1416 2544 habentibus
1444 2514 1528 2544 suut
1555 2509 1744 2551 haeretici,

114 2579 156 2602 eo
181 2568 276 2612 quod
300 2569 535 2612 possessiones
559 2569 692 2605 habent
715 2572 751 2605 ct
775 2568 1036 2604 consentientes
1059 2566 1122 2607 eis,
1149 2577 1271 2600 omnes
1306 2565 1473 2600 videlicet
1503 2565 1640 2600 domini
1669 2576 1744 2600 sae-

114 2623 254 2658 culares
271 2627 307 2659 et
323 2625 456 2659 caeteri
476 2625 572 2660 laici.

157 2679 212 2712 37.
231 2678 393 2714 Ecclesia
417 2679 582 2715 Romana
611 2683 663 2716 est
679 2691 865 2725 synagoga
889 2679 1056 2719 Satanae,
1084 2688 1148 2711 nec
1173 2687 1265 2720 papa
1287 2679 1340 2711 051
1362 2674 1546 2720 proximus
1569 2676 1744 2712 0111111110-

114 2731 233 2767 diatus
248 2731 408 2768 vicarius
427 2734 561 2769 Christi
578 2738 612 2770 et
629 2735 886 2779 apostolorum.

158 2789 212 2823 38.
231 2787 438 2825 Decretales
465 2792 639 2834 epistolae
661 2796 745 2826 sunt
767 2789 988 2835 apocriphae
1011 2791 1046 2823 01
1069 2787 1245 2822 seducunt
1269 2796 1289 2819 a
1307 2785 1377 2821 fide
1395 2784 1543 2828 Christi,
1564 2790 1599 2821 et
1623 2784 1751 2822 clerici

115 2846 200 2879 sunt
215 2843 332 2884 stulti.
350 2845 412 2887 qui
429 2846 575 2881 student
592 2857 663 2881 eas.

159 2899 214 2934 39.
243 2898 445 2941 Imperator
477 2902 512 2935 et
542 2901 680 2936 domini
710 2900 914 2937 saeculares
944 2902 1028 2934 sunt
1063 2894 1203 2932 seducti
1239 2907 1260 2929 a
1288 2895 1445 2938 diabolo,
1483 2899 1525 2931 111
1559 2897 1752 2932 ecclesiam

116 2953 285 2989 dotarent
301 2952 406 2989 bonis
423 2955 697 3000 temporalibus.
1626 2955 1668 2988 19
