2097 3466
787 248 918 283 ANNO
944 250 1041 282 1472
1660 248 1721 280 4:35

109 341 290 378 loceasion
305 353 374 385 que
398 341 448 376 les
467 352 554 386 gens
578 340 722 376 laissent
746 341 916 376 couchier
938 342 1034 376 leurs
1056 341 1180 376 enfans
1201 341 1259 375 del
1282 340 1363 385 aige
1385 341 1430 375 de
1445 352 1492 381 v.,
1512 341 1558 374 vi.
1584 351 1630 374 011
1646 339 1721 380 viij.

110 409 174 433 ans
189 397 381 438 ensamble,
399 397 443 431 de
465 395 526 430 dix
549 397 696 431 femmes
719 395 781 440 qui
804 408 841 431 se
864 396 1030 438 marient,
1049 395 1075 430 il
1103 407 1146 430 ne
1174 395 1287 430 marie
1311 407 1372 439 pas
1399 406 1480 436 une,
1499 394 1560 438 qui
1588 405 1632 429 ne
1658 392 1727 428 soit

110 452 271 488 ribaude.

155 507 244 543 Item
261 509 297 542 et
320 508 452 541 tantost
466 516 568 550 apres
585 517 630 542 en
653 506 756 542 icelle
785 505 932 541 meisme
959 504 1182 549 predication
1199 505 1299 548 parla
1313 504 1356 539 de
1372 505 1406 539 la
1423 507 1569 550 pourete
1591 504 1636 539 de
1650 504 1729 539 leur

112 561 268 607 religion
284 562 328 604 (1)
344 573 388 596 en
404 561 523 596 disant
538 572 606 605 que
629 561 655 596 11
680 561 805 596 nauoit
828 572 872 595 ne
896 560 1021 595 denier
1047 571 1091 595 ne
1106 559 1229 595 maille
1252 560 1286 594 al
1310 560 1423 595 hostel
1447 564 1482 595 et
1497 559 1572 603 quil
1596 571 1639 594 ne
1656 558 1730 603 gai-

114 619 276 664 gnoijent
290 616 403 659 riens3
422 619 457 651 et
471 616 718 652 meismement
733 627 801 660 que
818 616 853 650 la
868 615 1023 651 moittiet
1038 615 1099 650 des
1115 615 1226 649 freres
1241 615 1284 649 de
1301 615 1380 649 leur
1395 615 1533 649 maison
1549 615 1733 656 nauoijent

114 671 230 706 nulles
259 680 400 705 messes.
435 669 479 703 Et
505 669 586 713 puis
616 670 760 714 allegha
791 681 861 704 une
892 668 1084 704 auctoritet
1113 669 1157 703 de
1188 667 1291 703 Saint
1320 669 1498 704 Jeromme
1522 681 1566 705 en
1589 669 1730 704 disant:

116 740 133 754 u
152 725 400 769 Quiconcques
417 723 483 758 fait
497 723 574 758 dire
590 735 702 760 messe
718 736 740 759 a
757 736 832 769 ung
848 726 984 768 prestre
1001 724 1045 759 de
1062 723 1236 758 maluoise
1251 723 1307 758 vie
1329 736 1373 759 011
1402 725 1554 760 1116111015
1580 734 1732 769 geuuer-

115 783 269 820 nement,
288 789 425 814 comme
451 789 473 812 a
496 789 571 822 ung
595 778 655 822 qui
684 782 721 814 at
749 790 819 813 une
845 778 1039 822 mesquine‚
1066 778 1264 813 concubine
1288 790 1333 814 ou
1361 780 1523 821 ribaude,
1549 778 1575 813 il
1602 777 1733 822 pecche

115 836 362 870 mortelement
377 848 386 877 ς
403 838 439 870 01
456 835 559 878 celuy
576 834 636 878 qui
654 834 717 870 fait
734 835 811 870 dire
832 835 867 869 la
883 834 1097 869 dessurditte
1114 846 1236 875 messe,
1255 839 1307 870 cst
1330 835 1547 880 participant
1561 847 1597 869 es
1613 833 1734 868 111611111-

114 889 218 926 dudit
233 893 390 934 prestre;
412 906 427 919 ’ν
445 901 489 924 611
505 889 623 924 disant
639 901 766 924 encore
785 901 842 925 ces
859 890 1033 934 parolles:
1056 904 1070 917 u
1093 890 1137 924 Et.
1160 890 1192 924 ie
1216 894 1249 925 te
1271 891 1324 924 dis
1347 903 1412 935 par
1429 902 1503 925 mos
1526 901 1650 933 expres
1667 899 1735 932 quc

115 945 149 980 16
174 944 311 979 56111166
335 945 411 988 quil
435 944 510 983 fait,
530 956 573 979 ne
597 948 630 979 te
655 946 827 988 prourtite
844 945 945 988 point
969 956 1011 980 ne
1028 957 1099 980 aux
1115 956 1211 980 ames
1229 957 1319 989 pour
1342 946 1527 990 lesquelles
1550 948 1588 979 tu
1612 944 1645 978 le
1670 942 1736 977 fais

115 998 204 1034 dire.
226 1015 241 1028 n

159 1055 261 1096 Item,
287 1055 321 1090 le
343 1054 505 1090 dimence
528 1057 690 1095 ensuant,
720 1066 764 1089 en
791 1055 934 1098 parlaut
961 1055 1004 1090 (16
1033 1055 1243 1097 confession,
1270 1055 1340 1090 dist
1367 1055 1658 1099 publicquement
1682 1064 1738 1087 665

117 1110 293 1154 parolles:
314 1124 329 1137 u
349 1110 394 1144 Et
417 1110 534 1154 quelle
558 1109 757 1144 confession
782 1109 847 1144 fait
871 1121 916 1144 on
943 1121 965 1144 a
991 1122 1066 1155 ung
1093 1114 1240 1154 prestre,
1260 1111 1321 1154 qui
1345 1114 1397 1145 est
1421 1109 1598 1154 peecheur
1621 1111 1655 1143 et
1678 1108 1739 1152 qui

118 1165 357 1200 notoirement
379 1164 468 1200 tient
492 1176 561 1199 une
576 1164 786 1208 mesquine?
813 1164 855 1199 .Je
879 1176 966 1200 vous
993 1165 1051 1200 die
1078 1176 1146 1209 que
1171 1166 1254 1200 telle
1278 1165 1477 1200 confession
1501 1167 1553 1199 est
1575 1164 1618 1199 de
1642 1163 1740 1198 nulle

119 1220 269 1255 valleur.
290 1236 306 1249 n

162 1273 264 1316 Item,
283 1285 330 1309 ou
360 1274 547 1309 dimenche
570 1275 615 1308 In
637 1276 756 1309 ramis
773 1274 1004 1319 palmarum,
1024 1287 1068 1310 611
1093 1276 1236 1319 parlant
1259 1275 1442 1311 derechief
1461 1275 1504 1310 de
1528 1272 1739 1314 confession,

120 1328 192 1364 dist
214 1340 283 1372 que
302 1340 339 1364 se
362 1329 394 1364 16
411 1338 547 1373 prestre
563 1329 747 1364 cherchoit
770 1341 791 1363 a
815 1330 969 1365 aulcune
986 1341 1172 1374 personne,
1192 1342 1283 1375 pour
1306 1342 1377 1365 non
1401 1330 1505 1365 auoir
1528 1329 1643 1370 iuner,
1672 1339 1743 1363 une

121 1394 234 1419 messe
249 1395 296 1418 ou
312 1383 406 1418 deux
421 1395 466 1419 en
490 1383 689 1428 penitance,
709 1395 777 1428 que
800 1384 836 1419 la
852 1396 963 1419 messe
993 1387 1070 1420 nest
1093 1384 1193 1429 point
1217 1386 1401 1420 souffisant
1424 1383 1636 1429 penitanche
1653 1393 1744 1428 pour

122 1441 157 1476 16
172 1440 323 1485 pechiet.

165 1495 267 1537 Item,
286 1498 322 1531 et
344 1495 388 1530 sil
412 1495 582 1530 aduenoit
605 1507 673 1539 que
690 1495 823 1530 aulcun
839 1498 974 1540 prestre
999 1495 1188 1531 cherchast
1209 1507 1254 1530 en
1280 1494 1493 1539 penitanche
1516 1505 1537 1528 a
1553 1505 1624 1529 une
1646 1492 1744 1528 iosne

124 1550 198 1585 fille
213 1561 259 1584 ou
284 1550 382 1585 105116
405 1550 534 1585 femme
549 1550 683 1585 mariee
700 1550 800 1584 daler
823 1562 867 1585 611
885 1550 1115 1595 pelerinaige,
1133 1550 1203 1585 dist
1228 1562 1284 1585 ces
1308 1550 1484 1594 parolles:
1505 1564 1519 1577 ιι
1541 1549 1586 1584 Se
1609 1548 1746 1590 iestoije

124 1607 158 1642 le
174 1617 259 1651 pere
274 1618 320 1642 ou
336 1607 370 1642 le
385 1606 490 1648 mari,
509 1618 597 1641 vous
613 1618 660 1650 ny
677 1606 831 1642 enteries
847 1606 882 1641 ia
896 1619 904 1649 ς
923 1609 958 1642 61
982 1607 1025 1642 (16
1042 1606 1108 1641 fait
1131 1605 1164 1641 ie
1181 1618 1268 1641 vous
1284 1605 1494 1641 commende
1510 1616 1579 1648 que
1595 1616 1683 1639 vous
1699 1615 1746 1648 ny

125 1659 200 1694 ales
216 1659 328 1703 point.
349 1676 364 1689 „

172 1725 307 1761 Contra
333 1726 587 1771 predicantem
619 1727 837 1771 diffamarie
875 1728 920 1761 de
957 1727 1152 1771 defectibus
1183 1727 1428 1771 sacerdotum,
1447 1726 1498 1761 ad
1528 1726 1748 1759 instantiam

128 1779 273 1814 domini
288 1780 544 1816 Attrebatensi.

171 1849 187 1862 u
207 1834 322 1869 Diuus
336 1839 390 1870 est
406 1847 522 1871 sermo
539 1836 603 1872 Dei
620 1839 654 1872 et
672 1836 927 1881 penetrabilior
943 1837 1040 1872 omni
1062 1836 1184 1882 gladio
1199 1835 1349 1881 ancipiti
1365 1838 1400 1871 et
1416 1834 1623 1880 pertingens
1638 1844 1751 1878 usque

129 1890 176 1926 ad
198 1890 413 1926 diuisionem
430 1893 549 1927 anime
571 1896 607 1928 et
631 1892 789 1937 spiritus,
808 1905 1022 1938 compagum
1050 1905 1192 1937 quoque
1215 1897 1250 1929 et
1276 1893 1502 1927 medularum
1519 1894 1555 1926 et
1577 1890 1752 1924 discretor

130 1946 392 1992 cogitationum
419 1950 454 1982 et
485 1946 726 1982 intentionum
753 1948 882 1989 cordis,
908 1964 923 1977 „
956 1948 1007 1983 ait
1035 1949 1215 1992 apostolus
1242 1948 1287 1982 ad
1313 1948 1470 1982 Hebreos
1499 1950 1530 1980 4.
1558 1945 1642 1980 Ideo
1669 1955 1752 1978 cum

129 2001 353 2046 dispensator
382 2001 482 2036 verbi
515 2001 580 2036 Dei
611 2002 657 2036 ad
687 2003 905 2046 loquendum
936 2014 973 2038 se
999 2006 1178 2047 preparat,
1209 2004 1274 2038 sub
1305 2005 1437 2047 quante
1468 2000 1606 2035 66111616
1634 1998 1752 2034 5111(110

130 2057 300 2101 loquatur
330 2058 506 2098 attendat,
542 2069 586 2092 ne
617 2057 645 2091 si
678 2057 882 2093 inordinate
913 2059 957 2092 ad
993 2059 1209 2102 loquendum
1241 2059 1393 2102 rapitur,
1434 2056 1567 2091 erroris
1606 2055 1753 2089 vulnere

131 2112 355 2147 audientium
384 2113 492 2147 corda
519 2112 680 2147 feriatur.
702 2112 897 2156 Gregorius
927 2113 963 2147 in
992 2119 1080 2156 past.
1115 2114 1157 2148 Et
1189 2118 1322 2157 quanto
1351 2112 1586 2156 periculosius
1612 2111 1753 2155 gladius

131 2167 192 2202 hic
215 2168 392 2209 vulnerat,
411 2170 510 2202 tanto
533 2167 722 2202 discretius
749 2172 811 2202 6111
839 2168 1087 2212 euaginandus
1111 2172 1163 2203 est
1186 2173 1248 2203 aut
1275 2168 1312 2202 in
1341 2167 1470 2212 vagina
1495 2165 1751 2201 recondendus.

133 2221 208 2256 Hec
225 2222 337 2256 frater
352 2221 417 2256 iste
440 2220 576 2255 ordinis
593 2221 693 2256 beate
712 2221 826 2256 Marie
851 2222 894 2256 de
910 2222 1033 2257 Monte
1051 2223 1204 2257 Carmeli
1222 2223 1448 2257 considerare
1464 2222 1634 2256 debuerat
1659 2224 1694 2255 et
1716 2220 1755 2254 in

132 2276 377 2321 predicatione
400 2288 464 2310 sua
487 2276 781 2311 circumstancias
805 2277 974 2320 temporis
1001 2280 1036 2312 et
1065 2277 1135 2312 loci
1159 2281 1194 2312 et
1222 2288 1453 2321 personarum
1482 2276 1612 2320 quibus
1639 2287 1755 2310 sermo

133 2330 296 2366 doctrine
318 2330 575 2375 dispensandus
598 2335 675 2366 erat
699 2332 893 2367 attendere.
914 2331 1022 2376 Sequi
1050 2343 1131 2367 eum
1156 2333 1340 2376 oportebat
1366 2331 1590 2376 prudentiam
1609 2329 1753 2371 Christi,

134 2385 196 2429 qui
225 2397 307 2420 cum
335 2386 548 2428 loquebatur
575 2387 701 2428 turbis,
731 2387 958 2422 honorandos
987 2399 1060 2422 esse
1087 2388 1239 2422 docebat
1269 2387 1451 2430 phariseos
1475 2390 1510 2421 et
1540 2385 1687 2427 scribas,
1716 2387 1757 2419 ut

135 2440 295 2475 facerent
310 2452 378 2484 que
394 2441 569 2476 docebant
583 2453 691 2485 super
707 2442 915 2477 cathedram
931 2441 1047 2485 Moysi
1064 2455 1072 2484 ς
1091 2448 1125 2476 61
1142 2453 1222 2476 cum
1239 2442 1284 2476 ad
1301 2453 1359 2476 eos
1384 2442 1607 2484 loquebatur,
1625 2440 1756 2483 impro-

135 2495 263 2530 brabat
289 2506 414 2530 eorum
441 2495 596 2530 crimina
635 2496 774 2531 duriter
805 2497 848 2531 de
879 2495 1053 2537 auaricia,
1079 2496 1122 2530 de
1149 2496 1327 2540 superbia.
1357 2496 1400 2531 de
1436 2495 1591 2540 ypocrisi
1618 2499 1653 2530 et
1679 2495 1759 2537 alijs

136 2548 343 2585 enormibus
373 2550 526 2585 offensis.
561 2550 599 2585 Si
638 2550 724 2593 quid
755 2562 842 2595 ergo
882 2550 919 2585 in
951 2549 1150 2585 sacerdotio
1189 2550 1433 2585 inordinatum
1473 2550 1652 2590 cernebat,
1687 2560 1758 2583 non

137 2606 281 2650 populo,
299 2605 360 2640 sed
382 2605 433 2640 eis
457 2616 605 2639 narrare
621 2608 656 2639 et
678 2604 847 2640 detestari
871 2604 985 2639 eciam
1011 2603 1175 2648 grauiter
1195 2608 1357 2639 sanctum
1375 2607 1470 2647 erat;
1488 2605 1554 2640 hee
1577 2607 1697 2639 autem
1720 2602 1759 2637 in

139 2659 382 2703 predicatione
395 2659 538 2704 vulgari
551 2659 717 2703 detegere
730 2663 766 2694 et
781 2660 997 2703 exprobrare
1012 2659 1124 2693 nichil
1141 2659 1307 2694 utilitatis
1319 2659 1562 2694 sacerdotibus
1574 2659 1756 2699 afferebat,

139 2714 200 2749 sed
223 2714 267 2749 6(1
291 2726 350 2749 605
377 2714 511 2755 odium,
531 2714 804 2749 irreuerentiam
833 2718 868 2749 et
896 2713 1175 2749 inobedientiam
1205 2715 1316 2758 plebis
1343 2714 1500 2749 subiecte
1528 2713 1756 2757 prouocabat.

142 2769 277 2804 Habuit
298 2769 365 2805 iste
388 2770 499 2805 frater
522 2769 560 2803 in
585 2780 649 2804 ora
666 2769 867 2805 vestimenti
892 2769 946 2804 sui
973 2769 1201 2810 tintinabula,
1219 2770 1280 2804 sed
1304 2781 1374 2804 non
1400 2770 1494 2804 mala
1519 2768 1660 2813 punica.
1681 2768 1758 2802 Cla·

187 2935 232 2977 (1)
256 2934 335 2970 Van
352 2937 443 2979 zijne
458 2935 752 2971 monnikenorde.
