2097 3466
690 223 821 256 ANNO
853 225 963 260 14³4,
996 223 1101 255 14⁸0
1650 218 1711 250 437

125 315 170 350 Et
192 314 428 350 nihilominus
445 314 643 350 venerabili
668 314 773 349 fratri
799 318 919 349 nostro
952 312 1120 357 episcopo
1143 310 1403 356 Argentinensi
1430 321 1493 354 per
1517 309 1715 354 apostolica

78 372 214 416 scripta
243 371 468 413 mandamus,
493 374 672 415 quatenus
700 371 775 415 ipse
799 382 862 414 per
887 382 923 404 se
954 370 1011 404 vel
1042 369 1155 403 alium
1184 379 1246 402 seu
1281 367 1370 401 alios
1402 367 1608 410 praemissa,
1636 365 1711 406 ubi,

78 429 223 473 quando
241 432 276 463 et
290 428 456 472 quotiens
472 428 641 471 expedire
671 427 885 471 cognoverit
917 426 1098 469 fueritque
1115 436 1179 468 pro
1199 428 1300 467 parte
1317 423 1574 466 inquisitorum
1590 422 1713 466 hujus·

80 485 175 521 modi
194 497 257 520 seu
273 484 422 519 alterius
438 495 562 518 eorum
579 483 743 527 legitime
761 481 967 526 requisitus,
986 480 1196 515 solemniter
1211 480 1415 524 publicans,
1431 489 1503 513 non
1531 477 1715 521 permittat

80 551 140 575 eos
169 550 233 584 per
258 550 503 582 quoscumque
525 550 634 581 super
657 538 725 572 hoc
749 543 876 573 eontra
900 536 1167 580 praedictarum
1194 539 1230 569 et
1254 534 1499 577 praesentium
1525 534 1713 568 literarum

80 597 240 630 tenorem
256 594 382 638 quavis
398 594 614 628 auctoritate
631 593 812 628 molestari
846 604 907 626 seu
932 592 1022 625 alias
1046 589 1318 634 quomodolibet
1339 589 1526 632 impediri;
1553 588 1716 623 molesta-

79 653 175 685 tores
190 653 226 685 et
248 649 484 692 impedientes
500 652 535 683 et
558 649 841 683 contradictores
864 646 1043 690 quoslibet
1070 649 1105 680 et
1128 645 1293 683 rebelles,
1310 648 1572 686 cujuscumque
1595 643 1713 685 digni-

79 705 176 746 tatis,
204 708 329 745 status,
351 704 497 748 gradus,
524 703 841 747 praeeminentiae,
872 701 1073 736 nobilitatis
1098 705 1133 735 et
1153 699 1388 734 excellentiae
1410 702 1473 732 aut
1496 697 1716 733 conditionis

80 759 217 795 suerint
243 763 279 794 et
308 769 536 802 quocumque
566 758 804 802 exemptionis
837 756 1030 802 privilegio
1060 756 1134 790 sint
1158 755 1305 795 muniti,
1332 766 1395 799 per
1425 753 1713 789 excommunica-

80 814 201 853 tionis,
218 813 461 858 suspensionis
477 818 511 848 et
535 813 719 848 interdicti
745 825 786 848 ac
819 813 909 847 alias
932 813 1041 847 etiam
1075 810 1394 849 formidabiliores,
1419 810 1464 843 de
1493 808 1624 852 quibus
1647 807 1716 841 sibi

81 867 274 910 videbitur,
288 869 494 908 sententias,
520 879 690 902 censuras
707 873 741 903 et
759 878 905 911 poenas,
931 867 1030 901 omni
1055 865 1299 909 appellatione
1324 864 1531 908 postposita,
1557 874 1715 906 compes—

81 924 206 964 cendo,
238 927 274 958 et
296 922 405 958 etiam
436 923 610 967 legitimis
633 934 741 966 super
763 923 820 957 his
851 934 912 967 per
936 933 1018 957 eum
1042 920 1230 955 servandis
1253 919 1492 963 processibus,
1520 916 1718 950 sententias

82 978 188 1022 ipsas,
205 979 370 1022 quotiens
382 989 472 1022 opus
487 978 609 1018 suerit,
628 989 830 1022 aggravare
848 983 881 1012 et
899 987 1142 1021 reaggravare
1159 974 1376 1009 auctoritate
1394 975 1516 1007 nostra
1533 975 1716 1015 procuret,

82 1034 248 1069 invocato
265 1034 309 1067 ad
326 1032 402 1068 hoc.
419 1032 448 1066 si
465 1043 554 1076 opus
570 1033 692 1073 suerit,
710 1033 849 1067 auxilio
869 1032 1008 1067 brachii
1026 1030 1237 1065 saecularis.

126 1087 209 1122 Non
235 1088 460 1123 obstantibus
481 1088 686 1131 praemissis
709 1100 750 1123 ac
777 1087 1098 1123 constitutionibus
1123 1090 1158 1121 et
1186 1083 1481 1120 ordinationibus
1506 1079 1717 1126 apostolicis

83 1143 276 1180 contrariis
293 1142 596 1186 quibuscumque,
615 1145 681 1177 eto.

127 1198 230 1234 Nulli
244 1209 345 1242 ergo,
364 1201 436 1233 ete.
461 1196 498 1231 Si
515 1196 608 1241 quis,
628 1201 696 1232 etc.

127 1253 260 1289 Datum
295 1252 432 1288 Romae
461 1253 556 1296 apud
586 1252 620 1287 S.
656 1252 818 1292 Petrum,
851 1262 948 1286 anno
980 1249 1245 1285 incarnationis
1276 1248 1499 1287 Dominicae‚
1525 1244 1717 1282 millesimo

82 1307 440 1353 quadringentesimo
468 1307 714 1352 octuagesimo
752 1310 894 1351 quarto,
929 1317 1042 1341 nonas
1071 1304 1293 1345 Decembris.
1334 1303 1566 1348 pontificatus
1604 1298 1718 1335 nostri

85 1374 182 1398 anno
208 1362 344 1407 primo.

431 1439 614 1482 Maynum
635 1437 849 1487 Baliarium
868 1437 1092 1477 Romanum,
1111 1435 1189 1470 deel
1207 1435 1234 1476 I,
1254 1435 1321 1469 blz.
1341 1435 1495 1468 429-430.
1513 1451 1557 1458 —
1583 1430 1716 1476 Ripoll‚

476 1493 555 1528 deel
573 1492 631 1534 IV,
651 1493 718 1527 blz.
737 1495 756 1526 ‘2
776 1503 819 1527 en
837 1494 869 1533 3,
889 1501 927 1526 η*
945 1493 982 1526 3.

838 1639 960 1686 376.

148 1769 288 1820 1484,
323 1767 568 1811 December
603 1770 678 1820 17,
717 1769 916 1826 Bmyye.
952 1769 1042 1811 Een
1077 1764 1543 1811 Christusloochenaar
1575 1763 1718 1807 wordt

84 1838 235 1882 aldaar
270 1851 352 1880 aan
376 1837 428 1879 de
459 1836 573 1880 kaak
613 1837 782 1893 gesteld
817 1852 869 1880 en
894 1838 1008 1894 zijne
1039 1840 1147 1892 tong
1171 1839 1257 1879 met
1293 1847 1429 1877 eenen
1462 1833 1716 1890 gloeienden

86 1908 221 1964 priem
245 1905 501 1949 doorboord.

130 2029 232 2071 Item,
251 2041 299 2073 up
314 2030 382 2064 den
401 2030 495 2064 17⁴¹⁰¹²
519 2030 611 2065 dach
636 2030 673 2065 in
698 2031 906 2072 December,
925 2042 1020 2065 anno
1037 2032 1134 2071 1484,
1153 2030 1220 2064 doe
1238 2039 1311 2062 was
1327 2039 1439 2062 eenen
1455 2038 1539 2061 man
1555 2027 1717 2071 ghosteld

87 2099 136 2131 up
151 2097 215 2121 een
232 2085 410 2119 schavood
428 2085 473 2128 by
484 2085 666 2129 justicyen
683 2097 771 2120 voor
786 2086 896 2120 thuus
912 2097 981 2120 van
999 2087 1068 2122 den
1086 2087 1220 2130 Vryen,
1240 2085 1329 2120 ende
1351 2086 1425 2117 met
1449 2094 1515 2117 een
1542 2082 1718 2126 gloyende

87 2142 210 2177 helsen
227 2140 317 2175 duer
333 2150 399 2183 zyn
423 2140 558 2184 tonghe
579 2141 787 2185 ghesteken,
815 2141 905 2176 ende
927 2141 989 2176 dat
1013 2145 1068 2177 ter
1084 2153 1191 2176 cause
1207 2152 1266 2176 om
1291 2140 1352 2174 dat
1374 2137 1423 2181 hy
1439 2135 1721 2171 ‹Iesus-Christus

86 2191 322 2239 ghebenedyd
339 2191 591 2236 gheloochend
609 2193 736 2228 hadde.

439 2267 509 2301 Het
526 2268 633 2303 boeck
651 2279 723 2303 van
740 2268 780 2303 al
798 2269 819 2302 ‘t
832 2280 936 2313 yeme,
955 2279 1044 2308 enz.,
1064 2268 1130 2302 blz.
1149 2270 1202 2302 70.

847 2406 965 2452 377.

155 2536 294 2588 1489,
330 2535 562 2580 Februarz·
590 2536 668 2588 24,
709 2534 916 2592 Bruyye.
948 2537 1145 2592 Wegens
1183 2533 1506 2591 godslastering
1541 2532 1720 2576 worden

93 2606 207 2647 twee
243 2619 429 2649 mannen
469 2605 619 2648 aldaar
651 2618 732 2647 aan
770 2604 822 2647 de
860 2604 973 2648 kaak
1013 2603 1195 2660 gestem,
1223 2616 1430 2646 waarvan
1459 2616 1596 2645 eenen
1631 2606 1718 2645 met

94 2687 231 2717 eenen
253 2674 507 2730 gloeienden
532 2674 667 2729 priem
690 2673 741 2716 de
759 2677 863 2730 tong
887 2673 1127 2717 doorboord
1145 2671 1280 2715 werd.

138 2799 227 2834 Item
252 2811 299 2844 up
322 2800 391 2835 den
415 2802 518 2834 24⁵2⁰¹¹
540 2799 632 2834 dach
655 2799 692 2833 in
717 2798 904 2842 Spurkele,
930 2809 1024 2832 anno
1049 2800 1102 2838 89,
1127 2797 1194 2832 doe
1218 2808 1257 2831 zo
1280 2808 1352 2830 was
1377 2795 1504 2830 bindor
1531 2795 1627 2830 stede
1651 2807 1720 2829 van

96 2853 268 2898 Brugghe
281 2865 345 2888 een
362 2854 533 2889 schavoot
565 2854 753 2898 ghemaect
767 2853 802 2888 in
820 2854 889 2887 den
903 2852 1037 2893 Burch,
1064 2853 1153 2887 endo
1170 2852 1229 2886 dat
1247 2855 1302 2886 ter
1317 2863 1422 2886 cause
1439 2862 1496 2886 om
1515 2853 1534 2885 2
1550 2861 1717 2891 mannen,

95 2909 153 2944 dje
165 2909 252 2945 daer
269 2921 316 2953 up
332 2909 486 2953 ghestelt
504 2921 623 2945 waren
639 2923 647 2953 ς
666 2910 734 2945 den
751 2921 862 2944 ecncn
887 2908 961 2944 hiet
985 2909 1097 2952 Jacop
1113 2919 1182 2942 van
1199 2909 1266 2943 den
1285 2907 1453 2949 Busschc,
1469 2907 1667 2951 glieheeten
1685 2907 1721 2941 in
