2097 3466
752 254 884 291 ANNO
909 270 939 290 (τ.
969 257 1068 291 1380
1665 263 1727 297 243

146 345 283 388 Valete,
297 346 519 382 dilectissimi
537 347 573 381 in
597 347 740 388 dilecto,
758 360 897 392 semper
922 349 959 383 in
985 347 1158 383 memoria
1174 348 1345 384 habentes
1369 350 1545 387 malitiam
1561 354 1597 388 et
1612 354 1727 389 brevi-

101 405 212 438 tatem
227 402 488 447 praesentium,
508 406 542 437 et
569 403 614 437 ad
643 403 764 438 futura
794 407 867 438 tam
896 403 1101 438 beatissima
1125 415 1232 447 quam
1263 406 1473 442 aeternitate
1501 407 1643 443 infinita
1669 421 1731 444 vos

102 458 341 492 extendentes
373 458 423 492 De
452 457 582 500 quibus
608 460 643 492 et
671 457 708 492 in
735 457 927 501 praesenti,
948 470 1018 492 non
1047 461 1166 494 tamen
1195 460 1391 495 secundum
1421 464 1644 506 temporalia,
1671 465 1732 500 sed

102 512 298 547 secundum
314 511 536 547 aeternitatis
552 515 696 556 gustum
720 515 783 547 aut
807 513 1149 557 praegustationem,
1167 514 1338 557 quasdam
1356 515 1515 551 micellas
1533 529 1596 561 per
1618 520 1730 554 sinee-

101 580 180 604 ram
196 569 302 604 fidem
326 568 524 612 accepistis.
543 569 635 603 Nam
658 568 748 604 dicit
771 569 956 604 Christus:
983 569 1053 610 Qui
1078 569 1194 605 eredit
1217 570 1255 605 in
1278 582 1347 613 me,
1365 571 1474 607 habet
1490 572 1601 607 vitam
1619 578 1730 608 aeter-

102 635 186 659 nam
200 637 209 667 3
228 627 261 659 et
276 623 406 659 iterum
420 635 428 657 :
450 623 547 658 Haec
563 627 615 659 est
631 623 705 658 vita
721 626 888 659 aeternae
905 627 945 658 ut
961 627 1180 668 cognoscant
1195 627 1229 659 te
1245 625 1359 660 solum
1378 638 1502 661 verum
1521 628 1646 669 Deum,
1662 632 1729 663 etc.

105 677 329 722 Cognoscere
357 679 471 714 Deum
495 682 529 714 et
552 679 697 714 credere
720 678 758 713 in
783 679 908 719 Deum,
928 690 1020 722 quae
1035 683 1088 714 est
1111 679 1186 714 vita
1211 683 1369 721 aeterna,
1388 685 1440 716 est
1462 682 1595 717 habere
1620 683 1731 718 vitam

103 736 297 769 aeternam.
328 734 397 770 Sed
425 735 536 770 vitam
563 738 746 769 aeternam
770 734 909 769 habetis
933 746 996 778 per
1020 735 1125 769 fidem
1150 747 1290 779 puram,
1317 737 1378 772 scd
1401 737 1644 772 abundantius
1669 750 1731 781 per

102 789 356 833 cognitionem.
388 790 416 824 Ο
444 791 474 824 si
501 790 758 834 experiremur,
788 790 818 823 si
846 792 1072 834 gustaremus
1099 793 1135 825 et
1165 790 1373 833 viderimus,
1405 803 1526 827 omnes
1558 793 1726 828 vanitatis

103 843 254 888 hydriae
269 847 305 880 et
320 845 467 880 vincula
483 857 504 879 a
520 848 641 880 nostra
658 844 798 880 cervice
814 844 995 880 caderent.

449 923 610 966 Acquoy,
643 921 806 957 Gerardz·
833 921 967 966 Maqni
997 920 1171 965 epistolae
1198 922 1303 964 XIV,
1334 923 1399 959 blz.
1431 927 1472 960 42
1499 936 1545 962 en
1573 928 1626 969 43,
1659 929 1730 962 met

492 979 751 1013 commentaar.

864 1094 986 1141 230.

167 1213 421 1257 Omstreeks
447 1212 584 1264 1380,
612 1210 864 1255 Deventer?
886 1210 1008 1254 Brief
1030 1225 1115 1254 van
1136 1212 1269 1256 Geert
1291 1213 1452 1257 Groote
1482 1228 1565 1258 aan
1587 1216 1729 1273 ziJnen

101 1282 253 1326 vriend
271 1283 518 1326 Wernerus
540 1280 799 1339 Keynkamp
822 1294 907 1323 van
930 1280 1128 1331 Lochem,
1153 1281 1304 1325 alsdan
1328 1285 1473 1326 rector
1490 1284 1566 1327 der
1583 1286 1730 1329 school

99 1353 143 1397 te
166 1352 378 1408 Kampen,
407 1365 510 1394 over
527 1352 605 1394 het
622 1350 801 1407 gedrag‚
829 1349 903 1392 dat
925 1349 976 1392 de
999 1363 1207 1393 vrouwen
1231 1365 1284 1394 en
1319 1350 1370 1394 de
1394 1366 1582 1397 mannen
1617 1369 1731 1398 moe-

101 1425 176 1465 ten
197 1435 439 1465 aannemen
461 1424 699 1477 tegenover
721 1419 773 1462 de
797 1420 1042 1475 schepenen
1067 1433 1151 1463 van
1174 1420 1389 1477 Kampen,
1420 1421 1486 1465 die
1507 1425 1584 1466 ten
1605 1437 1732 1468 11001·-

100 1490 219 1533 deele
262 1504 347 1533 van
385 1490 467 1532 den
504 1489 785 1533 ketterschen
827 1487 1010 1531 broeder
1049 1489 1392 1534 Bartholomaeus
1431 1490 1730 1550 (Bertholdus)

100 1559 291 1604 ieveren.
311 1585 368 1591 —
392 1560 452 1602 De
482 1572 692 1602 vrouwen
723 1570 879 1613 mogen
910 1555 1016 1600 voor
1049 1558 1125 1601 het
1158 1559 1338 1615 gerecht
1376 1559 1453 1602 der
1484 1561 1730 1618 schepenen

98 1629 191 1672 niet
230 1628 537 1686 verschijnen;
577 1634 714 1679 want,
758 1626 904 1669 indien
943 1626 1052 1670 haar
1086 1640 1191 1670 eene
1233 1627 1355 1672 boete
1398 1632 1471 1673 ten
1504 1629 1604 1674 bate
1642 1645 1728 1674 van

98 1697 442 1741 Bartholomaeus
479 1697 601 1740 werd
638 1695 862 1753 opgelegd,
906 1695 991 1738 dan
1023 1696 1189 1740 zouden
1225 1697 1278 1755 zij
1319 1698 1517 1756 schijnen
1556 1700 1728 1744 valsche

99 1766 423 1824 getuigenissen
455 1770 584 1823 tegen
617 1766 717 1808 hem
748 1769 791 1809 te
813 1764 980 1808 hebben
1004 1778 1214 1822 gegeven,
1241 1767 1433 1823 hetgeen
1467 1771 1510 1812 te
1542 1769 1729 1813 Utrecht

99 1849 153 1879 en
176 1836 317 1879 elders
339 1836 436 1879 veel
459 1835 694 1879 schandaal
726 1847 805 1878 zou
827 1834 1112 1878 verwekken.
1138 1835 1257 1878 Naar
1287 1835 1363 1880 het
1398 1837 1629 1881 voorbeeld
1651 1839 1729 1882 der

98 1905 288 1963 heiligen
322 1919 376 1949 en
399 1905 476 1949 der
496 1904 752 1948 martelaars
785 1907 956 1947 moeten
988 1904 1041 1961 zij
1067 1904 1202 1947 liever
1233 1905 1318 1948 alle
1339 1906 1608 1950 wereldsche
1630 1921 1728 1952 ver-

97 1973 332 2030 volgingen
354 1973 559 2030 geduldig
581 1987 635 2016 en
655 1976 744 2016 met
764 1972 1005 2030 blijdschap
1027 1971 1175 2029 lijden.
1202 1973 1429 2017 Hetzelfde
1451 1979 1622 2019 moeten
1645 1976 1727 2019 ook

96 2043 311 2095 Andreas,
347 2041 584 2094 Hubertus,
621 2056 674 2085 en
697 2043 774 2086 W.
801 2042 926 2085 doen.
955 2043 1064 2086 Wat
1094 2043 1141 2086 C.
1181 2041 1358 2096 betreft,
1394 2043 1461 2088 die
1494 2048 1610 2088 moet
1632 2045 1727 2088 zieh

98 2111 160 2155 uit
200 2112 252 2155 de
293 2111 601 2168 schepenbank
643 2111 950 2168 verwijderen‚
999 2111 1080 2154 hoe
1122 2126 1220 2155 men
1273 2112 1372 2155 hem
1418 2113 1501 2156 ook
1549 2114 1725 2158 daarom

96 2181 316 2238 vervolge.
349 2182 398 2224 In
431 2181 545 2224 Gods
583 2195 721 2237 oogen
755 2181 789 2222 is
824 2181 900 2224 het
930 2181 1138 2236 glorievol
1161 2185 1292 2237 tegen
1323 2181 1374 2224 de
1412 2182 1616 2226 overheid
1649 2183 1726 2226 der·

97 2251 259 2294 wereld
281 2251 326 2293 in
347 2250 531 2308 opstand
554 2254 597 2293 te
620 2249 776 2292 komen
801 2263 868 2292 om
890 2249 942 2292 de
974 2250 1195 2294 waarheid
1230 2255 1272 2295 te
1295 2251 1559 2308 verdedigen
1594 2256 1724 2309 tegen

97 2320 486 2376 onrechtvaardige
508 2319 722 2363 rechters.

139 2423 199 2459 Ad
232 2424 459 2465 wernerum,
492 2422 665 2456 clericum
702 2422 966 2466 Trajcccensem
997 2427 1029 2456 ct
1058 2427 1183 2466 postca
1215 2422 1367 2457 electum
1399 2429 1430 2457 et
1462 2424 1721 2468 confirmatum

94 2481 259 2523 priorem
282 2479 406 2514 beatae
429 2481 589 2523 virymz's
613 2478 761 2512 Mariae
786 2479 825 2510 in
852 2477 1059 2512 lVincIcsim
1072 2479 1189 2521 juxta
1213 2479 1392 2523 oppidum
1414 2479 1622 2515 Swellense.

140 2556 318 2592 Wernere
341 2556 378 2591 in
404 2557 545 2592 Christo
569 2557 697 2592 dilecte
720 2558 850 2601 etjam
874 2557 911 2592 111
936 2558 1080 2592 fornace
1107 2558 1328 2601 probationis
1353 2571 1416 2602 pro
1439 2559 1580 2595 Christo
1598 2564 1723 2596 contra

97 2612 228 2656 vulgus
253 2615 289 2647 et
319 2611 545 2656 insipientem
571 2616 605 2647 et
635 2612 856 2647 haereticum
889 2613 1118 2647 monachum.
1155 2612 1247 2647 Mihi
1275 2613 1419 2648 videtur
1449 2614 1601 2650 tirmiter
1628 2617 1723 2659 quod

96 2667 265 2702 mulieres
292 2678 363 2701 non
391 2671 483 2702 stent
510 2667 698 2702 dictamini
727 2668 967 2703 scabinorum.
996 2669 1088 2702 Nam
1113 2669 1150 2703 in
1175 2669 1242 2703 hoc
1270 2669 1299 2702 si
1328 2669 1477 2709 scabini,
1508 2670 1569 2713 qui
1598 2672 1723 2714 procul

95 2722 206 2756 dubio
222 2725 305 2757 sunt
322 2733 385 2766 pro
402 2726 502 2766 parte
518 2722 698 2763 monachi,
716 2724 902 2758 emendam
918 2724 1093 2758 monacho
1111 2723 1399 2767 pronuntiarent,
1416 2724 1452 2758 111
1471 2724 1538 2759 1100
1555 2726 1723 2761 mulieres

97 2777 199 2820 quasi
222 2777 410 2812 mendaces
426 2781 542 2812 essent
569 2777 736 2812 inventae
759 2781 794 2812 et
818 2779 1037 2813 Bartholdus
1054 2779 1155 2822 quasi
1180 2779 1353 2823 injuriam
1372 2790 1504 2822 passus,
1522 2784 1557 2814 et
1575 2781 1724 2823 pulchre

97 2836 240 2867 sonaret
256 2844 320 2877 pro
335 2844 377 2867 eo
400 2832 438 2867 in
453 2832 602 2866 auribus
629 2832 737 2867 totius
761 2836 890 2875 terrae,
909 2837 944 2868 et
967 2833 1004 2868 in
1022 2834 1089 2868 hoc
1106 2839 1196 2869 esset
1222 2834 1439 2869 Bartholdus
1457 2835 1609 2870 multum
1628 2836 1726 2870 sorti-

99 2889 236 2925 ficatus.
265 2889 341 2924 Imo
364 2893 399 2924 et
427 2889 464 2923 in
490 2888 657 2933 Trajecto
684 2889 870 2934 allegaret,
897 2890 991 2933 quod
1021 2890 1189 2924 mulieres
1217 2889 1279 2924 illa
1304 2890 1533 2925 confixissent
1559 2891 1730 2925 adversus

98 2955 180 2979 eum
204 2947 239 2981 et
262 2944 299 2980 in
318 2944 462 2989 signum
479 2943 641 2979 veritatis
657 2944 844 2980 emendam
873 2944 939 2979 sibi
967 2945 1096 2980 factam
1114 2945 1300 2988 allegaret,
1319 2949 1353 2980 et
1378 2945 1508 2980 iterum
1522 2945 1732 2981 viderentur
