2097 3466
764 238 895 273 ANNO
920 252 950 272 c.
979 240 1078 273 1200
1689 238 1729 269 ol

111 332 296 390 priester
316 345 399 374 van
423 331 598 389 ketterij
619 331 828 376 verdacht
846 333 1002 385 werdt,
1030 333 1136 375 hare
1159 331 1268 375 oude
1286 331 1614 374 leermeesteres
1633 330 1731 372 doet

111 401 361 445 ontdekken
386 415 438 443 en
462 401 581 443 zelve
619 400 836 444 verbrand
866 401 1023 453 wordt,
1065 401 1225 457 terwijl
1259 400 1310 443 de
1349 399 1456 442 oude
1481 398 1731 443 kettersche

109 483 262 513 vrouw
284 470 388 512 door
403 470 485 513 den
507 470 649 513 duivel
673 484 725 526 op
749 470 1033 527 wonderlijke
1057 471 1180 527 wijZe
1199 469 1340 512 wordt
1362 469 1508 525 gered.
1537 468 1728 510 Enkelen

109 539 203 582 dier
224 539 391 582 ketters
414 553 564 581 waren
598 540 660 582 uit
691 539 765 583 het
795 540 1052 595 graafschap
1076 539 1352 582 Vlaanderen
1378 552 1483 580 naar
1507 537 1729 593 Engeland

109 609 344 664 gevlucht;
371 611 414 651 te
437 608 597 650 Oxford
628 609 806 651 werden
838 610 891 666 zij
926 623 979 666 op
1011 608 1133 652 bevel
1166 622 1250 650 van
1284 607 1450 663 koning
1474 606 1669 651 IIendrik
1692 606 1730 648 II

109 691 161 734 op
186 678 260 722 het
283 676 519 721 voorhoofd
543 676 899 733 gebrandmerkt.

151 777 388 821 Temporibus
405 777 578 812 Ludovici
595 778 691 822 regis
716 778 903 819 Franciae,
923 778 984 822 qui
1002 777 1128 822 genuit
1143 787 1266 821 regem
1291 776 1512 820 Philippum,
1532 786 1613 810 cum
1629 785 1732 809 error

106 833 342 877 quorumdam
359 833 635 874 haereticorum,
651 833 711 877 qui
726 834 835 877 vulgo
848 834 1078 877 appellantur
1094 831 1297 873 Publicani,
1314 842 1378 876 per
1391 832 1511 874 plures
1529 829 1732 874 provincias

106 888 245 924 Galliae
261 892 494 933 proserperet,
514 888 760 932 prodigiosum
778 889 949 932 quiddam
978 889 1015 923 in
1043 889 1132 923 urbe
1161 887 1393 923 Remensium
1418 885 1571 929 contigit
1587 885 1629 919 de
1646 895 1730 928 qua-

104 943 186 978 dam
213 943 316 978 senili
348 944 501 978 muliero
527 943 595 978 hac
622 947 720 987 peste
739 944 882 979 infecta.
904 945 993 979 Cum
1017 944 1113 979 enim
1129 943 1296 978 dominus
1313 941 1544 981 Wilhclmus,
1573 940 1731 984 ejusdcm

104 998 205 1033 urbis
220 998 510 1043 archiepiscopus
525 1001 561 1033 et
587 999 788 1033 avunculus
815 999 912 1043 regis
941 998 1114 1042 Philippi,
1133 998 1288 1042 quadam
1305 997 1363 1032 die
1387 999 1489 1031 extra
1506 996 1631 1030 urbem
1649 1006 1732 1028 cum

103 1053 245 1088 clericis
279 1054 353 1088 suis
387 1054 565 1097 spatiandi
602 1054 722 1098 gratia
757 1054 997 1098 obequitaret,
1037 1054 1184 1098 quidam
1221 1065 1263 1088 ox
1301 1051 1442 1086 clericis
1473 1051 1561 1094 ojus,
1595 1049 1733 1083 scilicet

102 1107 274 1153 magister
305 1109 496 1144 Gervasius
528 1109 794 1149 Tillebriensis,
830 1110 953 1144 videns
986 1111 1178 1154 quamdam
1217 1108 1373 1153 puellam
1413 1107 1451 1141 in
1483 1106 1589 1140 vinca
1620 1105 1730 1139 solam

102 1163 402 1205 deambulantem,
432 1164 594 1199 lubricae
619 1164 822 1209 juventutis
852 1164 1061 1199 curiositate
1093 1165 1239 1205 ductus,
1269 1161 1416 1198 divertit
1446 1161 1491 1195 ad
1517 1172 1608 1201 eam,
1640 1159 1732 1193 sicut

103 1218 148 1252 ab
178 1220 255 1263 ejus
282 1230 343 1254 ore
370 1219 574 1254 audivimus
601 1223 734 1263 postea,
764 1232 846 1254 cum
875 1221 1069 1254 canonicus
1096 1223 1208 1262 essetg
1243 1230 1350 1263 quam
1378 1217 1536 1251 salutans
1567 1218 1602 1250 et
1629 1216 1732 1259 cujus

103 1276 194 1308 essct
220 1274 296 1308 filia
318 1278 353 1309 et
380 1275 551 1319 quidnam
575 1274 708 1309 ibidem
733 1275 807 1309 sola
835 1278 959 1318 ageret
987 1274 1182 1319 diligenter
1205 1273 1408 1317 inquirens,
1439 1284 1521 1307 cum
1549 1273 1626 1316 ejus
1653 1271 1730 1314 pul-

101 1328 344 1365 chritudinem
360 1330 496 1365 diutius
512 1330 731 1372 attendisset,
750 1331 844 1365 hanc
863 1331 1007 1366 tandem
1025 1330 1067 1365 de
1084 1341 1206 1364 amore
1229 1329 1363 1363 lascivo
1381 1327 1570 1362 curialiter
1585 1326 1728 1360 affatur.

101 1383 167 1418 Cui
198 1384 262 1419 illa
292 1385 447 1429 simplici
477 1388 580 1431 gestu
616 1389 652 1422 et
682 1397 764 1420 cum
801 1386 956 1430 quadam
987 1386 1179 1420 verborum
1213 1384 1392 1429 gravitate
1424 1382 1631 1427 respondet,
1666 1380 1726 1415 vix

92 1440 264 1484 juvenem
290 1440 468 1484 respicere
495 1441 643 1476 volens:
675 1455 690 1468 ιε
715 1441 910 1484 Nunquam
937 1440 1024 1475 velit
1051 1439 1241 1481 Dominus,
1270 1450 1291 1474 o
1318 1439 1411 1473 bone
1437 1438 1660 1479 adolescens,
1685 1437 1726 1470 ut

98 1498 161 1530 tua
188 1496 306 1531 amica
332 1497 389 1532 vel
416 1496 572 1541 alicujus
594 1509 755 1541 unquam
779 1497 935 1531 hominis
963 1496 1125 1537 existam,
1145 1496 1230 1540 quia
1257 1495 1286 1530 si
1314 1493 1561 1539 virginit-atem
1588 1489 1724 1526 amisis-

97 1563 171 1586 sem
187 1554 224 1587 et
245 1564 329 1587 caro
352 1564 432 1588 mea
455 1554 564 1588 semel
591 1556 762 1597 corrupta
777 1555 878 1594 esset,
897 1555 1063 1588 aeternae
1079 1551 1302 1587 damnationi
1323 1550 1449 1595 procul
1465 1547 1575 1583 dubio
1591 1548 1724 1590 absque

98 1605 196 1640 omni
223 1606 382 1642 remedio
410 1608 644 1651 subjacerem.
674 1624 689 1637 „
719 1607 824 1648 Quod
850 1607 999 1642 audiens
1025 1606 1198 1651 magister
1225 1605 1416 1641 Gervasius
1442 1602 1620 1638 intellexit
1649 1613 1726 1646 pro-

97 1659 196 1694 tinus
226 1660 320 1696 hanc
351 1673 426 1697 esse
453 1663 497 1698 de
526 1663 590 1698 illa
618 1663 832 1707 impiissima
860 1666 956 1698 secta
981 1662 1282 1702 Publiwnorum,
1317 1660 1379 1704 qui
1408 1660 1471 1694 illo
1499 1658 1538 1693 in
1568 1661 1728 1701 tempore

97 1715 232 1760 ubique
254 1715 537 1760 exquirebantur
559 1721 595 1753 ct
622 1718 908 1762 perimebantur,
942 1718 1003 1753 sed
1033 1717 1191 1752 maxime
1218 1728 1239 1751 a
1267 1715 1438 1759 Philippo
1466 1713 1596 1749 comite
1626 1713 1729 1747 Flan-

97 1769 294 1812 drensium,
314 1771 376 1815 qui
394 1773 493 1815 justa
518 1773 732 1808 crudelitate
754 1772 1089 1808 immisericorditer
1104 1772 1288 1816 puniebat.
1307 1769 1482 1806 Nonnulli
1503 1780 1588 1804 vero
1604 1779 1729 1803 eorum

98 1823 137 1859 in
152 1825 324 1870 Angliam
346 1827 578 1870 advenerant,
597 1828 659 1872 qui
683 1829 780 1872 apud
804 1828 1081 1863 Oxenefordiam
1105 1826 1329 1871 deprehensi,
1349 1827 1502 1871 jubente
1525 1836 1611 1870 rego
1634 1824 1727 1859 Hen-

97 1878 175 1914 rico
198 1879 244 1922 II,
270 1881 370 1917 clave
393 1883 560 1918 candenti
584 1883 622 1918 in
645 1883 823 1919 frontibus
846 1883 1055 1919 deformiter
1078 1885 1162 1917 sunt
1189 1882 1334 1927 signati.
1361 1882 1456 1916 Dum
1479 1881 1601 1925 itaque
1628 1890 1728 1924 prae-

98 1932 216 1968 dictus
239 1934 391 1970 clericus
414 1948 497 1971 cum
523 1937 643 1980 puella
664 1937 708 1972 de
728 1936 794 1971 tali
816 1948 986 1980 responso
1011 1935 1230 1970 confutando
1251 1935 1500 1978 altercaretur,
1525 1934 1731 1979 supervenit

99 1988 388 2034 archiepiscopus
419 2003 502 2026 cum
528 1992 619 2034 suis,
651 1991 712 2036 qui
740 1992 1005 2027 controversiae
1035 1992 1203 2027 subortae
1230 2002 1375 2026 causam
1398 2002 1596 2036 agnoscens
1622 1990 1732 2036 jussit

99 2044 256 2087 puellam
287 2048 542 2090 comprehendi
566 2051 601 2083 et
632 2060 753 2083 secum
784 2048 822 2083 in
848 2049 975 2083 urbem
1007 2047 1161 2095 adduci3
1195 2059 1303 2091 quam
1333 2059 1455 2082 coram
1486 2045 1627 2082 clericis
1657 2045 1732 2080 suis

99 2099 285 2144 alloquens
311 2104 347 2137 et
376 2103 498 2146 plures
520 2103 752 2139 auctoritates
776 2107 812 2138 et
834 2103 1011 2138 rationem
1035 2106 1250 2147 argumenta
1266 2114 1332 2147 pro
1363 2102 1580 2138 confutendo
1608 2112 1731 2136 errore

100 2164 313 2199 proponenS,
331 2158 514 2201 respondit
531 2159 595 2192 illa
620 2170 656 2193 se
673 2169 900 2202 nequaquam
916 2158 1035 2192 adhuc
1052 2157 1192 2201 plenius
1220 2157 1297 2192 fore
1313 2156 1540 2197 instructam,
1559 2159 1600 2190 ut
1614 2157 1732 2189 tantas

100 2209 318 2253 objectiones
334 2216 449 2255 posset
465 2214 639 2253 refellere,
659 2213 719 2248 sed
736 2213 869 2248 habere
886 2225 923 2248 se
939 2212 1132 2257 quamdam
1155 2211 1368 2255 magistram
1392 2211 1431 2246 in
1458 2211 1548 2245 urbe
1572 2210 1732 2244 confessa

100 2267 164 2306 est,
183 2277 275 2309 quae
290 2267 451 2301 omnium
468 2268 686 2311 objectiones
703 2267 875 2302 facillime
898 2267 971 2302 suis
995 2266 1197 2301 rationibus
1214 2266 1405 2307 refelleret,
1425 2267 1528 2309 cujus
1544 2275 1674 2299 nomen
1697 2266 1733 2298 et

100 2317 334 2355 habitationis
351 2322 469 2356 locum
487 2333 570 2356 cum
583 2322 786 2363 indicasset,
803 2321 990 2357 confestim
1007 2333 1029 2355 a
1042 2320 1216 2355 ministris
1229 2320 1391 2364 quaesita
1404 2323 1439 2354 et
1452 2320 1597 2354 inventa
1610 2329 1732 2352 coram

101 2375 370 2420 archiepiscopo
394 2377 584 2412 assistitur.
605 2378 706 2418 Quae
729 2377 853 2412 multis
878 2376 1148 2420 quaestionibus
1164 2379 1200 2411 et
1223 2375 1501 2411 auctoritatibus
1525 2374 1731 2409 divinarum

101 2429 363 2474 scripturarum
387 2433 432 2467 ab
452 2433 528 2476 ipso
555 2432 827 2476 archiepiscopo
854 2435 889 2467 et
915 2444 937 2466 a
965 2431 1107 2467 clericis
1130 2431 1296 2475 undeque
1313 2431 1465 2474 pulsata,
1484 2441 1576 2473 quae
1592 2432 1731 2464 tantum

101 2496 260 2521 errorem
286 2487 552 2529 convincerent,
572 2488 623 2522 ita
639 2499 761 2523 omnes
784 2487 1018 2522 auctoritates
1042 2487 1199 2535 prolatas
1224 2486 1378 2529 quadam
1396 2484 1541 2519 sinistra
1558 2484 1731 2528 interpre-

101 2540 237 2576 tatione
252 2543 488 2585 pervertebat,
508 2546 548 2577 ut
565 2542 651 2577 satis
668 2545 831 2586 patenter
847 2541 986 2576 cunctis
1003 2540 1202 2576 innotuerit
1218 2540 1384 2584 spiritum
1398 2539 1508 2575 totius
1523 2536 1657 2574 erroris
1670 2549 1733 2582 per

102 2607 141 2630 os
163 2597 240 2641 ejus
257 2596 365 2632 fuisse
388 2597 561 2632 locutum.
581 2598 638 2632 Ad
654 2609 777 2632 omnes
800 2597 977 2641 siquidem
1001 2596 1235 2632 auctoritates
1259 2599 1295 2631 et
1317 2595 1485 2630 historias
1502 2598 1575 2630 tam
1593 2592 1733 2629 Veteris

103 2661 210 2694 quam
227 2651 319 2686 Novi
337 2651 569 2693 Testamenti,
589 2663 680 2696 quae
697 2652 730 2687 ei
747 2651 1024 2696 objiciebantur,
1044 2655 1118 2686 tam
1135 2651 1254 2692 facile,
1273 2654 1346 2685 tam
1364 2648 1572 2685 memoriter
1587 2660 1731 2693 respon·

102 2704 219 2747 debat,
249 2710 420 2750 tanquam
451 2708 614 2742 omnium
642 2707 906 2751 scripturarum
935 2707 1101 2742 notitiam
1129 2707 1259 2750 adepta
1289 2710 1380 2741 esset
1406 2708 1441 2740 et
1464 2705 1502 2739 in
1525 2704 1733 2749 hujusmodi

102 2761 393 2805 responsionibus
409 2773 548 2806 semper
564 2762 773 2803 exercitata,
791 2761 886 2797 veris
910 2762 1000 2796 falsa
1024 2761 1256 2796 commiscens
1279 2764 1315 2795 et
1338 2771 1460 2795 veram
1484 2759 1567 2794 fidei
1591 2761 1733 2793 nostrae

103 2817 390 2860 explanationem
420 2818 574 2862 quodam
603 2817 805 2861 pernicioso
830 2817 1013 2852 intellectu
1041 2817 1224 2851 deludens,
1253 2816 1342 2850 Cum
1360 2817 1479 2849 autem
1498 2817 1733 2857 utrarumque

103 2875 238 2907 montes
250 2873 450 2909 obstinatae
464 2885 527 2908 nec
542 2873 649 2908 minis
664 2884 728 2907 nec
742 2872 927 2907 blanditiis
940 2876 1003 2907 aut
1017 2872 1099 2906 ullis
1112 2870 1390 2915 allegationibus
1403 2870 1459 2904 vel
1471 2869 1731 2913 scripturarum

104 2927 379 2964 auctoritatibus
396 2930 441 2965 ab
458 2941 582 2965 erroro
599 2940 746 2964 suarum
764 2928 1048 2973 propositionum
1065 2928 1227 2963 revocari
1246 2929 1398 2971 possent,
1417 2926 1579 2962 reclusae
1595 2927 1678 2960 sunt
1693 2923 1731 2958 in
