2097 3466
346 257 406 290 156
1018 256 1148 291 ANNO
1175 258 1274 290 1310

347 352 433 392 met
469 362 593 391 name
622 349 903 404 Margaretha
934 350 1103 398 Porete,
1138 363 1189 405 op
1227 363 1449 407 aanvraag
1477 364 1562 395 van
1591 352 1674 395 den
1709 352 1966 408 predikheer

347 419 523 460 Willem
561 431 643 459 van
688 418 847 474 Parijs,
896 418 1163 474 pauselijken
1208 419 1467 473 inquisiteur
1509 420 1552 462 in
1596 421 1671 463 het
1714 420 1966 478 koninkrijk

344 486 592 542 Fraukrijk,
631 486 955 541 nitgesproken.
984 511 1038 516 —
1062 487 1120 528 De
1154 487 1408 541 inquisiteur
1441 488 1559 530 heeft
1589 489 1680 530 hun
1713 488 1764 531 de
1797 502 1967 544 proces-

345 555 532 597 stukken
571 555 845 610 voorgelegih
884 554 1068 596 waaruit
1106 553 1244 610 blijkt,
1287 555 1361 598 dat
1398 555 1679 611 Margaretha
1719 557 1967 613 geweigerd

347 623 462 665 heeft
489 637 540 678 op
563 623 614 664 de
638 637 799 677 vrageu
825 637 907 665 van
941 623 1020 664 den
1058 622 1314 676 inquisiteur
1338 629 1378 666 te
1403 624 1702 667 antwoorden.
1729 625 1966 668 Niettemin

346 691 465 733 werd
487 691 591 732 door
622 691 796 747 talrijke
821 691 1025 745 getuigen
1047 690 1265 742 bewezen,
1294 691 1366 734 dat
1395 692 1447 748 zij
1484 706 1559 736 een
1595 693 1818 736 kettersch
1858 693 1968 736 boek

345 760 609 815 geschreven
650 760 748 808 had,
787 759 900 800 welk
941 759 1046 800 door
1078 759 1224 815 wijlen
1263 760 1343 801 den
1379 760 1575 816 bissehop
1607 761 1776 817 GWijde
1809 761 1849 803 II
1883 775 1966 805 van

346 829 569 885 Kamerijk
593 828 643 884 (†
670 828 800 883 1305)
823 828 941 869 werd
965 827 1203 878 verbrand;
1231 841 1284 870 en
1308 827 1411 871 deze
1435 828 1713 884 kerkprelaat
1736 829 1968 886 vaardigde

347 911 424 939 een
463 896 585 939 bevel
624 897 707 945 uit,
751 896 1024 938 inhoudende
1061 896 1134 938 dat
1171 896 1453 952 Margaretha
1489 911 1571 939 aan
1609 897 1660 939 de
1697 897 1967 955 wereldlijke

346 965 552 1008 overheid
582 968 719 1007 moest
751 964 1061 1019 overgeleverd
1084 965 1279 1016 worden,
1315 964 1459 1008 indien
1492 965 1545 1022 zij
1581 966 1687 1008 hare
1718 965 1967 1009 kettersche

348 1034 579 1089 stellingen
613 1033 861 1088 mondeliug
895 1033 941 1075 of
973 1033 1233 1090 schriftelijk
1256 1035 1299 1075 in
1327 1033 1402 1076 het
1426 1034 1605 1089 vervolg
1637 1047 1725 1089 nog
1761 1034 1964 1077 volhield.

348 1104 478 1145 Later
499 1102 692 1144 bekende
715 1102 997 1156 Margaretha
1020 1100 1125 1144 voor
1147 1102 1229 1144 den
1260 1102 1514 1156 inquisiteur
1536 1116 1620 1145 van
1642 1101 1891 1160 Lotherrijk
1914 1115 1967 1145 en

348 1170 454 1213 voor
476 1171 556 1213 den
590 1169 952 1226 Kamerijkschen
984 1169 1182 1225 bisschop
1214 1170 1378 1225 Philips
1410 1185 1493 1213 van
1519 1169 1737 1227 Marigny,
1764 1171 1970 1227 opvolger

347 1253 430 1282 van
449 1239 631 1296 Gwijde‚
651 1239 724 1281 dat
747 1239 781 1280 zi
782 1240 798 1295 j
819 1239 927 1281 haar
949 1239 1170 1281 kettersch
1191 1238 1300 1281 boek
1322 1252 1405 1282 aan
1438 1239 1691 1295 Beggarden
1724 1253 1776 1282 en
1809 1239 1970 1282 andere

347 1308 611 1363 eenvoudige
642 1307 781 1350 lieden
805 1321 860 1349 na
890 1307 995 1349 hare
1019 1310 1160 1349 eerste
1188 1307 1516 1364 veroordeeling
1548 1307 1849 1363 medegedeeld
1885 1307 1970 1351 had

346 1377 491 1419 alsook
512 1390 593 1418 aan
611 1377 708 1427 Jan,
725 1375 924 1431 bisschop
944 1390 1027 1418 van
1047 1375 1249 1419 Chalons.
1266 1376 1337 1418 Dit
1356 1377 1462 1418 alles
1486 1375 1798 1432 overwegende
1816 1379 1971 1432 vraagt

347 1459 402 1488 nu
424 1445 474 1487 de
498 1446 753 1499 inquisiteur
773 1445 952 1487 Willem
974 1459 1058 1487 van
1081 1445 1239 1502 Parijs,
1261 1444 1308 1487 of
1325 1445 1376 1487 de
1393 1445 1545 1502 Begijn
1569 1445 1850 1500 Margaretha
1866 1458 1972 1488 voor

347 1528 452 1556 eene
496 1514 720 1555 hervallen
766 1513 958 1556 ketterin
1002 1516 1117 1556 moet
1158 1513 1335 1556 worden
1380 1514 1637 1570 gehouden;
1681 1526 1857 1569 waarop
1894 1513 1971 1556 het

349 1582 577 1626 antswoord
616 1582 692 1624 der
730 1582 813 1638 vijf
837 1581 1059 1638 Parichhe
1096 1581 1381 1638 godgeleerde
1417 1582 1655 1637 professors
1691 1575 1972 1638 bevestige'nd

348 1652 472 1702 luidt,
495 1651 647 1694 zoodat
669 1650 720 1693 de
743 1650 966 1706 schuldige
983 1665 1065 1693 aan
1088 1651 1139 1693 de
1157 1651 1427 1708 wereldlijke
1444 1649 1647 1693 overheid
1664 1649 1971 1706 overgeleverd

345 1726 458 1764 moet
481 1721 675 1763 worden.

394 1826 579 1861 {nix-ersis
593 1830 774 1870 presentes
790 1827 928 1862 litteras
941 1827 1166 1871 inspecturis,
1182 1827 1395 1862 Guillelmus
1407 1826 1523 1861 dictus
1541 1826 1679 1867 Frater,
1693 1823 1970 1860 archidiaconus

348 1881 533 1916 Laudonie
550 1881 585 1915 in
613 1882 762 1915 ccclesia
796 1881 919 1917 Sancti
951 1883 1092 1917 Andree
1119 1882 1158 1916 in
1186 1882 1329 1924 Scocia3
1364 1882 1470 1925 Hugo
1497 1882 1540 1915 de
1566 1879 1748 1922 Bisunci0‚
1776 1879 1970 1915 canonicus

348 1936 578 1974 parisiensi&
598 1935 780 1970 ι1011601065
809 1937 851 1970 (16
879 1937 1035 1977 Tollenz,
1066 1937 1260 1971 canonicus
1289 1936 1411 1971 Sancti
1440 1934 1605 1976 Quintini
1635 1935 1968 1980 inVeromandua3

348 1990 526 2024 Heni-icus
543 1990 587 2023 de
605 1989 765 2031 Bitunia,
781 1991 977 2025 canonicus
994 1991 1209 2034 Furnensis3
1228 1995 1262 2026 ct
1279 1992 1408 2026 Petrus
1425 1991 1468 2025 de
1484 1989 1659 2031 Vallibus,
1677 1993 1822 2025 curatus
1846 1989 1970 2026 Sancti

351 2043 520 2079 Germani
557 2044 868 2079 Altissiodorensis
894 2045 937 2079 de
969 2045 1142 2086 Parisius,
1168 2048 1203 2080 et
1229 2044 1338 2080 ctiam
1365 2047 1530 2088 regentes
1556 2042 1718 2078 Parisius
1743 2043 1783 2078 in
1805 2043 1967 2086 decretis,

345 2099 494 2133 salutem
512 2098 549 2132 in
567 2103 686 2132 actore
702 2099 837 2133 salutis.

392 2153 572 2188 Noveritis
602 2153 721 2186 virum
745 2152 986 2187 venerabilem
1012 2154 1179 2188 devotum
1204 2156 1237 2188 et
1265 2153 1458 2187 discretum
1482 2153 1630 2186 fratrem
1666 2150 1898 2186 Guillelmum
1925 2152 1970 2188 de

351 2208 526 2248 Parisius,
542 2207 678 2241 ordinis
695 2207 972 2251 predicatorum,
992 2208 1241 2251 inquisitorem
1257 2208 1413 2242 heretice
1429 2206 1615 2251 pravitatis
1629 2205 1668 2240 in
1683 2217 1795 2250 regno
1818 2206 1971 2242 Francie

351 2262 566 2297 auctoritate
591 2261 683 2296 sedis
699 2262 893 2305 apostolice
916 2263 1137 2306 deputatum,
1162 2263 1271 2306 inque
1287 2274 1491 2307 processum
1507 2261 1568 2306 qui
1584 2261 1746 2305 sequitur
1760 2260 1862 2296 nobis
1887 2261 1970 2297 inti-

351 2329 466 2352 masse
484 2316 854 2360 consultationemque
871 2317 972 2351 nobis
989 2318 1112 2352 fecisse
1128 2317 1278 2351 inferius
1294 2320 1512 2351 annotatam.

396 2372 589 2406 Processus
614 2371 778 2414 equidem
804 2372 886 2406 talis
913 2375 985 2406 est:
1014 2372 1189 2416 Tempore
1213 2384 1284 2415 quo
1311 2372 1513 2416 Margarita
1539 2370 1635 2405 dicta
1659 2370 1788 2405 Porete
1809 2373 1972 2415 suspecta

353 2428 396 2461 dc
420 2426 537 2461 heresi
566 2425 635 2460 fuit
659 2426 697 2460 in
721 2426 917 2460 rebellione
945 2432 979 2461 et
1007 2426 1045 2461 in
1072 2426 1315 2461 inobedientia
1349 2427 1473 2461 nolens
1506 2425 1719 2469 respondere
1752 2436 1819 2460 nec
1846 2426 1974 2470 Jurare

351 2494 472 2518 coram
490 2481 703 2525 inquisitore
730 2482 773 2516 (16
790 2482 862 2516 11115
879 2493 947 2525 que
970 2482 1015 2515 ad
1031 2481 1274 2525 inquisitionis
1298 2481 1366 2516 sibi
1389 2479 1576 2515 commisse
1597 2479 1756 2514 officium
1778 2478 1970 2524 pertinent,

350 2540 425 2583 ipse
442 2538 635 2582 inquisitor
651 2540 778 2571 contra
803 2548 881 2571 eam
906 2536 1143 2570 nihilominus
1166 2536 1354 2579 inquisivit
1379 2538 1414 2571 et
1439 2535 1548 2571 etiam
1578 2533 1797 2578 depositione
1813 2535 1973 2578 plurium

351 2593 496 2628 testium
513 2592 662 2633 invenit,
682 2592 778 2634 quod
793 2591 890 2626 dicta
916 2591 1119 2635 Margarita
1142 2590 1276 2625 librum
1301 2590 1489 2634 quemdam
1516 2592 1764 2633 composuerat
1788 2588 1970 2625 continen-

348 2652 419 2682 tem
436 2647 577 2681 hereses
593 2649 629 2682 et
645 2657 799 2688 errores,
819 2646 880 2690 qui
898 2646 942 2681 de
957 2647 1126 2681 mandato
1142 2646 1329 2681 reverendi
1345 2645 1457 2689 patris
1479 2645 1615 2680 domini
1632 2645 1804 2680 Guidonis
1819 2646 1972 2681 condam

351 2701 617 2739 Cameracensis
633 2700 791 2746 episcopi
804 2700 948 2744 publice
965 2703 1000 2735 et
1015 2700 1246 2744 solempniter
1260 2704 1433 2744 tanquam
1454 2699 1537 2734 talis
1559 2699 1628 2734 fuit
1643 2700 1922 2744 condempnatus
1935 2702 1973 2736 et

350 2760 567 2800 combustus,
586 2761 620 2793 et
636 2769 700 2802 per
715 2758 875 2792 litteram
890 2756 977 2790 dicti
996 2755 1153 2800 episcopi
1170 2756 1239 2791 fuit
1252 2756 1457 2790 ordinatum
1474 2755 1568 2799 quod
1583 2754 1614 2788 si
1628 2754 1716 2790 talia
1730 2754 1823 2791 sicut
1837 2767 1880 2791 ea
1903 2767 1972 2800 que

352 2813 628 2849 continebantur
643 2811 681 2846 in
697 2812 802 2853 libro,
818 2812 862 2846 de
879 2814 997 2846 cetero
1011 2813 1241 2854 attemptaret
1252 2810 1360 2844 verbo
1373 2810 1429 2844 vel
1440 2809 1584 2853 scripto,
1599 2820 1677 2844 eam
1690 2810 1974 2855 condempnabat

349 2872 385 2904 et
399 2867 625 2910 relinquebat
635 2866 893 2911 justiciandam
905 2865 1052 2909 justicie
1072 2865 1239 2899 seculari.
1257 2864 1399 2899 Invenit
1420 2864 1528 2899 etiam
1544 2864 1639 2899 idem
1654 2864 1857 2909 inquisitor,
1876 2865 1972 2910 quod

351 2924 428 2969 ipsa
443 2921 654 2967 recognovit
668 2922 706 2956 in
724 2921 865 2966 ‚judicio
881 2921 990 2956 semel
1017 2931 1139 2955 coram
1166 2919 1379 2964 inquisitore
1402 2918 1638 2966 Lotharingie
1659 2922 1696 2956 et
1717 2920 1826 2958 semel
1849 2931 1970 2957 coram
