2097 3466
308 257 368 290 114
1008 255 1139 289 ANNO
1166 258 1264 290 1243

307 350 382 381 tum
403 346 603 381 intendebat
621 350 852 390 augmentum
870 346 1010 389 pietatis
1034 350 1067 381 ct
1091 348 1207 382 cultus
1231 347 1356 389 divini,
1375 348 1436 383 sed
1458 351 1493 383 ct.
1509 348 1700 393 praecipue
1717 360 1919 393 praeserva-

307 402 438 435 tionem
457 401 589 435 civium
607 405 730 435 contra
748 401 987 435 seductionem
1005 401 1278 442 haereticorum,
1305 403 1348 436 de
1365 414 1435 445 qua
1458 403 1653 445 plurimum
1670 404 1738 438 hoc
1762 407 1921 448 tempore

306 457 500 491 timendum
519 459 605 490 erat.
624 455 835 490 waldenses
851 455 945 489 enim
963 467 982 489 a
1000 460 1168 499 tempore,
1185 467 1254 499 quo
1279 456 1364 490 victi
1391 460 1495 491 erant
1519 458 1623 498 bello,
1640 458 1677 492 in
1694 470 1764 502 quo
1780 461 1918 502 septua-

304 511 403 555 ginta
435 511 547 545 millia
579 511 769 554 perierant.
803 510 948 553 dispersi
983 521 1045 553 per
1076 513 1185 544 totam
1219 511 1373 545 Galliam
1412 523 1482 546 non
1514 514 1699 548 cessabant.
1729 513 1920 557 divulgare

301 577 451 600 errores.
483 567 524 600 Et
556 578 637 599 cum
666 565 893 608 inquisitores
923 577 982 598 eos
1010 565 1142 608 ubique
1170 569 1478 608 persequerentur,
1511 567 1812 612 dispergebantur
1842 567 1917 601 fere

301 633 364 664 per
380 625 489 655 totam
508 622 741 665 Europam....
762 621 858 655 Inter
882 620 1122 663 inquisitores,
1150 621 1210 664 qui
1235 621 1328 655 hanc
1352 623 1597 658 executionem
1622 626 1916 667 procuraverant,

301 685 377 710 crat
403 676 579 710 Robertus
602 675 717 709 dictus
736 676 925 718 Bulgarus,
945 675 1080 709 ordinis
1105 676 1256 709 fratrum
1282 677 1581 718 praedicatorum.
1610 677 1677 711 Hic
1702 680 1822 712 autem
1846 677 1915 712 hoc

302 732 460 772 tempore
476 730 605 772 agebat
628 729 664 763 in
691 729 860 762 Flandria
883 735 916 762 et
934 728 1130 762 haereticos
1148 729 1305 773 ejusdem
1330 730 1433 764 sortis
1457 730 1588 765 ibidem
1606 743 1688 765 cum
1704 731 1828 765 eodem
1845 731 1913 764 fer-

302 795 387 817 vore
404 785 693 827 prosequebatur.
713 783 842 817 Merito
868 783 980 827 igitur
1003 783 1151 818 timebat
1167 784 1353 828 episcopus
1370 797 1413 820 ne
1437 785 1615 829 fugientes
1631 786 1917 829 prosecutionem

304 838 549 881 Inquisitionis
565 851 583 872 e
598 838 767 872 Flandria
786 837 1016 880 Autverpiam
1034 838 1260 873 divertissent
1283 850 1432 882 eamque
1448 851 1583 874 veneno
1608 851 1672 874 suo
1696 839 1913 875 infecissent.

303 892 451 936 Insuper
475 894 564 927 forte
588 893 654 926 hoe
678 897 835 935 tempore
858 895 1022 935 coeperat
1039 892 1257 927 Wilhelmus
1282 894 1438 928 Cornelii
1462 895 1690 930 manifestare
1714 895 1821 929 falsas
1843 894 1917 938 opi-

302 946 423 981 niones
448 947 542 981 cirea
567 947 733 981 meritum
758 946 977 990 paupertatis
1004 950 1038 981 et
1066 947 1222 982 fautores
1246 959 1288 982 ac
1311 951 1501 983 sectatores
1528 949 1671 984 habere.
1699 948 1792 984 Hinc
1820 951 1917 984 certe

301 1001 465 1045 episeopo
482 1002 677 1045 plurimum
694 1001 851 1035 timenda
869 1004 945 1036 erat
961 1000 1108 1035 infectio
1125 1002 1452 1046 Antverpiensium.

521 1073 741 1115 Dim-cxsens,
756 1074 957 1118 Λήιτον-μία
975 1073 1114 1107 Christo
1132 1084 1284 1108 nascens
1301 1079 1332 1108 ct
1347 1085 1520 1117 cresc-0³28,
1537 1075 1614 1110 deel
1630 1074 1658 1117 I,
1678 1075 1743 1110 blz.
1760 1076 1916 1111 243-245.

1047 1213 1165 1257 120.

367 1335 501 1385 1243,
529 1335 773 1379 December
801 1334 871 1385 12,
909 1337 1156 1379 Lateraan.
1194 1336 1271 1378 Bul
1304 1350 1386 1378 van
1420 1350 1526 1392 paus
1553 1337 1833 1381 Innocentius
1856 1337 1918 1380 IV

303 1405 472 1460 gerieht
504 1409 566 1448 tot
599 1405 649 1447 de
683 1404 998 1460 predikheeren
1030 1405 1307 1459 inquisiteurs
1340 1418 1422 1447 van
1459 1405 1706 1456 Narbonne‚
1734 1419 1819 1448 van
1841 1406 1916 1449 het

305 1474 404 1516 land
442 1474 518 1516 der
552 1473 820 1529 Albigenzen
859 1487 911 1516 en
950 1487 1032 1516 van
1070 1474 1222 1529 geheel
1262 1474 1335 1516 het
1374 1473 1626 1531 koninkrijk
1659 1474 1912 1531 Frankrijk‚

305 1543 470 1585 waarin
504 1543 561 1599 hij
598 1543 685 1585 hun
721 1542 1102 1598 onderriehtingen
1136 1542 1253 1598 geeft
1284 1543 1538 1599 aangaande
1570 1543 1621 1586 de
1654 1543 1917 1599 verzoening

303 1611 379 1653 der
414 1611 581 1654 ketters
618 1615 704 1654 met
734 1612 785 1654 de
822 1612 958 1654 Kerk.
997 1637 1052 1642 —
1090 1612 1233 1662 Allen,
1269 1611 1334 1654 die
1372 1613 1464 1654 niet
1495 1612 1618 1654 reeds
1651 1612 1716 1654 als
1747 1611 1916 1655 ketters

302 1680 580 1722 veroordeeld
614 1680 660 1722 of
687 1681 866 1736 plichtig
903 1679 1127 1723 bevonden
1165 1679 1357 1731 werden,
1389 1681 1529 1723 zullen
1567 1680 1728 1723 zonder
1757 1681 1915 1736 hoege-

304 1749 485 1791 naamde
518 1748 631 1792 straf
657 1749 803 1791 hunne
836 1749 1083 1805 dwalingen
1119 1762 1271 1804 mogen
1304 1748 1522 1791 afzweren
1545 1747 1706 1792 binnen
1731 1749 1812 1792 den
1835 1749 1916 1806 tijd

304 1831 387 1859 van
411 1831 542 1860 eenen
568 1818 758 1875 termijn,
790 1818 887 1860 dien
921 1818 971 1860 de
1004 1817 1281 1872 inquisiteurs
1314 1831 1421 1860 naar
1453 1817 1739 1873 goeddunken
1771 1818 1914 1860 zullen

304 1887 574 1929 vaststellen.
623 1887 688 1928 Na
730 1887 902 1942 verloop
946 1900 1030 1928 van
1074 1886 1169 1928 dien
1218 1886 1393 1943 termijn
1448 1887 1590 1929 zullen
1641 1886 1916 1943 integendeel

303 1954 514 2010 degenen‚
537 1955 604 1997 die
627 1956 670 1997 in
692 1955 839 1997 hunne
856 1955 1061 1997 boosheid
1079 1955 1334 2003 volharden‚
1358 1955 1432 1997 des
1448 1958 1492 1998 te
1516 1957 1718 2011 strenger
1736 1955 1915 1997 worden

303 2024 525 2079 vervolgd.
553 2025 737 2066 Daartoe
760 2025 901 2066 zullen
924 2024 975 2066 de
998 2024 1273 2078 inquisiteurs
1307 2024 1358 2066 de
1390 2024 1494 2079 hulp
1518 2038 1602 2066 van
1626 2025 1708 2066 den
1731 2023 1914 2066 wer-eld-

301 2091 434 2148 lijken
458 2106 548 2134 arm
573 2107 748 2149 morgen
773 2094 994 2148 inroepen.

347 2209 573 2245 Innocentius
590 2211 784 2255 episcopus,
803 2224 925 2247 servus
948 2225 1130 2247 servorum
1149 2213 1224 2254 Dei,
1251 2213 1389 2247 dilectis
1413 2212 1497 2246 filiis
1521 2211 1696 2247 universis
1724 2211 1911 2255 inquisito-

305 2265 403 2299 ribus
419 2266 678 2301 haereticorum
697 2268 731 2301 in
747 2268 931 2310 provincia
947 2269 1167 2303 Narbonensi
1185 2272 1219 2303 et
1236 2268 1273 2302 in
1286 2268 1445 2312 partibus
1459 2267 1707 2312 Albigensium
1724 2278 1766 2301 ac
1781 2267 1819 2301 in
1835 2269 1909 2302 toto

303 2329 415 2362 regno
433 2320 459 2353 F
464 2321 606 2355 ranciae
623 2323 833 2360 constitutis.
849 2324 997 2357 salutem
1015 2329 1048 2357 et
1065 2323 1294 2366 apostolicam
1313 2322 1606 2357 benedictionem.

346 2373 442 2407 Inter
458 2379 585 2416 cetera,
605 2388 694 2418 quae
712 2377 812 2410 nobis
836 2377 1058 2417 incumbunt,
1086 2381 1206 2411 nostra
1223 2377 1430 2420 quotidiana
1453 2376 1623 2411 instantia
1646 2374 1776 2415 existit,
1795 2377 1836 2409 ut
1865 2374 1910 2408 ad.

301 2429 591 2471 propagationem
610 2431 827 2465 orthodoxae
854 2432 935 2465 fidei
960 2432 1041 2466 totis
1064 2433 1249 2466 affectibus
1272 2432 1508 2467 intendamus,
1536 2431 1703 2466 Volentes
1727 2429 1841 2474 igitur
1864 2428 1910 2462 iis

300 2482 358 2524 qui
378 2484 562 2526 pravitatis
578 2485 777 2519 haereticae
794 2486 880 2519 vitio
898 2491 978 2521 sunt
997 2487 1130 2527 infecti,
1150 2499 1289 2521 omnem
1306 2486 1528 2521 occasionem
1545 2487 1697 2526 auferre,
1718 2483 1909 2527 quominus

298 2536 342 2569 ad
367 2537 485 2571 lumen
503 2549 606 2572 verae
624 2539 705 2572 fidei
722 2539 796 2573 sine
813 2551 933 2574 morae
956 2540 1138 2584 dispendio
1156 2544 1391 2580 revertantur,
1410 2540 1650 2584 praesentium
1667 2538 1766 2573 vobis
1781 2540 1902 2572 aucto-

300 2590 405 2625 ritate
433 2593 652 2633 mandamus,
679 2598 851 2636 quatenus
875 2595 911 2628 in
936 2595 1087 2639 singulis
1118 2595 1216 2636 loeis,
1241 2596 1285 2629 ad
1317 2606 1406 2638 quae
1434 2606 1495 2629 vos
1523 2605 1630 2628 causa
1661 2591 1907 2635 Inquisitionis

301 2644 502 2687 hujusmodi
530 2647 713 2689 pervenire
736 2648 938 2692 contigerit,
957 2660 1078 2684 omnes
1102 2649 1298 2683 haereticos
1325 2649 1381 2682 vel
1404 2649 1586 2683 credentes
1609 2659 1669 2682 seu
1694 2656 1907 2690 quoeunque

300 2700 371 2732 alio
389 2701 528 2735 nomine
546 2707 766 2743 censeantur,
785 2703 845 2746 qui
870 2716 939 2738 non
965 2704 1189 2739 condemnati
1207 2716 1319 2747 neque
1336 2704 1489 2738 convicti
1506 2704 1562 2738 vel
1584 2702 1621 2736 in
1633 2704 1717 2747 jure
1741 2701 1903 2742 confessi,

299 2756 357 2788 scd
375 2767 437 2789 sua
461 2762 652 2799 spontanea
669 2759 850 2793 voluntate
873 2760 990 2794 redire
1006 2760 1185 2794 voluerint
1208 2761 1252 2794 ad
1269 2759 1543 2794 ecclesiasticam
1560 2757 1733 2792 unitatem
1750 2755 1904 2791 auctori-

298 2816 370 2843 tate
396 2816 513 2844 nostra
530 2811 720 2854 recipiatis,
743 2813 842 2846 nulla
865 2813 916 2847 eis
947 2825 1060 2857 poena
1084 2814 1249 2857 imposita
1264 2814 1408 2857 publica
1425 2813 1480 2847 vel
1497 2812 1647 2856 privata,
1666 2809 1906 2845 ecclesiastica

299 2875 358 2896 seu
388 2865 577 2905 mundana,
610 2866 715 2909 idque
742 2867 881 2901 faciatis
909 2879 972 2911 per
997 2869 1120 2903 eadem
1151 2869 1241 2908 loca,
1281 2869 1399 2902 statim
1432 2879 1513 2901 cum
1545 2867 1589 2901 ad
1615 2866 1693 2909 ipsa
1723 2864 1903 2906 veneritis,

301 2918 442 2961 publice
465 2920 657 2964 nunciare3
685 2923 918 2965 praefigentes
945 2922 982 2957 in
1006 2923 1157 2967 singulis
1181 2923 1268 2958 locis
1292 2922 1485 2958 terminum
1513 2923 1781 2965 competentem,
1809 2919 1905 2954 infra
