2097 3466
768 242 902 278 ANNO
928 253 963 278 c.
994 244 1096 279 1083
1713 242 1753 276 13

114 340 210 385 apud
227 339 529 376 Monasteriolum
545 339 692 383 publice
708 339 938 383 convictum
953 342 989 374 et
1003 340 1127 382 postea
1142 340 1339 381 antequam
1353 347 1444 372 esses
1458 336 1504 371 ab
1516 335 1585 371 hac
1601 334 1754 371 infamia

113 399 303 441 purgatus,
321 394 528 431 audivimus
555 394 755 431 simoniace
770 393 978 438 episcopum
998 394 1148 435 factum,
1167 391 1298 428 deinde
1313 391 1408 436 quod
1425 391 1644 436 apostolicae
1659 390 1753 426 sedis

113 454 306 496 praecepta
329 461 436 494 super
459 453 494 485 te
518 453 553 485 et
576 461 684 494 super
708 449 902 485 canonicos
924 452 1005 484 tuos
1028 448 1073 484 de
1096 451 1215 483 castro
1239 447 1280 482 S.
1303 446 1411 482 Pauli
1437 446 1669 492 promulgata
1686 456 1752 490 pro

112 506 269 550 quadam
281 506 369 542 villa
383 506 539 541 Kesseca
551 506 598 550 (1)
612 505 810 547 nominata,
825 516 935 549 quam
949 516 1032 540 cum
1046 504 1121 540 suis
1132 504 1362 548 pertinentiis
1378 503 1544 538 canonici
1560 502 1594 538 S.
1611 502 1750 537 Mariae

112 565 148 597 et
173 562 208 598 S.
226 563 426 598 Audomari
450 573 555 606 saepe
580 561 619 596 in
645 563 847 606 praesentia
871 565 994 597 nostra
1017 560 1202 605 conquesti
1222 563 1306 595 sunt
1320 559 1388 595 sibi
1414 563 1449 596 et
1466 571 1552 595 suae
1579 558 1752 595 ecclesiae

112 617 261 659 auferri,
280 622 388 662 prout
410 618 479 662 ipsi
504 618 638 653 iterum
655 621 935 662 conquerentur,
955 619 1098 662 penitus
1121 615 1328 661 despexisti,
1343 627 1387 652 ac
1402 619 1594 661 propterea
1611 626 1751 650 excom-

112 674 408 716 municationem,
427 674 573 718 quaein
597 677 720 710 nostro
744 675 900 719 registro
923 675 1058 718 scripta
1082 676 1146 715 est,
1173 676 1214 708 tu
1238 684 1322 708 cum
1347 672 1398 707 eis
1421 671 1655 713 incurrendo,
1672 671 1753 705 sine

112 732 277 773 respectu
299 730 368 765 Dei
392 734 427 765 et
450 730 669 774 apostolicae
692 730 918 765 reverentiae
940 729 1105 764 divinum
1121 727 1294 770 officium,
1314 727 1410 762 sicut
1424 726 1642 767 audivimus,
1662 725 1751 760 cele·

110 785 219 821 brare
240 785 528 830 praesumpsisti.
550 785 622 820 Pro
639 785 771 829 quibus
793 788 830 821 et
853 785 935 820 aliis
949 784 1117 829 pluribus
1135 795 1156 818 a
1169 783 1282 818 fratre
1298 786 1422 818 nostro
1440 782 1607 827 Hugone,
1626 780 1750 816 Diensi

111 841 290 885 episcopo,
310 842 421 877 semel
445 845 480 876 et
502 842 635 877 iterum
660 842 705 875 ad
729 840 927 876 concilium
945 843 1105 881 vocatus,
1126 842 1161 875 et
1185 842 1308 883 postea
1332 850 1354 873 a
1377 838 1480 873 nobis
1504 838 1548 872 ad
1572 837 1750 882 synodum

111 895 319 932 Romanum
342 896 518 932 invitatus
541 901 582 932 ut
605 899 639 931 te
664 907 898 941 expurgares,
916 895 1002 939 quia
1025 906 1099 930 non
1123 894 1255 930 venisti
1281 905 1347 929 nec
1364 892 1539 928 canonice
1556 893 1748 935 excusasti,

110 952 180 987 nisi
211 953 430 997 apostolicae
461 953 606 997 pietatis
638 952 876 987 mansuetudo
907 963 972 986 nos
1003 951 1264 995 dispensatorie
1291 950 1336 984 ad
1369 953 1512 994 tempus
1542 949 1748 990 sustineret,

110 1009 326 1043 sententiam
354 1008 590 1053 depositionis
615 1011 679 1043 tua
711 1007 969 1049 inobedientia,
994 1018 1088 1051 quae
1116 1017 1200 1041 vere
1228 1008 1282 1041 est
1323 1005 1506 1046 idolatria,
1532 1004 1750 1048 jamdudum

109 1063 332 1107 suscepisset.
351 1063 418 1099 Sed
444 1067 566 1099 tamen
589 1063 708 1098 adhuc
731 1064 800 1099 tibi
824 1067 977 1107 paterno
1002 1065 1192 1107 parcentes
1215 1061 1360 1103 affectu,
1375 1061 1461 1105 quia
1484 1060 1624 1095 diutius
1646 1062 1700 1095 tot
1716 1063 1752 1095 et

109 1121 222 1160 tanta,
235 1129 327 1162 quae
340 1120 383 1154 de
400 1122 437 1153 te
452 1119 549 1154 dicta
562 1123 657 1161 sunt,
672 1119 766 1154 ferre
780 1118 990 1154 nullomodo
1003 1117 1153 1153 honeste
1165 1128 1368 1161 possumus,
1380 1115 1580 1161 apostolica
1592 1115 1747 1151 auctori-

109 1176 184 1208 tate
208 1175 451 1218 praecipi-mus
475 1177 528 1218 ut,
545 1175 608 1209 ubi
633 1179 668 1209 et
690 1174 833 1218 quando
858 1173 1066 1218 praedictus
1091 1175 1213 1208 noster
1230 1172 1338 1216 Hugo
1355 1171 1498 1207 Diensis
1512 1170 1701 1216 episcopus
1713 1174 1749 1205 te

109 1230 305 1270 vocaverit,
324 1230 368 1265 de
392 1230 448 1264 his
471 1231 529 1265 vel
553 1230 635 1265 aliis
659 1230 924 1272 satisfacturus,
950 1228 1141 1264 occasione
1167 1227 1375 1274 postposita,
1407 1228 1460 1262 ita
1482 1230 1630 1272 paratus
1654 1238 1690 1262 es
1714 1229 1750 1261 et

109 1284 394 1329 circumspectus
419 1285 601 1327 advenias,
627 1290 668 1321 ut
691 1286 721 1320 si
746 1290 780 1321 te
804 1286 1037 1320 innocentem
1062 1288 1096 1319 et
1120 1284 1210 1319 salso
1234 1287 1444 1319 accusatum
1468 1284 1549 1326 scis,
1575 1295 1658 1319 cum
1682 1283 1748 1318 Dei

108 1340 246 1375 auxilio
263 1344 300 1375 et
311 1341 556 1376 conscientiae
569 1342 731 1385 puritate
743 1341 788 1375 ab
801 1341 971 1375 omnibus
984 1339 1136 1384 objectis
1149 1343 1184 1374 et
1199 1339 1414 1383 objiciendis
1429 1339 1605 1374 canonice
1620 1349 1747 1383 expur-

108 1408 197 1442 gare
227 1397 351 1442 possis.
372 1397 569 1433 Praeterea
598 1409 704 1433 omne
735 1397 901 1432 divinum
932 1396 1094 1431 officium
1134 1395 1302 1431 omnibus
1334 1395 1521 1431 canonicis
1551 1395 1594 1430 de
1630 1399 1750 1430 castro

109 1453 144 1487 S.
164 1452 284 1495 Pauli,
303 1456 338 1488 te
360 1452 435 1487 solo
460 1454 608 1488 interim
633 1464 745 1496 usque
769 1453 815 1487 ad
839 1451 1066 1487 audientiam
1083 1455 1244 1495 excepto,
1263 1450 1536 1495 interdicimus;
1553 1454 1587 1486 et
1611 1451 1698 1495 ipsis
1714 1454 1749 1486 et

107 1509 197 1544 locis
221 1520 358 1551 eorum,
384 1521 570 1554 quousque
594 1511 795 1553 praefatam
818 1508 945 1543 villam
969 1520 1053 1543 cum
1077 1507 1231 1544 ecclesia
1255 1511 1290 1543 et
1317 1507 1400 1542 aliis
1422 1508 1497 1543 suis
1517 1507 1749 1552 pertinentiis

108 1565 283 1600 canonice
310 1565 482 1601 ecclesiae
515 1565 549 1600 S.
577 1565 719 1601 Mariae
749 1568 785 1600 et
813 1564 848 1600 S.
881 1563 1083 1600 Audomari
1116 1563 1356 1606 restituerint,
1377 1567 1412 1598 et
1444 1575 1567 1599 coram
1591 1563 1748 1607 Hugone

108 1618 232 1654 Diensi
260 1619 425 1665 episcopo
452 1620 496 1654 de
524 1619 772 1654 inobedientia
803 1623 838 1654 et
865 1618 1243 1654 excommunicatione
1267 1618 1527 1662 satisfecerint;
1555 1621 1591 1653 et
1611 1617 1682 1652 nisi
1707 1621 1747 1653 tu

107 1675 240 1714 statim,
252 1677 328 1711 visa
340 1676 596 1720 praeceptione
612 1678 747 1717 nostra,
758 1675 957 1720 praedictis
973 1675 1160 1710 canonicis
1176 1674 1249 1709 tuis
1265 1677 1300 1709 et
1316 1673 1486 1709 omnibus
1501 1672 1591 1708 locis
1604 1684 1744 1714 eorum,

108 1734 144 1766 et
164 1731 357 1775 praecipue
373 1731 437 1766 ubi
460 1731 627 1766 canonici
652 1730 876 1766 denominati
899 1733 994 1772 sunt,
1014 1742 1120 1765 omne
1136 1729 1303 1765 divinum
1319 1729 1480 1765 officium
1497 1727 1746 1769 interdixeris,

107 1798 215 1822 omne
230 1787 390 1822 officium
404 1791 507 1822 tuum
521 1787 738 1822 auctoritate
755 1787 956 1830 apostolica
972 1786 1210 1822 interdictum
1226 1786 1383 1822 noveris.

153 1842 346 1877 Canonicis
363 1842 398 1877 S.
417 1842 630 1883 Audomari,
650 1841 712 1885 qui
729 1842 797 1877 tibi
814 1841 1087 1878 communicare
1100 1842 1179 1877 ausi
1196 1853 1269 1877 non
1286 1842 1449 1881 suerunt,
1461 1852 1527 1885 pro
1545 1852 1585 1876 eo
1598 1840 1693 1885 quod
1712 1844 1748 1874 te

106 1897 374 1934 inobedientem
400 1898 606 1942 apostolicis
622 1897 824 1942 praeceptis
839 1897 1012 1932 viderunt
1029 1901 1064 1933 et
1079 1908 1144 1941 per
1166 1896 1361 1941 pecuniam
1383 1897 1592 1932 ordinatum
1612 1894 1747 1941 episco-

107 1965 195 2003 pum
218 1953 368 1995 dictum,
387 1964 500 1997 usque
523 1954 568 1988 ad
593 1957 693 1988 tuam
719 1953 860 1988 finitam
885 1964 1032 1988 causam
1055 1952 1124 1988 tibi
1148 1952 1297 1988 obedire
1320 1952 1593 1996 prohibuimus;
1614 1955 1649 1987 et
1673 1962 1748 1987 non

107 2010 224 2045 solum
241 2011 303 2052 eis,
317 2010 378 2045 sed
395 2011 505 2045 etiam
518 2010 687 2045 omnibus
700 2010 736 2045 id
754 2009 872 2053 ipsum
889 2010 934 2044 de
950 2014 985 2044 te
1001 2010 1212 2052 scientibus,
1228 2009 1314 2053 quia
1328 2009 1536 2054 symoniaco
1553 2013 1588 2044 et
1607 2011 1748 2053 aposto-

108 2067 189 2102 licis
205 2067 407 2111 praeceptis
423 2066 645 2102 inobedienti
660 2066 783 2101 nullus
798 2066 904 2101 debet
917 2066 1078 2101 obedire.

154 2123 248 2158 Data
262 2122 413 2164 Romae,
433 2122 499 2157 VII
517 2122 691 2157 kalendas
707 2122 857 2166 Aprilis,
876 2122 1081 2157 indictione
1099 2122 1164 2156 111.

457 2191 550 2226 Dom
573 2191 750 2233 Bouquet,
777 2188 939 2231 Reczcez'l,
967 2189 1047 2224 deel
1071 2189 1170 2231 XIV,
1197 2190 1263 2224 blz.
1289 2190 1442 2224 645-646.
1469 2188 1585 2231 (Jaffe,
1612 2188 1691 2223 deel
1718 2187 1746 2228 Ι,

499 2246 565 2280 blz.
592 2247 667 2286 634,
686 2253 725 2280 n‘
749 2244 860 2288 5157).
879 2263 922 2269 -
946 2244 1009 2279 Zie
1032 2245 1071 2278 in
1094 2244 1138 2279 de
1162 2245 1285 2279 Revue
1307 2243 1512 2289 histor-ique
1534 2254 1605 2278 van
1629 2242 1748 2286 Parijs

499 2301 591 2345 (deel
610 2301 635 2342 I,
655 2300 722 2334 blz.
740 2300 897 2341 397-398,
911 2303 1096 2343 jaargang
1120 2299 1217 2343 1876)
1242 2300 1286 2334 de
1309 2299 1574 2343 verhandeling
1590 2309 1662 2332 van
1677 2298 1748 2333 den

500 2356 587 2391 heer
603 2357 650 2390 A.
674 2355 774 2399 Giry‚
796 2354 976 2399 Gre'qoire
1001 2353 1073 2389 VII
1085 2360 1117 2389 et
1134 2354 1185 2389 les
1202 2357 1353 2399 eveqzces
1371 2354 1416 2388 de
1438 2355 1642 2390 Τένοῑιαηε.

899 2489 952 2534 9.

169 2619 323 2677 (1083,
347 2620 488 2663 Rome
501 2619 549 2670 ἓ).
586 2619 666 2662 Bul
689 2631 774 2661 van
802 2617 1040 2675 Gregorius
1058 2617 1155 2668 VII,
1192 2617 1366 2676 gericht
1388 2618 1453 2660 tot
1486 2614 1654 2659 Robert
1684 2615 1741 2669 II,

107 2691 237 2747 graaf
267 2705 353 2734 van
391 2689 687 2741 Vlaanderen,
730 2702 797 2731 om
834 2688 934 2731 hem
970 2690 1103 2744 tegen
1142 2687 1400 2731 Lambertus
1443 2685 1548 2744 (van
1586 2685 1740 2743 Belle),

150 2899 196 2942 (1)
213 2899 397 2942 Quesques
415 2899 445 2933 is
463 2910 527 2934 een
545 2898 636 2941 dorp
646 2910 718 2933 van
735 2897 797 2934 het
809 2898 950 2934 kanton
966 2898 1130 2940 Desvres,
1150 2896 1299 2932 arrond.
1316 2907 1387 2931 van
1402 2893 1604 2939 Boulogne,
1620 2892 1744 2936 depar-

108 2957 245 2990 tement
260 2964 330 2989 van
348 2954 410 2990 het
425 2953 706 2990 Pas-de·Calais.
