2097 3466
344 260 406 294 248
998 261 1130 297 ANNO
1157 273 1187 296 c,
1218 263 1316 296 1380

1101 401 1220 445 233.

404 527 661 572 Omstreeks
686 528 822 579 1380,
850 533 897 572 τη
921 530 947 572 ’t
979 529 1154 574 bisdom
1193 529 1385 574 Utreeht.
1414 528 1652 573 Uittreksel
1686 528 1750 573 uit
1782 528 1834 572 de
1867 528 1968 574 Vita

340 599 558 655 Mayz'stri
590 595 791 641 &erardi
809 600 975 655 Maym'
995 613 1079 642 van
1104 601 1261 643 Petrus
1295 600 1443 641 Hoorn
1476 597 1525 655 (†
1552 597 1699 655 1479),
1722 597 1968 642 fraterheer

341 681 425 710 van
448 668 678 717 Deventer,
706 680 811 710 over
842 667 978 710 Geert
999 668 1159 711 Groote
1182 668 1246 710 als
1268 667 1647 722 kettervervolger
1669 681 1722 710 en
1748 681 1852 710 over
1873 667 1966 710 drie

338 736 507 779 ketters
530 749 615 780 van
638 736 780 792 zijnen
802 736 883 793 tijd
905 737 947 778 in
967 737 1040 780 het
1060 736 1225 779 bisdom
1248 735 1432 779 Utrecht
1453 749 1462 778 z
1493 736 1671 778 Miewes
1694 734 1762 790 (of
1777 735 1901 779 Meus
1924 735 1973 779 of

340 803 594 860 Matthaeus)
626 818 710 847 van
742 804 907 855 Gouda,
933 804 1160 848 Gerbrand
1184 805 1266 847 den
1291 804 1532 861 chirurgijn
1569 818 1653 847 van
1684 804 1881 860 Kampen
1911 817 1967 848 en

340 873 523 916 broeder
542 873 886 917 Bartholomaeus
920 873 1002 916 den
1019 874 1243 931 augustijn
1266 886 1349 915 van
1368 873 1622 926 Dordreqht.
1650 898 1706 904 ——
1723 873 1790 916 Na
1805 872 1967 929 uitleg-

341 943 501 999 gingen
520 955 624 984 over
647 941 698 984 de
721 942 897 984 valsche
921 942 1188 985 leerstelsels
1213 956 1266 985 en
1301 942 1352 984 de
1385 945 1527 985 stoute
1561 941 1854 998 handelingen
1873 941 1968 985 dier

339 1012 446 1062 drie,
468 1011 668 1053 verhaalt
692 1010 743 1052 de
767 1011 983 1068 schrijver
1000 1011 1082 1053 hoe
1104 1011 1238 1054 Geert
1275 1011 1437 1054 Groote
1467 1013 1598 1066 tegen
1636 1009 1687 1052 de
1723 1009 1965 1054 onkuische

338 1080 532 1136 geestelij
540 1079 624 1121 ken
642 1079 839 1134 predikte
864 1093 917 1121 en
940 1082 1071 1135 tegen
1095 1080 1146 1122 de
1168 1080 1337 1122 ketters
1354 1093 1459 1122 eene
1477 1081 1629 1134 groote
1646 1078 1966 1136 bedrijvigheid

339 1163 420 1192 aan
440 1149 522 1191 den
539 1149 624 1203 dag
641 1148 780 1203 legde,
798 1149 987 1203 hetgeen
1004 1162 1111 1191 voor
1129 1149 1286 1204 gevolg
1303 1148 1388 1191 had
1405 1148 1477 1190 dat
1498 1147 1730 1191 Matthaeus
1747 1161 1803 1191 na
1821 1147 1964 1206 ziJnen

339 1217 446 1260 dood
469 1220 710 1273 ontgraven
735 1231 789 1259 en
811 1216 1027 1260 verbrand
1050 1217 1189 1268 werd,
1215 1217 1376 1273 terwijl
1401 1216 1452 1258 de
1474 1219 1590 1259 twee
1612 1216 1771 1259 andere
1796 1216 1966 1260 ketters

338 1290 426 1329 met
448 1286 597 1329 hunne
619 1286 896 1342 aanhangers
918 1285 1107 1341 gestraft
1127 1286 1318 1328 werden.
1344 1286 1473 1328 Eerst
1496 1299 1646 1327 waren
1670 1285 1722 1328 de
1744 1285 1965 1328 inwoners

337 1369 422 1399 van
445 1356 642 1411 Kampen
666 1354 771 1397 daar
792 1368 893 1397 zeer
923 1354 1025 1397 boos
1048 1368 1166 1406 over,
1202 1368 1323 1397 maar
1355 1355 1467 1397 later
1500 1354 1720 1410 zegenden
1743 1354 1795 1412 zij
1831 1354 1965 1398 Geert

337 1425 531 1469 Groote’s
554 1423 912 1481 nagedachtenis.

380 1551 544 1585 Fuerunt
570 1559 725 1592 namque
754 1547 819 1582 illo
849 1550 1009 1591 tempore
1036 1549 1108 1582 tres
1134 1547 1305 1591 precipue
1336 1546 1499 1581 homines
1525 1546 1676 1581 diversis
1706 1546 1745 1581 in
1770 1546 1871 1588 locis,
1901 1546 1964 1590 qui

337 1605 466 1651 spiritu
483 1603 648 1648 superbie
664 1603 794 1639 tumidi
810 1606 998 1647 surgentes
1014 1603 1052 1636 in
1068 1601 1223 1646 publicis
1239 1602 1327 1637 locis
1345 1602 1578 1646 predicabant
1593 1613 1743 1647 magnas
1759 1603 1964 1638 blasfemias

335 1660 580 1706 populumque
607 1669 680 1692 non
711 1669 863 1702 parvum
890 1657 1178 1692 informaverunt
1207 1669 1250 1691 ac
1281 1656 1354 1691 suis
1381 1656 1486 1692 sectis
1517 1659 1768 1700 corruperunt.
1799 1657 1963 1698 Quorum

334 1715 473 1760 primus
495 1714 534 1748 in
559 1713 774 1747 Hollandiae
797 1712 972 1756 partibus,
997 1712 1152 1746 maxime
1181 1711 1219 1746 in
1248 1711 1385 1752 Gouda‚
1404 1711 1490 1746 dum
1513 1711 1693 1746 recusavit
1718 1711 1867 1746 humilis
1889 1723 1964 1748 esse

334 1768 497 1804 veritatis
524 1766 733 1811 discipulus,
763 1767 880 1801 factus
906 1770 959 1801 est
985 1766 1158 1811 magister
1184 1777 1361 1801 errorum.
1388 1765 1588 1800 Servabant
1614 1777 1768 1809 namque
1795 1766 1964 1810 discipuli

333 1824 390 1859 sui
412 1823 544 1867 viginti
568 1823 656 1857 duos
680 1821 862 1863 articulos,
882 1821 980 1856 omni
1004 1820 1227 1865 blasphemia
1250 1821 1385 1864 plenos,
1404 1821 1447 1855 de
1470 1820 1694 1855 humanitate
1717 1823 1754 1856 et
1775 1820 1964 1857 divinitate

337 1878 482 1919 Christi,
501 1878 545 1912 de
568 1876 800 1912 sacramentis
823 1876 1006 1917 ecclesiae,
1025 1876 1069 1910 de
1095 1875 1308 1920 purgatorio
1333 1879 1367 1910 et
1392 1875 1487 1910 inter
1510 1878 1629 1910 cetera
1651 1874 1761 1910 etiam
1775 1875 1846 1910 hoc
1867 1878 1962 1911 tene-

335 1935 421 1969 bant
449 1933 567 1977 ipsum
593 1931 761 1966 videlicet
786 1930 933 1966 Miewes
960 1931 1015 1975 [in
1042 1933 1236 1974 maryioze:
1267 1929 1397 1973 Meus],
1427 1930 1496 1964 hoc
1524 1929 1620 1964 enim
1647 1932 1725 1965 erat
1753 1929 1787 1964 ei
1818 1941 1961 1972 nomen,

335 1988 498 2032 puriores
512 1986 675 2021 veritatis
699 1986 922 2030 cognitiones
946 1986 1079 2020 habere
1103 1997 1212 2030 quam
1236 1985 1414 2029 apostolos
1437 1984 1674 2028 eumdemque
1693 1984 1963 2020 convenientius

335 2045 450 2080 Deum
477 2055 578 2088 posse
599 2042 671 2077 dici
699 2054 807 2086 quam
835 2042 1030 2077 Christum.
1050 2041 1169 2076 Simili
1197 2053 1338 2085 quoque
1362 2041 1467 2075 modo
1494 2041 1682 2082 sccundus,
1707 2040 1963 2077 Gherbrandus

335 2098 549 2145 cyrurgicus
575 2097 614 2132 in
639 2096 793 2141 Campis,
811 2097 1025 2132 eructuabat
1048 2097 1143 2140 quod
1166 2108 1188 2130 a
1214 2099 1315 2140 patre
1339 2107 1403 2130 suo
1427 2095 1581 2139 dyabolo
1604 2094 1791 2137 didicerat,
1810 2106 1963 2140 ovesque

335 2153 506 2190 ecclesiae
529 2152 655 2196 lupino
678 2163 778 2186 more
801 2151 1030 2196 dispergebat
1055 2162 1098 2185 ac
1113 2154 1228 2186 morte
1245 2149 1378 2185 erroris
1402 2149 1652 2185 interficiebat.
1671 2149 1816 2185 Tertius
1838 2150 1959 2192 etiam,

335 2209 622 2248 Bartholomcus,
642 2206 918 2251 Augustinensis
934 2205 973 2240 in
989 2206 1185 2247 Dordraco,
1204 2205 1413 2239 ambulabat
1436 2204 1475 2239 in
1498 2203 1641 2249 magnis
1664 2206 1700 2239 et
1720 2203 1959 2247 mirabilibus,

333 2274 577 2308 superponens
603 2262 705 2298 iuxta
732 2261 961 2296 psalmistam
988 2261 1027 2296 in
1052 2262 1169 2296 celum
1191 2273 1230 2295 os
1254 2272 1371 2302 suum,
1389 2260 1518 2304 lingua
1532 2260 1610 2294 eius
1632 2262 1839 2295 transeunte
1855 2271 1962 2304 super

333 2324 469 2355 terram
485 2320 541 2361 (1).
571 2319 664 2352 Nam
692 2318 731 2352 in
758 2317 831 2352 suis
858 2316 1082 2351 sermonibus
1111 2316 1285 2351 altissima
1312 2319 1347 2351 et
1374 2315 1597 2359 incapibilia,
1626 2314 1752 2358 plenus
1778 2313 1958 2358 superbia,

334 2373 520 2418 prophano
537 2383 598 2406 ore
614 2372 774 2406 docebat.
794 2370 1036 2405 Penitentiam
1053 2372 1173 2404 autem
1196 2373 1231 2404 et
1254 2369 1374 2404 carnis
1390 2367 1621 2403 affiictionem
1645 2371 1680 2403 et
1704 2367 1836 2403 similia
1851 2369 1960 2404 verbo

334 2428 442 2462 simul
472 2430 507 2462 et
533 2438 641 2471 opere
669 2427 908 2468 dissuadebat,
937 2425 1059 2460 dicens
1092 2424 1275 2459 Christum
1306 2424 1414 2459 fuisse
1446 2425 1580 2458 bonum
1611 2423 1747 2458 socium
1777 2426 1813 2458 et
1842 2423 1960 2468 sepius

333 2483 538 2519 interfuisse
555 2482 729 2516 conviviis
745 2487 781 2516 ct
803 2484 943 2525 potasse
959 2481 1083 2514 vinum
1100 2484 1136 2514 et
1151 2479 1271 2514 carnis
1287 2480 1549 2514 oblectamenta
1565 2478 1680 2514 vitare
1696 2489 1768 2513 non
1783 2477 1956 2514 docuisse.

334 2537 541 2573 Predicavit
571 2537 680 2572 ctiam
706 2540 779 2572 tres
806 2547 986 2571 sermones
1012 2535 1051 2569 in
1079 2534 1233 2578 Campis,
1263 2534 1406 2569 Swollis
1433 2537 1468 2569 et
1495 2533 1777 2575 Wolderichem,
1809 2533 1959 2568 diversis

333 2593 516 2628 erroribus
544 2595 650 2636 atque
678 2591 872 2626 blasfemiis
900 2591 1033 2635 plenos.
1060 2590 1194 2624 Videns
1221 2600 1308 2633 ergo
1334 2589 1402 2624 hec
1429 2588 1550 2623 omnia
1575 2589 1632 2623 vir
1659 2588 1725 2623 Dei
1753 2589 1959 2624 Gherardus

334 2651 442 2692 caput
471 2647 639 2682 videlicet
668 2650 703 2681 et
732 2657 861 2689 corpus
891 2643 1040 2679 ecclesie
1072 2642 1311 2687 Trajectensis
1347 2642 1506 2677 inimicis
1536 2643 1696 2687 undique
1731 2643 1884 2678 lacerari
1914 2655 1958 2678 ac

334 2703 513 2739 neminem
529 2714 604 2737 esse
621 2701 683 2745 qui
699 2713 735 2736 se
750 2711 895 2735 murum
919 2702 1068 2743 poneret
1090 2709 1156 2742 pro
1177 2699 1282 2733 domo
1307 2698 1384 2739 Dei,
1403 2697 1564 2742 graviter
1586 2697 1765 2742 ingemuit
1784 2700 1820 2734 et
1841 2700 1958 2733 tactus

332 2758 456 2792 dolore
483 2756 600 2792 cordis
630 2755 845 2791 intrinsecus
875 2754 1020 2797 zeloque
1047 2752 1251 2788 stimulatus
1276 2752 1432 2787 munivit
1462 2763 1499 2787 se
1529 2763 1630 2788 sacre
1656 2752 1834 2797 scripture
1858 2752 1955 2788 testi-

373 2943 417 2987 (1)
442 2942 649 2988 Zinspeling
670 2952 714 2986 op
732 2941 853 2976 Psalm
871 2942 923 2982 73,
942 2951 1022 2975 vers
1038 2942 1070 2982 9,
1088 2940 1235 2984 volgens
1251 2938 1294 2974 de
1316 2937 1484 2982 Vuzyata.
