2097 3466
310 234 351 267 98
938 229 1069 264 ANNO
1097 230 1209 269 1234,
1240 230 1338 263 1235

350 324 390 359 In
407 325 578 368 argenteo
594 321 766 357 ecclesiae
783 322 824 356 D.
844 322 964 357 Amati
988 322 1132 357 nomine
1150 322 1265 356 Dnaci
1289 324 1518 357 consecratae
1534 322 1629 357 libro
1646 321 1743 357 istud
1759 322 1934 366 scriptum

306 383 358 415 est.
374 380 646 413 monumentum
660 389 667 411 :
697 391 711 404 «ι
730 377 807 411 Hoc
834 376 893 411 die
921 377 1098 412 combusti
1128 378 1274 412 fuerunt
1299 377 1395 421 apud
1425 378 1590 412 Duacum
1608 378 1731 413 decem
1761 378 1936 413 haeretici

306 437 406 469 extra
424 436 563 477 portam
577 433 711 467 Oliucti
730 433 768 467 in
784 433 843 467 via
859 433 1095 476 leprosorum,
1114 445 1207 476 quae
1224 433 1294 468 iter
1310 432 1438 477 dirigit
1454 434 1551 477 apud
1568 434 1751 475 Lambres,
1772 445 1937 478 praesen-

304 489 400 524 tibus
418 487 615 523 venerabili
634 488 699 522 Dei
716 488 836 532 gratia
860 488 1131 531 archiepiscopo
1149 487 1331 529 Remensi,
1359 489 1495 523 Assone
1511 488 1677 532 episcopo
1694 489 1934 531 Atrebatensi,

306 544 499 579 Godefrido
515 543 681 587 episcopo
698 544 879 582 Ambian..
897 544 1062 578 waltero
1080 543 1246 587 episcopo
1264 544 1434 584 Tornac.,
1449 547 1484 579 et
1498 545 1609 578 fratre
1622 544 1782 579 Roberto
1796 543 1937 579 ordinis

306 599 595 643 praedicatorum
611 602 699 634 tunc
722 599 893 643 temporis
910 599 1064 633 habente
1081 601 1291 642 potestatem
1308 610 1330 633 a
1345 598 1490 633 domino
1507 609 1600 642 papa
1624 599 1789 642 capiendi
1813 599 1938 634 haere-

302 654 391 688 ticos
404 654 447 689 de
464 666 638 689 consensu
654 653 903 698 episcoporum
920 653 1199 697 praedictorum,
1216 656 1250 688 et
1266 656 1453 697 praesente
1466 654 1606 688 Joanna
1624 653 1806 689 comitissa
1832 654 1938 688 Flan-

302 708 402 743 driae
425 712 461 744 et
485 709 710 751 Hannoniae,
729 710 773 743 ab
797 709 974 744 incarnat.
996 709 1141 743 Domini
1158 710 1208 744 M.
1230 710 1298 745 CC.
1318 709 1505 754 trigesimo
1532 712 1672 753 quarto,
1700 710 1857 745 secunda
1881 709 1940 745 die

303 764 434 799 mensis
450 765 551 808 Maij,
568 764 757 800 Dominica
774 764 844 800 die.
865 781 880 794 ’ν

652 838 684 873 J.
711 838 871 880 Buzelin,
894 837 1211 874 Gallo—Flandria
1228 848 1337 873 sacra
1355 843 1386 873 et
1399 839 1580 883 profana,
1601 839 1668 874 blz.
1687 840 1763 874 256.

1077 963 1166 1006 98.

368 1090 504 1139 1234,
543 1091 648 1139 Mei,
691 1091 899 1134 Dowaaz‘.
927 1091 1167 1135 Uittreksel
1202 1091 1266 1134 uit
1300 1090 1514 1134 Buzelin’s
1553 1091 1758 1134 Annales
1794 1090 1941 1134 Gallo-

306 1159 555 1202 F'landrz'ae
595 1159 750 1217 (1624)
790 1174 895 1203 over
936 1160 1129 1203 dezelfde
1173 1160 1469 1216 verbranding
1510 1174 1595 1204 van
1640 1160 1729 1202 tien
1771 1159 1940 1202 ketters

305 1227 471 1271 aldaar⁷
497 1254 555 1259 ——
579 1229 641 1286 Bij
678 1229 729 1271 de
762 1229 908 1281 seiten,
950 1230 993 1272 in
1025 1230 1100 1273 het
1133 1229 1410 1286 voorgaande
1443 1229 1545 1273 stuk
1570 1229 1776 1281 vermeld,
1798 1229 1942 1272 wordt

304 1297 432 1339 enkel
466 1297 542 1340 het
575 1298 786 1354 volgende
819 1299 1044 1354 gevoegd:
1084 1299 1184 1341 Men
1217 1299 1322 1341 koos
1357 1300 1439 1342 den
1472 1299 1641 1354 zondag
1673 1298 1736 1341 uit
1770 1312 1837 1341 om
1873 1297 1940 1340 die

304 1366 471 1409 ketters
504 1371 573 1409 ter
604 1367 711 1410 dood
744 1370 788 1410 te
820 1367 1029 1424 brengen,
1059 1368 1190 1423 opdat
1222 1368 1274 1410 de
1303 1369 1524 1411 inwoners
1559 1368 1636 1410 der
1667 1368 1763 1411 stad
1787 1381 1840 1410 en
1864 1367 1942 1410 der

305 1436 577 1491 omliggende
602 1437 798 1492 plaatsen
822 1438 934 1480 allen
959 1438 1164 1494 getuigen
1189 1438 1390 1481 mochten
1414 1438 1499 1495 zijn
1523 1451 1609 1480 van
1634 1437 1694 1480 dit
1717 1436 1941 1480 schrikke-

306 1504 383 1562 lijk
408 1505 693 1561 schouwspel.
716 1506 775 1548 De
798 1507 1145 1562 toegestroomde
1167 1507 1359 1563 menigte
1382 1522 1473 1550 was
1496 1507 1578 1550 dan
1604 1506 1685 1550 ook
1709 1507 1942 1550 ontzache-

308 1573 401 1631 lijk,
429 1575 689 1618 waaronder
710 1577 803 1618 veel
828 1577 1065 1619 edellieden
1089 1577 1165 1619 der
1187 1577 1342 1633 gravin
1367 1577 1584 1620 Jolianna.

351 1697 392 1732 In
409 1697 608 1734 haereticos
625 1700 739 1735 Duaci
757 1701 881 1736 eodem
910 1712 1004 1736 anno
1033 1703 1142 1744 (1234)
1159 1701 1353 1737 iustissime
1369 1701 1655 1746 grauissimeque
1679 1700 1859 1736 saeuitum
1876 1702 1939 1736 est.

307 1753 436 1787 Decem
453 1754 523 1788 viri
547 1766 589 1789 eo
613 1767 750 1791 veneno
766 1756 896 1791 imbuti
913 1757 1057 1792 fuerant
1081 1757 1238 1802 reperti3
1264 1758 1471 1801 frustraque
1495 1757 1756 1792 laborauerunt
1779 1756 1940 1801 quidam,

307 1811 347 1842 ut
362 1809 406 1842 ab
424 1808 550 1843 insana
563 1814 680 1846 mente
697 1812 742 1846 ad
759 1815 896 1846 rectam
912 1824 971 1847 eos
984 1814 1211 1848 reducerent.

352 1863 470 1906 Igitur
486 1876 568 1899 cum
584 1866 777 1909 placuisset
792 1878 850 1901 eos
868 1879 931 1910 pro
948 1867 1086 1902 meritis
1102 1868 1237 1912 insigni
1255 1868 1433 1912 supplicio
1457 1868 1625 1912 plectere,
1645 1867 1739 1903 nihil
1754 1868 1800 1903 ad
1815 1867 1940 1911 iudicij

307 1930 575 1963 poenarumque
588 1922 834 1957 celebritatem
852 1923 976 1957 defuit.
998 1923 1206 1967 Opportune
1220 1926 1307 1958 tunc
1323 1924 1387 1957 has
1404 1923 1443 1957 in
1460 1926 1579 1967 partes
1596 1926 1744 1959 venerat
1761 1923 1940 1959 Henricus

309 1975 495 2009 Remensis
512 1977 814 2021 archiepiscopus,
841 1979 1036 2021 aderatque
1064 1979 1105 2012 P.
1126 1978 1307 2013 Robertus
1335 1991 1378 2014 ex
1406 1979 1532 2013 ordine
1557 1978 1873 2013 dominicanorum
1896 1980 1942 2014 ab

309 2042 447 2064 summo
464 2032 632 2074 pontifice
649 2032 906 2076 capiendorum
923 2035 958 2067 et
974 2032 1240 2076 puniendorum
1264 2032 1530 2067 haereticorum
1547 2035 1721 2076 potestate
1745 2033 1941 2077 praeditus.

309 2085 433 2127 Neque
449 2096 550 2119 suam
568 2086 660 2129 passi
677 2089 760 2120 sunt
776 2086 1016 2130 praesentiam
1032 2087 1229 2121 desiderari
1248 2087 1463 2121 Godefridus
1482 2087 1750 2122 Cameracensis
1767 2088 1942 2131 pontifex,

308 2141 396 2174 Asso
431 2141 678 2176 Atrebatensis
715 2141 902 2185 episcopus
932 2144 967 2176 et
999 2141 1238 2176 Tornacensis
1264 2141 1464 2178 walterus.
1498 2142 1518 2176 J
1523 2142 1627 2177 unxit
1653 2142 1764 2177 etiam
1794 2145 1838 2186 ijs
1868 2155 1944 2178 sese

309 2195 450 2229 Joanna
474 2197 667 2231 Flandriae
691 2196 868 2240 princeps,
888 2197 1002 2231 multa
1018 2196 1196 2231 ditionum
1214 2208 1361 2231 suarum
1378 2199 1478 2241 septa
1494 2197 1694 2232 nobilitate.
1715 2198 1843 2239 Quoue
1864 2199 1945 2242 plus

309 2250 457 2284 terroris
482 2251 670 2285 hominum
687 2251 912 2286 multitudini
938 2252 1173 2293 incuteretur,
1192 2252 1350 2286 delectus
1366 2254 1417 2286 est
1434 2252 1611 2296 supplicio
1634 2252 1709 2287 dies
1733 2253 1943 2287 Dominicus

309 2304 406 2339 Maio
434 2316 566 2347 mense,
585 2306 638 2340 uti
663 2306 760 2340 ciues
783 2318 905 2341 omnes
931 2319 974 2341 ac
997 2307 1201 2341 vicinorum
1226 2307 1366 2341 incolae
1382 2307 1544 2341 locorum
1569 2307 1614 2341 ab
1637 2306 1806 2350 operibus
1821 2306 1942 2342 feriati

310 2361 554 2402 spectaculum
571 2364 797 2404 usurparent.
818 2362 915 2406 Ergo
932 2365 985 2397 tot
1000 2362 1089 2396 viris
1106 2361 1337 2396 nobilissimis
1353 2364 1388 2396 et
1404 2361 1604 2396 innumeris
1621 2361 1810 2396 hominum
1826 2362 1942 2397 turbis

307 2414 529 2449 adstantibus
551 2419 586 2450 et
616 2415 832 2457 videntibus,
859 2419 961 2451 extra
989 2420 1129 2460 portam
1159 2416 1306 2459 Oliueti‚
1335 2428 1406 2460 qua
1434 2417 1608 2452 Lambras
1635 2418 1861 2460 tendebatur,
1886 2417 1942 2452 illi

307 2469 460 2503 flammis
476 2469 600 2505 iniecti
617 2470 869 2514 absumptique
886 2474 980 2506 sunt.

653 2549 673 2584 J
680 2578 685 2583 .
706 2549 866 2591 Buzelin,
893 2548 1058 2583 Annales
1085 2548 1436 2590 Gallo-Flandriae,
1455 2548 1522 2583 blz.
1540 2550 1617 2583 270.
1632 2549 1768 2585 Aldaar
1783 2549 1941 2591 verwijst

696 2605 740 2638 de
758 2605 933 2647 schrijVer
956 2605 1026 2639 ook
1044 2615 1133 2638 naar
1148 2605 1192 2638 de
1208 2605 1299 2638 bron
1325 2604 1419 2646 (Lib.
1439 2609 1582 2648 arqent.
1602 2604 1646 2638 D.
1664 2602 1815 2644 Amati),
1841 2612 1940 2636 waar

696 2661 746 2704 hij
765 2661 803 2696 in
819 2662 842 2696 ’t
854 2661 1083 2705 voorgaande
1099 2661 1183 2695 stuk
1195 2671 1261 2696 een
1278 2660 1466 2695 uittreksel
1481 2671 1552 2694 van
1568 2659 1675 2704 geeft.

1077 2785 1167 2829 99.

368 2908 504 2959 1235,
531 2909 645 2953 szz'
662 2912 707 2963 7,
733 2909 1005 2969 (Terwaan).
1033 2911 1155 2955 Brief
1181 2925 1267 2956 van
1298 2911 1460 2963 Pieter,
1487 2909 1686 2965 b'isschop
1720 2920 1806 2953 van
1829 2910 1936 2953 Ter-
