2097 3466
336 249 399 282 ,125
1020 242 1153 277 ANNO
1182 245 1281 278 1472

334 340 497 382 iniurias,
528 342 646 375 tamen
675 339 719 375 de
746 338 798 374 eis
827 349 896 383 que
921 338 1040 380 fidem,
1059 337 1347 374 iurisdictionem
1364 341 1487 374 sancte
1503 338 1664 381 ecclesie,
1679 349 1748 383 que
1764 349 1898 375 neruus
1914 340 1968 376 est

329 395 518 438 discipline
549 393 757 436 christiane,
787 396 823 429 et
854 393 1074 429 ierarchiam
1105 393 1193 435 eius,
1226 405 1296 438 que
1325 396 1378 429 est
1408 404 1509 429 sacer
1536 393 1771 438 principatus,
1796 396 1964 439 tangunt,

333 461 447 493 pauca
464 449 641 483 dicturus.
1450 456 1454 460 '

375 503 483 538 Ponit
521 503 615 538 idem
656 503 787 539 Leonis
826 503 922 547 quod
964 503 1019 537 sui
1037 502 1203 545 magistri
1235 505 1407 547 tanquam
1438 514 1535 544 oues,
1575 514 1644 548 que
1674 503 1720 539 ad
1750 503 1966 540 occisionem

333 558 527 597 ducuntur,
555 557 806 593 sustinuerunt
831 559 1012 602 pacientes
1045 570 1214 593 censuras
1237 570 1302 602 per
1324 559 1476 594 eundem
1500 558 1739 593 reuerendum
1762 560 1901 603 patrem
1931 562 1967 596 et

332 625 413 647 suos
430 612 623 647 officiarios
641 614 852 648 fulminatus
867 626 875 656 ς
891 613 1013 648 subdit
1027 614 1133 657 quod,
1149 616 1189 649 ut
1202 613 1269 649 ista
1286 613 1487 658 persecutio
1503 616 1744 658 prosperetur,
1759 614 1847 650 dant
1858 615 1967 650 eccle-

331 667 465 702 siastici
495 667 591 701 circa
609 667 801 709 auxilium,
817 668 1008 703 consilium
1027 670 1062 703 et
1077 669 1251 703 fauorem.
1271 668 1369 704 Dic-,it
1384 668 1499 713 igitur
1522 680 1626 703 usum
1643 669 1802 703 clauium
1818 669 1966 705 ecclesie

331 733 406 756 esse
423 722 637 757 occisionem
656 725 691 758 et
707 723 1007 767 persecutionem.
1039 723 1114 758 Hec
1137 723 1292 758 assercio
1315 725 1368 759 est
1391 726 1517 758 contra
1532 723 1733 759 doctrinam
1749 721 1966 758 catholicam

331 779 365 811 et
381 776 626 820 apostolicam,
660 776 840 812 iniuriosa
872 776 1052 812 ierarchie
1078 777 1318 813 ecclesiastice
1348 781 1383 814 et
1411 777 1652 813 iurisdictioni
1680 777 1769 819 eius,
1794 777 1880 822 quia
1901 789 1966 822 per

328 831 421 866 hanc
436 831 623 866 inferiores
639 833 819 867 aduersus
832 844 913 867 suos
931 835 1087 867 rectores
1104 833 1331 868 concitentur
1343 860 1439 868 .....
1451 835 1496 876 (1)
1513 834 1663 869 Possent
1675 832 1830 877 proferri
1842 832 1966 868 adhoc

329 887 550 931 propositum
568 887 764 922 innumera
780 888 824 922 de
841 887 1029 932 seripturis
1054 887 1186 922 sanctis
1217 890 1252 923 et
1277 888 1485 923 doctoribus
1509 887 1731 932 euangelicis
1746 887 1964 930 testimonia,

329 942 390 977 sed
407 941 579 986 premissa
595 953 660 986 pro
679 953 777 977 nunc
797 942 994 983 sufficiunt,
1012 953 1055 976 ex
1072 942 1202 986 quibus
1217 942 1332 986 liquet
1349 954 1423 977 esse
1439 942 1477 977 in
1493 942 1644 977 ecclesia
1659 942 1840 978 militante
1854 942 1966 978 bonos

328 1000 364 1032 et
379 997 492 1031 malos
508 1000 582 1032 tam
598 997 636 1031 in
653 999 749 1032 statu
764 997 1009 1032 eeclesiastico
1027 1008 1135 1041 quam
1154 997 1321 1038 seculari,
1341 1000 1376 1033 et
1388 998 1523 1032 frustra
1539 997 1648 1032 stulto
1663 997 1788 1032 labore
1802 996 1966 1032 consumi

329 1063 424 1092 eum,
444 1051 506 1096 qui
523 1063 601 1087 eam
621 1052 672 1087 ita
684 1053 880 1087 formosam
897 1052 936 1086 in
953 1052 1116 1096 partibus
1131 1052 1380 1087 materialibus
1396 1052 1484 1094 eius,
1502 1052 1572 1087 hoc
1583 1055 1636 1088 est
1648 1052 1687 1087 in
1699 1051 1876 1094 fidelibus,
1890 1063 1966 1088 esse

328 1107 458 1142 debere
475 1107 676 1142 arbitratur
705 1108 798 1143 sicut
827 1107 1127 1152 triumphantem,
1149 1111 1185 1143 et
1207 1119 1229 1142 a
1255 1107 1406 1143 veritate
1436 1108 1647 1143 diuinorum
1676 1106 1900 1143 voluminum
1929 1110 1966 1144 et

328 1163 495 1198 doctrina
513 1166 719 1197 sanctorum
738 1162 911 1197 alienum.
943 1163 1018 1197 Nec
1050 1174 1114 1206 per
1141 1163 1314 1207 premissa
1344 1166 1443 1207 putet
1475 1174 1531 1197 me
1559 1161 1691 1206 aliquis
1714 1164 1906 1206 patronum
1921 1174 1965 1198 ac

327 1219 552 1253 defensorem
568 1229 643 1253 esse
658 1217 840 1252 viciorum
857 1217 944 1252 cleri
961 1230 969 1260 3
984 1217 1045 1252 sed
1075 1218 1170 1261 quod
1196 1217 1235 1252 in
1263 1217 1514 1253 emendatione
1543 1229 1669 1252 eorum
1695 1217 1882 1252 habendus
1912 1219 1966 1253 est

327 1272 454 1307 modus
470 1274 504 1307 et
522 1272 617 1306 zelus
634 1271 835 1306 secundum
852 1270 1057 1313 scienciam,
1076 1283 1121 1307 ne
1136 1272 1296 1306 volentes
1309 1270 1424 1306 vitare
1442 1271 1590 1306 Scillam
1607 1270 1770 1306 incidant
1784 1269 1824 1305 in
1840 1270 1963 1306 Carib-

327 1327 414 1369 dim,
446 1330 481 1363 et
512 1339 557 1362 ne
585 1327 717 1362 audeat
747 1326 830 1370 quis
860 1327 1012 1362 licenter
1043 1330 1079 1362 et
1104 1327 1349 1362 irreuerenter
1375 1327 1419 1362 de
1448 1327 1651 1371 pastoribus
1674 1325 1780 1361 malis
1802 1327 1965 1370 proferre

325 1381 545 1417 sentenciam
562 1381 933 1425 condempnatoriam,
967 1381 1063 1425 quod
1090 1381 1228 1416 scilicet
1255 1393 1299 1417 ex
1330 1393 1400 1425 que
1426 1381 1566 1417 faciunt
1596 1381 1636 1416 in
1666 1380 1839 1422 subditos,
1873 1380 1965 1416 iuris

327 1439 449 1471 tamen
466 1435 592 1471 ordine
609 1439 764 1477 seruato,
785 1436 888 1470 nulla
915 1438 1000 1471 sunt
1027 1447 1111 1480 ymo
1138 1436 1271 1471 occisio
1295 1436 1420 1471 ouium
1437 1439 1473 1472 et
1488 1436 1690 1480 persecutio
1704 1449 1713 1480 3
1731 1435 1827 1479 quod
1841 1435 1906 1471 ubi
1920 1436 1966 1472 de

327 1490 396 1525 hoc
424 1491 576 1525 dubium
601 1494 692 1526 esset
719 1494 755 1526 et
784 1491 976 1535 serupulus
1007 1490 1245 1527 conscientias
1266 1494 1418 1535 angeret
1445 1492 1689 1533 vehementer,
1721 1491 1897 1527 haberent
1919 1491 1965 1528 ad

328 1545 551 1590 superiorem
567 1557 756 1581 recursum
773 1557 837 1590 per
853 1546 1012 1581 medium
1025 1546 1278 1590 appellationis
1289 1549 1353 1581 aut
1368 1546 1541 1590 simplicis
1553 1547 1710 1590 querele.

369 1601 411 1636 In
443 1601 567 1637 eadem
599 1604 678 1646 post
704 1602 771 1636 hec
800 1601 1045 1646 appellatione
1061 1603 1133 1636 olla
1149 1613 1320 1637 succensa
1336 1601 1528 1646 aquilonis,
1547 1614 1568 1636 a
1585 1614 1655 1646 quo
1671 1601 1844 1647 panditur
1858 1613 1964 1638 omne

325 1658 472 1698 malum,
492 1656 608 1701 magis
625 1657 727 1692 ardet
744 1659 964 1692 memoratus
986 1657 1128 1699 Leonis,
1147 1669 1231 1692 nam
1247 1657 1335 1693 dicit
1352 1658 1447 1701 quod
1463 1657 1664 1693 sacerdotes
1680 1659 1826 1702 propter
1837 1668 1964 1692 eorum

325 1711 594 1753 fornicationes,
612 1711 803 1754 adulteria,
822 1723 974 1756 prauam
991 1712 1104 1747 vitam
1120 1715 1155 1747 et
1172 1713 1268 1747 mala
1291 1713 1454 1756 exempla
1476 1724 1647 1757 magnam
1672 1714 1812 1756 partem
1839 1713 1964 1758 populi

324 1769 514 1801 traxerunt
529 1767 574 1801 ad
591 1766 703 1801 vitam
720 1778 858 1807 eorum,
878 1766 929 1802 ita
944 1769 985 1802 ut
1001 1766 1062 1801 vix
1081 1766 1195 1802 velint
1218 1767 1262 1802 de
1285 1766 1358 1801 illis
1382 1766 1530 1812 corrigi,
1550 1769 1585 1802 et
1601 1767 1763 1811 sequitur
1781 1776 1788 1800 :
1809 1781 1827 1796 u
1845 1767 1962 1809 Quam

324 1824 458 1857 sectam
489 1821 703 1865 extirpando
735 1821 815 1866 quis
841 1821 1011 1857 meritum
1035 1821 1240 1865 acquireret
1267 1822 1341 1856 acsi
1366 1824 1492 1857 contra
1520 1822 1706 1857 Teuchros
1732 1825 1960 1868 pugnaret».

325 1907 479 1915 ......
499 1879 556 1921 (2).
577 1877 829 1914 Consideranti
846 1881 968 1913 autem
991 1879 1107 1912 totum
1138 1877 1330 1911 decursum
1362 1876 1613 1921 appellationis
1642 1876 1863 1919 huiusmodi,
1893 1889 1962 1921 que

325 1935 431 1979 plena
447 1938 499 1970 est
516 1934 672 1977 iniurijs,
690 1933 922 1977 blasphemiis
939 1935 974 1968 et
991 1932 1228 1968 seditionibus
1244 1933 1417 1967 aduersus
1429 1932 1630 1967 sacerdotes
1647 1931 1804 1974 Domini,
1819 1934 1855 1968 et
1866 1932 1963 1976 quod.

324 1989 463 2025 domini
479 1989 670 2024 memorati
690 1989 821 2024 Leonis
837 1988 1016 2033 patienter
1032 2000 1144 2032 usque
1163 2000 1259 2023 nune
1274 1989 1432 2023 tulerant
1444 1987 1538 2022 vicia
1553 1990 1589 2023 et
1600 1987 1809 2023 insolentias
1820 1999 1959 2031 eorum,

326 2044 574 2080 verisimiliter
590 2043 764 2088 intelligit
779 2044 824 2078 de
848 2043 1088 2088 extirpatione
1116 2054 1180 2087 per
1202 2042 1299 2077 viam
1327 2042 1414 2078 facti
1437 2043 1555 2078 fienda
1576 2053 1599 2077 a
1621 2041 1889 2087 legislatoribus
1904 2043 1962 2078 vel

327 2101 459 2144 populo
475 2113 483 2143 3
518 2111 589 2134 non
617 2098 714 2134 enim
746 2101 863 2142 potest
896 2098 975 2133 fieri
1000 2099 1044 2133 ab
1069 2098 1119 2132 eis
1136 2100 1176 2132 ut
1191 2097 1373 2132 iudicibus
1389 2109 1453 2142 per
1468 2097 1564 2131 viam
1580 2096 1683 2139 iuris,
1701 2108 1783 2132 cum
1801 2108 1873 2132 non
1889 2097 1961 2134 sint

323 2153 527 2197 superiores
551 2152 797 2188 sacerdotibus
822 2164 888 2187 nec
907 2152 1056 2194 iudices
1075 2151 1233 2196 exceptis
1256 2151 1364 2186 certis
1387 2152 1528 2186 casibus
1551 2151 1602 2186 eis
1625 2152 1670 2186 ab
1700 2151 1851 2187 ecclesia
1876 2164 1958 2188 con-

324 2207 442 2243 cessis.
463 2208 567 2242 Unde
584 2207 704 2242 dicere
729 2207 948 2251 simpliciter
973 2207 1069 2251 quod
1092 2207 1143 2241 sie
1167 2206 1348 2250 extirpare
1371 2205 1466 2240 vicia
1488 2206 1649 2250 ipsorum
1672 2206 1899 2242 sacerdotum
1913 2205 1961 2242 sit

324 2262 465 2298 licitum
483 2266 518 2297 et
535 2262 776 2303 meritorium,
793 2265 845 2297 est
856 2273 959 2296 error
962 2289 1148 2297 .......
1166 2263 1222 2304 (3).

370 2317 440 2352 Sed
469 2329 576 2361 quam
604 2317 799 2352 indiscrete
829 2328 1010 2361 quamque
1038 2317 1238 2361 periculose
1276 2317 1315 2351 in
1352 2318 1551 2352 memorata
1580 2315 1821 2360 appellatione
1850 2317 1960 2353 verba

324 2372 522 2414 coniioluit,
556 2373 794 2408 attendamus.
827 2372 939 2407 Nouit
962 2372 1138 2407 Dominus
1162 2372 1224 2416 qui
1248 2374 1332 2407 sunt
1346 2371 1435 2413 eius,
1454 2374 1490 2407 et
1505 2371 1602 2415 quod
1617 2370 1655 2406 in
1671 2370 1871 2407 sacerdotio
1893 2383 1959 2408 suo

322 2428 471 2472 reliquit
487 2429 601 2462 multa
626 2427 728 2462 milia
745 2427 946 2469 hominum,
975 2427 1037 2471 qui
1054 2439 1126 2462 non
1151 2430 1399 2463 curuauerunt
1413 2438 1534 2471 genua
1549 2438 1614 2461 sua
1629 2438 1752 2461 coram
1767 2427 1869 2470 Baal,
1887 2439 1959 2471 qua

323 2482 438 2526 igitur
451 2482 656 2517 temeritate
672 2483 716 2517 de
732 2482 982 2517 sacerdotibus
995 2482 1158 2526 loquitur
1174 2483 1333 2526 prefatus
1350 2481 1480 2517 Leonis
1495 2482 1628 2524 absque
1643 2482 1720 2516 ulla
1734 2481 1955 2525 differencia„

323 2536 508 2571 concitans
525 2540 701 2581 quantum
718 2537 756 2571 in
779 2549 816 2572 se
842 2539 895 2572 est
918 2539 1075 2572 rectores
1099 2536 1198 2581 opidi
1223 2536 1511 2572 Machiliniensis
1534 2539 1569 2572 et
1591 2537 1764 2581 populum
1784 2537 1957 2573 aduersus

324 2592 564 2628 sacerdotium
579 2592 657 2634 Dei,
670 2593 731 2636 qui
746 2604 893 2628 noscere
905 2593 1031 2628 debuit
1043 2592 1200 2636 qualiter
1211 2591 1352 2627 clericis
1364 2591 1450 2627 laici
1462 2591 1500 2627 in
1510 2592 1616 2636 opido
1625 2595 1709 2628 sunt
1717 2591 1838 2629 infesti
1849 2593 1957 2637 quod-

368 2763 412 2804 (1)
440 2761 529 2797 Hier
556 2763 656 2808 volgt
682 2774 770 2798 eene
796 2763 905 2808 lange
930 2762 1035 2797 reeks
1063 2760 1197 2797 citaten
1210 2760 1266 2797 uit
1291 2761 1335 2796 de
1355 2761 1400 2796 H.
1430 2760 1578 2803 Schrirt,
1595 2761 1640 2797 de
1662 2761 1894 2805 kerkvaders‚
1910 2761 1955 2798 de

324 2830 470 2862 pausen,
488 2831 563 2854 cnz.

367 2876 411 2916 (2)
429 2875 539 2919 Volgt
555 2887 642 2910 eene
659 2875 900 2921 godgeleerde
915 2874 1143 2920 uitweiding.

369 2931 414 2972 (3)
431 2930 541 2976 Volgt
556 2943 643 2967 eene
659 2931 763 2967 reeks
779 2931 913 2967 citaten
929 2930 985 2966 uit
1000 2930 1044 2966 dc
1061 2930 1106 2967 H.
1127 2930 1275 2971 Schrift,
1293 2929 1336 2965 de
1352 2929 1583 2972 kerkvaders,
1600 2941 1675 2965 enz.
