2097 3466
780 234 913 269 ANNO
941 235 1038 268 1213
1688 232 1730 265 05

95 329 150 388 bij
170 329 222 372 de
244 328 621 380 liehaamsdeelen,
668 327 749 371 ook
773 327 828 385 bij
855 328 907 370 de
945 327 1203 384 geheimste,
1232 340 1316 369 van
1340 326 1541 370 Christus
1565 339 1618 369 en
1641 339 1726 368 van

93 398 146 441 de
168 398 373 454 heiligen.
402 422 458 428 —
483 398 540 440 De
564 410 669 452 paus
695 402 811 452 zegt,
838 397 912 440 dat
934 397 993 454 hij
1021 409 1126 438 νοοῖ·
1147 396 1178 439 't
1201 395 1454 451 koninkrijk
1488 395 1728 452 Frankrijk

94 481 200 510 eene
222 466 468 524 biJzondere
485 465 612 508 liesde
634 465 846 517 koestert,
874 465 1022 508 emdat
1039 465 1113 508 het
1132 463 1226 507 zich
1245 463 1369 521 altijd
1389 463 1729 508 onderseheidde

93 536 200 579 door
235 536 348 592 zijne
370 534 762 591 gehoorzaamheid
785 548 868 577 aan
907 534 990 578 den
1024 535 1079 577 H.
1115 533 1248 576 Stoel.
1278 532 1504 576 Noehtans
1528 532 1648 576 heeft
1669 533 1728 590 hij

93 617 344 655 vernomeu,
371 603 446 646 dat
469 603 597 646 velen
621 604 663 646 in
687 604 762 646 het
785 603 1076 646 aartsbisdom
1102 602 1248 646 Reims
1285 601 1337 644 de
1375 606 1604 657 gewoonte
1628 601 1732 644 heb-

94 673 178 716 ben
215 673 277 717 uit
300 672 558 729 gramschap
597 671 1019 728 ofliehtzinnigheid
1063 671 1118 728 bij
1145 671 1197 714 de
1235 670 1477 727 geheimste
1501 671 1730 713 liehaams-

94 742 245 786 deelen
263 755 348 784 van
371 741 570 784 Christus
588 755 640 784 en
661 756 744 784 van
765 741 816 783 de
834 741 1023 797 heiligen
1047 744 1091 784 te
1109 740 1310 784 vloeken.
1336 740 1395 782 De
1415 739 1730 796 kerkprelaten

95 815 267 855 moeten
289 810 416 853 zulke
439 810 764 867 godslastering
788 810 941 867 ijVerig
958 814 1002 853 te
1025 810 1130 853 keer
1148 823 1277 866 gaan.

479 935 647 970 Remensi
664 936 934 979 areliiepiseopo
951 940 984 970 et
1002 934 1241 978 suffragancis
1257 936 1346 979 ejus.

140 1013 214 1048 Etsi
237 1015 457 1057 apostolatus
485 1014 643 1048 offieium
678 1027 739 1048 nos
769 1014 945 1049 universis
973 1014 1167 1048 constituat
1200 1013 1379 1048 debitores
1409 1013 1442 1045 et
1481 1021 1570 1054 erga
1608 1021 1731 1043 omnes

94 1071 284 1111 paternum
321 1070 489 1104 affectum
526 1081 652 1111 gerere
683 1074 886 1109 teneamur,
922 1081 1074 1113 regnum
1107 1073 1225 1104 tamen
1262 1067 1438 1103 Franciae
1479 1065 1732 1109 praerogativa

94 1123 249 1166 quadam
273 1124 460 1168 diligimus
484 1123 657 1161 caritatis,
678 1128 800 1167 utpote
825 1124 920 1167 quod
946 1136 1030 1168 prae
1055 1123 1183 1158 ceteris
1209 1122 1334 1157 mundi
1364 1122 1486 1166 regnis
1514 1121 1732 1165 apostolieae

94 1175 168 1209 sodi
185 1187 227 1210 ac
253 1177 354 1211 nobis
377 1179 627 1222 obsequiosum
649 1191 789 1223 semper
811 1180 928 1214 extitit
952 1184 985 1214 et
1011 1180 1204 1221 devotum3
1230 1178 1382 1222 ideoque
1407 1179 1452 1212 ab
1477 1178 1601 1212 eodem
1620 1188 1732 1221 regno

95 1231 300 1274 specialiter
323 1245 490 1269 amovere
517 1234 683 1278 cupimus
707 1235 877 1268 seandala
902 1234 1082 1272 universa,
1102 1246 1194 1277 quae
1221 1238 1347 1267 eontra
1372 1233 1462 1267 illud
1475 1233 1631 1269 .divinae
1654 1244 1730 1276 pos-

95 1290 173 1320 sent
189 1288 385 1331 majestatis
400 1290 524 1323 oeulos
541 1301 747 1333 provocare.
770 1290 950 1324 Noveritis
975 1294 1094 1324 autem
1119 1291 1163 1323 ad
1190 1293 1348 1323 nostram
1367 1289 1592 1323 audientiam
1610 1300 1731 1332 perve-

95 1342 200 1381 nisse,
219 1343 313 1386 quod
337 1344 495 1387 ejusdem
521 1345 623 1387 regni
656 1344 819 1378 homines·
847 1344 947 1388 quasi
976 1356 1018 1378 ex
1045 1343 1304 1378 consuetudine
1332 1343 1493 1387 generali
1526 1344 1732 1386 frequenter

93 1409 137 1432 ex
165 1398 220 1432 ira
246 1402 279 1433 et
305 1398 485 1433 interdum
513 1400 625 1433 animi
656 1399 800 1434 levitate
828 1399 1043 1443 quihus‹·lam
1073 1403 1226 1433 utuntur
1254 1399 1417 1433 nefandis
1445 1402 1480 1433 et,
1496 1397 1732 1432 horribilibus

86 1453 306 1497 juramentis
321 1467 329 1496 ;
346 1462 381 1488 et
405 1466 486 1488 eum
505 1454 637 1489 veritas
653 1455 777 1489 doceat
804 1466 867 1498 per
890 1467 926 1489 se
951 1454 1064 1497 ipsam
1083 1466 1154 1488 non
1176 1466 1251 1488 esse
1270 1453 1470 1499 jurandum
1497 1465 1560 1497 per
1583 1457 1728 1493 terram,

94 1509 179 1553 quia
195 1510 391 1544 scabellum
404 1516 454 1545 est
472 1511 601 1554 pedum
621 1511 697 1549 Dei,
718 1510 785 1554 ipsi
812 1522 881 1544 non
899 1511 1013 1545 solum
1033 1522 1095 1554 per
1118 1510 1261 1544 divinos
1279 1510 1383 1553 pedes
1407 1513 1442 1543 et
1465 1521 1593 1543 manus
1603 1510 1731 1552 jurare

94 1575 164 1598 non
182 1567 357 1605 metuunt,
384 1576 508 1600 verum
537 1575 646 1599 etiam
676 1566 788 1609 ipsius
813 1565 947 1600 Christi
971 1568 1005 1599 et
1033 1568 1240 1598 sanctorum
1258 1565 1336 1607 ejus
1359 1563 1553 1598 secretiora
1569 1565 1731 1598 membra

93 1619 221 1663 lingua
248 1619 424 1664 sacrilega
453 1624 729 1664 perscrutantes,
760 1632 802 1654 ea
830 1631 902 1654 nen
931 1620 1125 1653 formidant
1154 1618 1321 1653 intonare
1343 1619 1515 1662 jurando,
1546 1630 1639 1661 quae
1667 1630 1730 1652 nos

94 1673 284 1709 scribendo
310 1686 433 1709 sumus
457 1675 562 1709 veriti
592 1675 790 1709 nominare.
812 1675 902 1709 Cum
930 1674 1045 1718 igitur
1073 1673 1165 1707 sacri
1194 1685 1350 1707 canones
1376 1673 1414 1706 in
1442 1682 1731 1716 praesumptores

93 1729 299 1774 hujusmodi
324 1731 543 1765 constituant
569 1742 697 1774 graves
721 1741 863 1773 poenas,
883 1733 919 1763 et
941 1728 1125 1773 episcopos
1144 1727 1391 1767 nihilominus,
1412 1727 1472 1771 qui
1498 1727 1588 1762 haee.
1611 1739 1728 1762 emen-

92 1785 179 1819 dare
203 1784 406 1829 negligunt,
432 1788 591 1819 asserant
618 1785 794 1819 acerrime
822 1784 1037 1828 arguendos.
1057 1782 1320 1817 fraternitatem
1338 1786 1494 1816 vestram
1512 1782 1727 1816 monendam

91 1839 260 1874 duximus
277 1839 448 1874 attentius
464 1844 498 1874 et
523 1839 750 1879 hortandam,
770 1850 833 1882 per
854 1837 1051 1882 apostolica
1075 1837 1176 1871 vobis
1202 1836 1336 1880 scripta
1354 1836 1608 1880 praecipiendo
1633 1848 1730 1870 man-

90 1894 216 1929 dantes
239 1898 415 1937 quatenus
438 1893 591 1928 subditis
618 1894 756 1933 vestris,
789 1898 827 1927 ut
853 1894 898 1927 ab
923 1891 1129 1935 hujusmodi
1155 1891 1357 1926 temeritate
1385 1891 1569 1932 desistant,
1596 1891 1730 1926 curetis

90 1949 290 1985 districtius
306 1950 470 1984 inhibere
486 1955 521 1984 et
545 1949 823 1983 inhibitionibus
847 1947 1144 1982 comminationes
1176 1947 1339 1981 addendo
1371 1957 1496 1980 eorum
1521 1957 1728 1989 praesump-

90 2003 224 2038 tionem
243 2003 364 2038 taliter
379 2004 583 2047 corrigatis.
599 2004 693 2047 quod
710 2003 823 2037 (livini
843 2002 998 2036 nominis
1013 2002 1106 2036 zelus
1124 2013 1185 2035 ves
1202 2005 1352 2043 tangere
1369 2000 1536 2035 videatur
1551 2004 1587 2035 et.
1602 2012 1729 2034 eorum

90 2059 303 2093 temeritatis
326 2059 486 2093 divinam
510 2062 635 2092 eontra
660 2058 753 2101 ipsos
776 2063 809 2091 et
835 2069 987 2101 regnum
1015 2057 1214 2099 praefatum
1242 2068 1310 2089 non
1341 2059 1509 2098 provocet
1539 2055 1724 2089 ultionem.

92 2113 164 2148 Vos
179 2114 345 2156 denique,
365 2114 493 2148 fratres
510 2112 780 2155 archiepiscope
796 2117 829 2145 et
848 2110 1018 2154 episi-opi,
1037 2122 1145 2153 super
1161 2110 1262 2144 vobis
1281 2110 1366 2153 ipsis
1381 2113 1450 2144 ete.

137 2168 267 2203 Datum
286 2167 468 2208 Laterani,
489 2167 520 2202 II
539 2166 618 2201 idus
634 2167 770 2208 Mai-tij,
787 2166 1016 2209 pontificatus
1035 2165 1146 2199 nostri
1163 2176 1258 2198 anno
1274 2164 1413 2198 decimo
1431 2168 1542 2199 sexto.

440 2245 583 2284 Baluze,
616 2244 871 2288 Epestolarum
904 2244 1112 2278 Imzocentii
1139 2242 1199 2276 III
1229 2243 1319 2275 libri
1352 2243 1541 2285 undecim,
1574 2243 1653 2278 deel
1681 2243 1728 2285 II,

487 2300 553 2334 blz.
573 2301 648 2333 735.
668 2299 858 2341 (I’otthas-t,
877 2299 955 2333 deel
973 2298 1000 2338 Ι,
1019 2298 1085 2331 blz.
1106 2300 1180 2337 405,
1202 2304 1238 2331 nr
1257 2299 1368 2339 4678.)

872 2420 954 2469 67.

156 2554 296 2607 1213,
341 2553 439 2597 Juzi
501 2555 573 2604 12,
622 2554 766 2609 Essra.
804 2552 1049 2594 Uittreksel
1094 2553 1157 2595 uit
1201 2552 1251 2595 de
1309 2551 1469 2596 belofte
1521 2566 1606 2595 van
1648 2552 1730 2595 den

92 2624 365 2667 Roomsehen
398 2623 565 2678 koning
586 2622 798 2664 Frederik
831 2622 870 2663 II
897 2622 1034 2664 oncler
1064 2622 1167 2664 eede
1201 2637 1282 2664 aan
1317 2636 1420 2678 paus
1447 2621 1730 2664 Innocentius

90 2692 152 2735 III
169 2693 338 2749 gedaan
361 2706 466 2735 over
487 2692 562 2735 het
581 2691 794 2734 uitreeien
813 2690 892 2733 der
914 2690 1110 2747 ketterij.

134 2806 345 2841 Promissio
361 2807 574 2841 Innocentio
591 2805 653 2840 III
662 2815 795 2850 papae.

134 2861 175 2897 In
194 2862 339 2897 nomine
355 2866 499 2897 sanctae
513 2866 547 2896 et
566 2860 774 2895 individuae.
791 2858 995 2894 Trinitatis.
1022 2859 1237 2895 Frederieus
1254 2861 1443 2901 secundus,
1455 2861 1577 2896 divina
1592 2860 1731 2895 favente

91 2917 282 2954 clementia
297 2918 546 2954 Romanorum
563 2929 626 2952 rex
643 2928 784 2961 semper
795 2919 972 2960 augustus
985 2922 1019 2950 et
1040 2927 1106 2951 rex
1125 2916 1335 2960 Syn-iliae...

1580 2997 1595 3004 -

1579 3008 1599 3028 ᾇ)
