2097 3466
338 262 400 295 430
1025 255 1158 291 ΑΝΝΟ
1185 257 1285 299 1472

335 354 370 386 ie
387 362 431 384 >w
447 349 578 395 capelle
594 349 661 383 nul
682 349 768 391 lieu,
794 352 862 385 etc.
888 349 929 384 In
954 352 1054 385 textu
1078 352 1199 384 tamen
1223 352 1345 384 vetero
1369 352 1406 384 et
1430 358 1532 383 sacro
1556 348 1608 382 sic
1632 347 1812 384 habentur
1826 347 1889 391 (Io.
1908 348 1963 391 4):

337 420 352 433 u
372 406 515 445 Mulier,
535 405 639 440 crede
656 404 758 446 mihi,
777 404 863 448 quia
879 404 977 440 venit
1000 404 1092 439 hora
1121 404 1264 448 quando
1290 415 1405 448 neque
1421 403 1459 438 in
1476 406 1596 438 monte
1612 403 1681 438 hoc
1697 414 1813 448 neque
1827 403 1965 439 Jeroso-

336 461 432 495 limis
447 459 643 494 adorabitis
661 463 811 503 patrem.
834 476 849 489 n

382 518 412 549 5.
430 515 563 549 Curato
575 525 640 549 suo
656 514 791 549 dicenti
806 513 874 548 sibi
888 513 983 558 quod
1003 525 1040 548 se
1054 513 1226 558 signaret,
1245 513 1451 557 respondit:
1471 530 1488 549 n
1507 513 1661 558 Signum
1678 513 1795 549 crucis
1808 513 1967 558 peniten-

339 569 435 604 tibus
452 568 611 603 stulticia
627 572 690 603 est.
713 585 728 597 n

379 627 410 656 f».
430 623 545 656 Dauid
562 634 632 656 non
650 622 805 666 perdidit
821 622 997 666 Spiritum
1016 623 1201 664 Sanctum,
1217 622 1360 665 quando
1375 622 1540 666 peccauit
1552 622 1589 657 in
1603 621 1781 657 adulterio
1794 622 1970 658 Bersabee

337 682 373 712 ct
400 677 595 711 homicidio
624 676 722 717 Urio,
753 677 839 721 quia
865 677 1039 721 scriptum
1065 680 1140 712 est:
1163 691 1179 704 α
1195 677 1399 712 Transtulit
1417 677 1591 712 Dominus
1607 679 1795 721 peccatum
1816 679 1933 712 tuum.
1952 691 1970 706 n

382 735 413 766 7.
432 732 501 766 Iste
517 731 696 766 Massinus
711 732 837 767 asserit
854 744 889 766 se
905 732 1039 767 habere
1069 731 1245 776 Spiritum
1276 732 1449 766 Sanctum
1477 732 1515 766 in
1543 744 1580 767 se
1606 734 1810 767 manentem
1836 733 1873 766 et
1897 741 1972 766 esse

338 786 495 821 amicum
513 785 589 826 Dei,
608 789 644 820 et
659 786 802 829 quando
825 786 900 830 ipse
916 789 1050 830 peccat,
1073 785 1230 830 Spiritus
1248 785 1400 822 Sanctus
1415 797 1486 821 non
1512 786 1648 822 recedit
1673 789 1820 831 propter
1841 785 1911 821 hoc
1927 785 1972 820 ab

339 852 393 882 eo,
412 844 446 875 et
462 840 530 874 hoc
546 843 693 884 propter
708 840 838 875 bonam
858 852 956 884 spem
981 852 1089 884 quam
1105 840 1224 882 habet,
1243 841 1304 876 sed
1320 841 1470 885 punitur
1485 841 1530 876 de
1553 853 1617 876 suo
1634 844 1780 885 peccato
1795 851 1818 876 a
1834 838 1973 885 Spiritu

341 895 485 936 Sancto,
504 906 615 938 quum
632 894 700 929 sibi
717 895 876 938 aliquam
893 895 1127 930 afflictionem
1146 895 1318 931 immittit.

384 954 415 984 S.
431 950 471 984 In
485 949 690 984 carceribus
706 950 789 984 fidei
806 950 933 985 habuit
949 950 1015 985 iste
1033 950 1213 985 Massinus
1230 962 1339 985 unam
1355 951 1549 986 maximam
1564 951 1813 987 infirmitatem
1826 961 1890 995 per
1902 952 1975 986 tres

339 1004 415 1039 dies
428 1004 628 1044 continuos,
647 1007 680 1038 et
703 1003 895 1039 videbatur
918 1008 1093 1047 mortuus,
1112 1009 1148 1040 et
1173 1005 1265 1041 dixit
1281 1017 1359 1040 eam
1376 1005 1536 1041 totaliter
1559 1006 1668 1041 fuisse
1684 1005 1908 1050 spiritualem
1924 1003 1976 1039 ita

341 1059 437 1102 quod
454 1070 524 1093 non
541 1058 717 1094 sentiebat
732 1060 868 1094 malum
885 1059 923 1094 in
940 1071 1166 1104 quacumque
1192 1064 1294 1105 parte
1318 1061 1373 1096 sui
1402 1061 1574 1106 corporis,
1593 1063 1654 1097 sed
1681 1062 1778 1097 intus
1801 1060 1978 1097 sentiebat

342 1116 482 1148 tantum
509 1114 669 1148 dolorem
697 1115 803 1158 quod,
834 1114 903 1149 nisi
941 1115 1097 1159 Spiritus
1123 1115 1276 1151 Sanctus
1305 1117 1508 1152 consolatus
1540 1119 1630 1152 esset
1658 1128 1752 1159 eum,
1783 1116 1879 1161 quod
1902 1115 1978 1160 ipse

343 1172 507 1204 mortuus
530 1169 666 1204 fuisset.

388 1226 420 1258 9.
440 1223 609 1258 Prodicta
626 1223 818 1259 infirmitas
834 1224 904 1260 fuit
921 1225 988 1259 sibi
1013 1225 1153 1261 inflicta
1180 1237 1202 1260 a
1231 1225 1380 1268 Sathan,
1401 1226 1460 1270 qui
1490 1226 1637 1262 vexauit
1659 1226 1740 1268 Job,
1759 1237 1864 1270 quem
1892 1224 1980 1260 dicit

343 1290 418 1314 esse
436 1277 612 1322 Spiritum
630 1278 814 1320 Sanctum,
832 1279 930 1322 quia,
953 1280 1040 1315 dum
1057 1280 1214 1325 Spiritus
1240 1280 1393 1316 Sanctus
1415 1280 1581 1317 immittit
1603 1281 1828 1323 afflictiones,
1846 1279 1981 1316 dicitur

347 1332 498 1368 Sathan.

392 1390 443 1423 10.
463 1387 645 1431 Quicquid
661 1388 749 1424 facit
764 1391 828 1424 aut
843 1388 945 1431 vitat,
963 1389 1033 1424 hoc
1049 1389 1136 1426 facit
1152 1390 1299 1435 speciali
1323 1390 1522 1427 monitione
1547 1390 1703 1435 Spiritus
1731 1388 1855 1426 Sancti
1878 1388 1917 1424 in
1939 1399 1982 1423 eo

346 1443 555 1478 habitantis,

394 1501 446 1533 11.
462 1498 533 1539 Qui
551 1509 623 1533 non
639 1498 747 1534 habet
764 1499 943 1543 Spiritum
957 1499 1143 1542 Sanctum,
1163 1511 1235 1535 non
1252 1503 1367 1545 potest
1378 1501 1584 1547 intelligere
1599 1501 1816 1546 scripturam
1828 1510 1980 1535 sacram.

394 1555 447 1589 12.
465 1553 666 1588 Monitione
684 1553 842 1597 Spiritus
860 1554 984 1589 Sancti
1001 1555 1157 1590 comedit
1172 1558 1309 1590 stercus
1337 1557 1526 1600 proprium
1541 1559 1578 1592 et
1593 1556 1685 1592 bibit
1700 1567 1802 1591 suam
1817 1554 1982 1598 urinam3

350 1608 529 1645 ieiunauit
545 1608 667 1644 multis
690 1609 831 1644 vicibus
847 1620 912 1653 per
927 1610 1048 1654 plures
1064 1609 1140 1645 dies
1157 1610 1346 1646 continuos
1373 1614 1409 1646 et
1424 1610 1620 1655 aliquando
1643 1621 1708 1655 per
1730 1612 1886 1654 quatuor
1908 1608 1984 1644 sine

349 1663 553 1707 sumptione
569 1663 757 1698 cuiusdam
781 1663 852 1698 cibi
877 1667 940 1699 aut
962 1668 1086 1708 potus;
1105 1676 1188 1709 ymo
1216 1665 1411 1709 aliquando
1438 1665 1581 1701 monuit
1597 1677 1680 1700 eum
1707 1664 1864 1709 Spiritus
1890 1663 1987 1708 quod

351 1730 536 1763 nunquam
551 1718 705 1762 amplius
723 1719 937 1754 comederet.
955 1720 1036 1754 Non
1052 1723 1201 1763 apparet
1227 1722 1347 1755 tamen
1371 1731 1487 1764 neque
1510 1719 1550 1755 in
1565 1720 1670 1755 vultu
1693 1723 1757 1755 aut
1771 1719 1916 1763 loquela
1929 1717 1987 1754 vel

351 1784 501 1817 corpore
518 1772 626 1807 nimis
641 1772 868 1816 debilitatus3
891 1775 928 1808 et
947 1773 1090 1817 quando
1107 1774 1151 1808 de
1166 1773 1234 1809 hoc
1256 1774 1495 1818 vituperatur,
1513 1773 1719 1819 respondit:
1738 1787 1755 1802 u
1770 1772 1909 1809 Videtis
1924 1783 1987 1808 vos

353 1828 448 1873 quod
464 1830 610 1872 propter
626 1826 696 1862 ista
711 1827 850 1862 ieiunia
865 1839 933 1872 ego
949 1829 1067 1863 valem
1082 1828 1225 1863 minus?
1251 1845 1267 1859 n

399 1885 452 1918 13.
472 1882 568 1924 Quia
583 1881 706 1917 littera
729 1882 862 1917 occidit
877 1886 912 1918 et
935 1882 1083 1927 spiritus
1107 1883 1271 1919 viuificat
1293 1886 1328 1919 et
1352 1884 1469 1919 virtus
1497 1884 1536 1919 in
1559 1883 1772 1919 infirmitate
1786 1881 1984 1928 perficitur,

352 1938 435 1973 ideo
452 1936 550 1971 nisus
565 1939 618 1971 est
633 1939 668 1971 et
681 1936 812 1972 cotidie
829 1936 959 1972 nititur
973 1949 1038 1981 per
1050 1937 1188 1973 ieiunia
1203 1942 1239 1974 et
1253 1939 1461 1974 huiusmodi
1477 1939 1707 1976 infirmitates
1722 1939 1762 1975 in
1773 1951 1810 1975 se
1826 1939 1987 1975 litteram

357 1992 523 2028 occidere
539 1994 579 2026 ut
593 1990 741 2035 spiritus
753 1991 791 2026 in
803 2003 845 2026 eo
862 1991 974 2033 viuat,
993 1995 1029 2028 et
1043 1992 1081 2027 in
1094 1995 1234 2028 tantum
1249 1993 1347 2028 circa
1362 1993 1431 2028 hoc
1447 1994 1629 2030 laborauit
1644 1995 1739 2038 quod
1751 1995 1873 2030 littera
1884 1996 1938 2029 est
1948 1993 1988 2028 in

357 2059 398 2082 eo
415 2047 533 2082 occisa
545 2050 579 2081 et
596 2046 744 2090 spiritus
757 2046 795 2080 in
811 2058 853 2081 eo
868 2047 961 2082 viuit
976 2051 1010 2082 et
1023 2050 1075 2083 est
1090 2051 1185 2083 totus
1200 2048 1412 2092 spiritualis,
1430 2060 1513 2093 ymo
1531 2060 1603 2084 non
1627 2052 1680 2085 est
1695 2049 1850 2094 amplius
1867 2049 1912 2084 de
1927 2047 1989 2084 hic

357 2103 522 2143 inferius,
540 2103 601 2137 sed
624 2105 677 2137 est
692 2105 788 2137 totus
803 2103 846 2137 de
870 2102 968 2144 celis,
996 2106 1032 2138 et
1057 2103 1150 2138 dixit
1175 2104 1271 2147 quod
1298 2103 1419 2139 littera
1444 2107 1496 2139 est
1519 2115 1636 2139 sermo
1659 2105 1838 2149 scripture
1867 2104 1989 2138 sancte

357 2169 481 2192 sensus
496 2157 678 2191 humanus
693 2160 802 2200 atque
818 2169 902 2192 caro
918 2157 1077 2201 propria.

404 2216 456 2248 14.
484 2212 642 2257 Spiritus
666 2212 819 2246 Sanctus
842 2215 963 2246 monet
986 2223 1068 2246 eum
1091 2212 1286 2256 aliquando
1310 2223 1374 2256 per
1397 2212 1593 2256 scipturam
1617 2223 1769 2255 sacram,
1794 2209 1990 2256 aliquando

359 2269 436 2303 sine
453 2269 644 2312 scriptura,
663 2272 698 2303 et
715 2267 857 2311 quando
873 2267 951 2302 sine
965 2268 1146 2312 scriptura
1161 2279 1264 2303 sacra
1279 2271 1401 2303 monet
1417 2280 1512 2311 eum,
1532 2269 1719 2314 cognoscit
1734 2269 1764 2304 si
1780 2269 1828 2304 sit
1843 2267 1992 2312 spiritus

361 2325 476 2359 bonus
493 2334 556 2367 per
571 2323 640 2357 hoc
655 2322 752 2366 quod
767 2323 882 2356 bonus
905 2325 1049 2366 superat
1069 2323 1206 2357 malum
1221 2326 1257 2358 et
1272 2323 1323 2357 sic
1340 2324 1456 2357 malus
1480 2323 1629 2367 spiritus
1645 2335 1718 2359 non
1733 2324 1842 2359 habet
1856 2323 1989 2358 locum.

362 2378 453 2413 Item
466 2378 582 2412 malus
594 2377 742 2422 spiritus
755 2389 827 2412 non
839 2377 901 2412 dat
912 2377 1052 2412 homini
1065 2378 1326 2414 consolationes
1339 2391 1406 2414 nec
1415 2379 1586 2415 virtutem
1597 2377 1766 2423 portandi
1778 2376 1994 2413 afflictiones

362 2436 488 2468 contra
503 2444 551 2468 se.

409 2490 460 2522 15.
481 2487 576 2528 Quia
591 2487 706 2522 virtus
729 2486 767 2521 in
793 2486 1006 2523 infirmitate
1028 2488 1226 2532 perficitur,
1246 2489 1326 2524 ideo
1353 2490 1448 2524 Deus
1475 2489 1609 2534 accipit
1631 2486 1931 2533 complacentiam
1954 2485 1994 2521 in

364 2543 520 2588 peccatis
543 2543 642 2577 illius
658 2542 720 2586 qui
737 2542 931 2578 committit
947 2554 1000 2585 ea,
1019 2544 1212 2579 dummodo
1228 2544 1303 2588 ipse
1319 2544 1451 2580 habeat
1467 2545 1550 2580 odio
1565 2545 1644 2589 ipsa
1659 2547 1817 2589 peccata.

411 2600 464 2632 16.
491 2596 647 2641 Spiritus
663 2596 816 2631 Sanctus
831 2596 908 2631 sine
923 2600 1006 2632 voto
1022 2600 1058 2633 et
1072 2598 1148 2633 sine
1172 2610 1274 2633 sacra
1289 2598 1470 2643 scriptura
1485 2599 1627 2634 monuit
1642 2610 1725 2634 eum
1741 2610 1787 2634 ne
1801 2599 1994 2642 deponeret

366 2653 517 2687 barbam
533 2655 596 2687 aut
611 2663 750 2686 comam
766 2654 802 2686 et
815 2652 908 2694 ideo,
925 2652 955 2687 si
972 2653 1124 2688 ecclesia
1140 2653 1340 2698 preciperet
1355 2654 1424 2688 sibi
1441 2657 1504 2689 aut
1520 2653 1659 2689 iudices
1675 2653 1759 2689 fidei
1776 2653 1872 2698 quod
1886 2653 1994 2697 depo·

369 2710 469 2741 neret
482 2718 573 2747 eam,
588 2717 660 2740 non
676 2705 848 2747 obediret,
862 2718 945 2750 ymo
962 2706 1050 2742 dicit
1065 2707 1161 2751 quod
1176 2707 1215 2742 in
1231 2708 1325 2742 facto
1338 2707 1571 2751 depositionis
1582 2706 1789 2742 huiusmodi
1801 2707 1912 2742 barbe
1924 2717 1997 2742 non

369 2761 546 2796 subicitur
562 2760 722 2802 ecclesie,
740 2761 801 2795 sed
816 2760 958 2797 iusticie
974 2762 1129 2797 seculari
1142 2775 1150 2804 ;
1168 2764 1204 2797 et
1219 2762 1248 2796 si
1265 2761 1410 2797 iusticia
1423 2761 1595 2797 secularis
1608 2762 1808 2806 preciperet
1820 2761 1889 2796 sibi
1902 2761 1998 2805 quod

368 2826 448 2851 eam
464 2815 667 2858 deponeret,
687 2826 759 2849 non
775 2815 884 2850 habet
899 2827 964 2860 pro
981 2829 1078 2852 nunc
1093 2817 1376 2852 admonitionem
1390 2816 1547 2861 Spiritus
1563 2816 1650 2860 quid
1663 2816 1906 2861 responderet.

416 2872 469 2904 17.
492 2870 562 2904 Per
579 2869 755 2914 Spiritum
770 2872 1009 2914 cognoscebat
1023 2871 1111 2916 quid
1126 2883 1228 2907 soror
1243 2872 1320 2907 eius
1336 2871 1504 2914 carnalis,
1523 2883 1593 2915 que
1616 2872 1827 2907 morabatur
1849 2881 1933 2906 cum
1956 2881 1999 2905 eo

372 2925 412 2960 in
427 2925 533 2959 domo
549 2936 625 2967 sua,
643 2925 774 2969 agebat
788 2924 826 2959 in
842 2936 907 2960 sua
922 2926 1084 2962 absentia
1099 2929 1135 2962 et
1147 2938 1189 2961 ea
1204 2926 1272 2962 sibi
1288 2927 1496 2970 reuelabat3
1513 2928 1635 2962 tamen
1651 2925 1846 2971 aliquando
1858 2924 1998 2961 deficie-

377 2980 435 3014 bat
450 2982 485 3014 et
500 2982 586 3014 tunc
604 2979 759 3023 Spiritus
776 2979 929 3016 Sanctus
944 2986 1091 3026 propter
1103 2981 1201 3017 hunc
1217 2982 1397 3018 defectum
1413 2981 1585 3026 puniebat
1600 2993 1696 3017 eum.
