2097 3466
323 239 365 272 72
1012 237 1144 274 ANNO
1171 239 1274 273 1227

321 324 554 368 toezwaait
578 337 631 367 en
654 324 767 370 wien
794 325 854 384 hij
880 325 1052 369 beveelt
1084 326 1149 369 als
1171 325 1590 381 onderinquisiteurs
1629 325 1839 381 degenen,
1888 325 1955 369 die

320 394 381 450 hij
405 393 677 449 goedvinden
702 395 783 446 zal,
811 409 894 438 aan
919 400 962 438 te
995 396 1151 438 stellen
1177 408 1244 437 om
1283 397 1372 437 met
1409 394 1507 437 hem
1531 394 1582 437 de
1620 395 1795 451 ketterij
1836 395 1880 437 in
1903 394 1956 439 de

322 463 524 505 Duitsche
546 462 707 505 landen
730 463 794 507 uit
821 468 865 507 te
889 465 1054 507 roeien.

367 565 563 609 Gregorius
588 565 786 610 episeopus,
814 578 938 601 servus
960 577 1146 601 servorum
1174 564 1250 606 Dei,
1270 564 1401 600 dilecto
1426 564 1502 599 filio
1527 565 1701 609 magistro
1728 566 1892 602 Conrado
1915 567 1959 602 de

320 620 498 665 Marburg
514 621 753 664 praedicatori
772 622 872 656 verbi
891 621 968 660 Dei.
987 622 1140 656 salutem
1158 624 1193 656 ot.
1210 620 1443 664 apostolicam
1461 620 1760 655 benedictionem.

366 675 642 710 Solicitudinem
674 680 786 717 tuam,
821 689 893 721 qua
924 677 1120 721 diligenter
1150 676 1306 710 intendis
1334 676 1379 709 ad
1412 675 1703 719 investigandum
1731 676 1770 709 in
1797 675 1961 719 partibus

323 730 522 765 Teutoniae
540 731 728 775 pravitatis
745 732 949 767 haereticae
967 735 1171 772 sectatores5
1191 731 1228 765 in
1248 730 1400 764 Domino
1424 731 1728 772 commendamus,
1746 731 1832 765 dum
1854 730 1962 775 pestis

321 786 528 830 hujusmodi
546 790 679 830 quanto
702 787 814 831 serpit
838 787 1027 827 occultius,
1046 789 1146 821 tanto
1171 785 1319 829 gravius
1344 785 1486 819 vineam
1516 785 1742 819 Dominicam
1764 786 1802 820 in
1826 785 1960 830 simpli-

322 841 422 874 cibus
446 841 663 884 demolitum
696 842 781 885 quia
813 854 899 876 vero
933 841 1114 876 efficacius
1139 841 1333 884 procedere
1364 840 1498 883 potoris
1533 841 1578 874 ad
1613 841 1791 875 haeresim
1822 841 1866 876 de
1888 841 1960 876 illis

322 897 484 941 partibus
500 898 725 939 abolendam,
744 898 773 931 si
803 898 916 941 aliqui
946 910 967 931 a
983 901 1016 932 te
1040 897 1175 931 fuerint
1196 897 1234 930 in
1252 899 1389 940 partem
1406 896 1514 940 hujus
1540 896 1780 931 solicitudinis
1806 896 1956 938 evocati,

321 951 530 986 discretioni
547 954 630 985 tuae.
648 963 712 995 per
729 952 926 996 apostoliea
943 952 1078 995 scripta
1094 952 1317 990 mandamus,
1346 953 1521 994 quatenus
1537 950 1726 994 assumptis
1748 951 1793 986 ad
1809 952 1959 986 eandem

323 1006 589 1041 solicitudinem
614 1019 702 1050 quos
728 1007 871 1041 noveris
893 1007 1073 1050 expedire,
1093 1006 1288 1050 diligenter
1309 1008 1344 1040 et
1367 1005 1563 1049 vigilanter
1589 1005 1751 1049 inquiras
1777 1006 1961 1043 haeretica

322 1063 499 1106 pravitate
523 1061 674 1097 infectos
702 1062 740 1096 in
762 1063 925 1106 partibus
950 1062 1168 1103 memoratis,
1188 1065 1229 1097 ut
1250 1073 1314 1106 per
1338 1062 1430 1103 illos5
1450 1062 1496 1096 ad
1521 1073 1609 1106 quos
1633 1062 1802 1106 pertinet,
1828 1061 1964 1097 zizania

322 1118 440 1152 valeat
459 1118 502 1152 de
518 1129 608 1161 agro
627 1118 771 1151 Domini
790 1118 976 1162 extirpari.

367 1173 499 1207 Datum
515 1172 718 1216 Anagniae,
738 1172 771 1206 ΙΙ
789 1172 869 1206 idus
886 1172 999 1213 ι10011,
1021 1171 1251 1216 pontificatus
1269 1171 1380 1206 nostri
1397 1183 1492 1206 anno
1509 1172 1639 1215 primo.

673 1249 809 1294 Ripoll,
829 1250 908 1284 deel
934 1250 961 1291 I,
981 1251 1047 1284 blz.
1068 1253 1120 1290 20,
1141 1257 1178 1283 n¹'
1196 1252 1227 1283 7.
1247 1250 1438 1291 (Potthast,
1458 1250 1537 1284 deel
1559 1250 1587 1290 1,
1612 1250 1678 1284 blz.
1696 1251 1772 1290 686,
1797 1256 1836 1284 11¹¹
1852 1250 1962 1292 7931).

716 1325 761 1330 —
774 1306 853 1339 Van
867 1306 976 1339 (lezen
993 1304 1212 1348 inquisiteur
1229 1308 1308 1349 zegt,
1323 1305 1413 1339 Moll
1428 1304 1808 1348 (Ise7⁴l³9esclm‘edenis‚
1823 1306 1902 1340 (1001
1917 1305 1963 1347 ΙΙ,

717 1363 752 1394 30
771 1361 866 1401 stuk,
886 1361 951 1394 blz.
974 1362 1070 1402 112);
1091 1374 1106 1387 ιι
1128 1361 1209 1404 Nog
1227 1360 1379 1394 voordat
1397 1371 1485 1403 paus
1512 1360 1708 1404 Gregorius
1724 1360 1777 1394 IX
1802 1360 1846 1393 de
1869 1371 1966 1394 mon·

719 1415 831 1449 niken
855 1416 919 1450 der
943 1416 1029 1449 orde
1053 1426 1124 1449 van
1143 1415 1408 1450 St-Dominicus
1433 1417 1487 1449 101
1510 1416 1600 1456 zijne
1625 1414 1798 1449 officieele
1813 1416 1965 1459 geloofs-

714 1471 975 1505 onderzoekers
1001 1470 1152 1510 verhiefi
1179 1470 1252 1504 had
1277 1470 1326 1512 hij
1355 1471 1423 1504 den
1446 1469 1664 1513 predikheer
1681 1469 1873 1504 Koenraad
1896 1481 1966 1504 van

717 1526 897 1569 Marburg
929 1526 1078 1560 formeel
1110 1528 1163 1560 tot
1204 1525 1422 1568 inquisiteur
1452 1536 1523 1558 van
1559 1526 1602 1559 de
1634 1524 1805 1560 Duitsche
1835 1525 1967 1560 landen

719 1582 907 1616 benoemd.
927 1582 969 1616 10
987 1584 1070 1616 1227
1095 1582 1148 1615 als
1173 1580 1349 1625 zoodanig
1376 1581 1595 1625 aangesteld‚
1614 1581 1712 1615 werd
1736 1581 1818 1616 deze
1841 1581 1968 1625 gewel-

719 1637 803 1681 dige
828 1637 994 1680 dweeper
1018 1637 1061 1670 de
1085 1636 1210 1670 schrik
1234 1637 1345 1678 zijner
1367 1637 1614 1680 tijdgenooten
1631 1648 1675 1670 en
1699 1647 1765 1670 een
1780 1647 1968 1679 voorwerp

716 1704 787 1726 van
806 1692 969 1725 afschuw
985 1702 1074 1726 voor
1090 1692 1151 1726 het
1177 1691 1399 1735 nageslacht.
1420 1692 1471 1725 De
1497 1693 1655 1725 wateren
1678 1702 1748 1726 van
1764 1691 1900 1726 Moezel
1923 1702 1968 1725 en

717 1747 804 1789 Rijn
820 1747 1084 1781 weerkaatsten
1097 1747 1140 1780 de
1153 1747 1335 1780 vlammen
1348 1748 1459 1789 zijner
1471 1747 1672 1781 mutsaards
1685 1758 1730 1780 en
1743 1747 1785 1780 de
1796 1746 1967 1781 klachten

719 1804 832 1843 zijner
862 1802 1098 1842 slaehtoffer&
1117 1804 1170 1836 101
1194 1802 1255 1835 dat
1281 1801 1331 1843 hij
1358 1801 1396 1835 in
1423 1804 1506 1835 1233
1532 1803 1644 1836 onder
1671 1802 1714 1836 de
1737 1801 1881 1836 handen
1896 1812 1967 1835 van

721 1857 848 1901 eenige
874 1856 1143 1900 wraakgierige
1172 1856 1297 1890 edelen
1324 1856 1363 1890 in
1390 1857 1433 1890 de
1462 1856 1645 1899 nabijhcid
1673 1857 1737 1891 der
1763 1857 1852 1897 stad,
1878 1856 1968 1890 wier

722 1923 829 1946 naam
859 1911 908 1954 hij
936 1912 1060 1955 droeg,
1080 1912 1149 1945 den
1177 1911 1269 1944 dood
1297 1911 1402 1945 vond.
1423 1911 1712 1945 Nederlandsehe
1735 1922 1779 1945 en
1801 1910 1967 1944 vreemde

717 1966 912 2008 schrijvers
929 1966 1070 1999 hebben
1094 1964 1246 2005 bericht,
1266 1966 1327 1999 dat
1353 1965 1545 1999 Koenraad
1562 1965 1632 1999 ook
1655 1965 1694 1999 10
1718 1965 1906 1999 Friesland
1921 1977 1967 2000 en

720 2021 759 2054 in
778 2020 947 2061 Holland,
968 2032 1012 2054 en
1035 2021 1277 2064 bepaaldeliJ'k
1301 2023 1335 2055 te
1361 2020 1507 2061 Leiden‚
1533 2020 1563 2053 is
1587 2021 1806 2064 opgetreden
1822 2032 1879 2055 om
1896 2022 1966 2063 ziJn

718 2076 864 2119 bloedig
898 2076 998 2110 werk
1031 2079 1066 2111 10
1095 2076 1313 2110 verriehten.
1348 2076 1417 2109 Dat
1445 2075 1586 2110 berieht
1613 2075 1745 2118 schijnt
1774 2087 1819 2119 op
1849 2076 1968 2111 1001οΓ

720 2131 960 2164 misverstand
979 2133 1014 2165 10
1032 2132 1213 2165 berusten.
1236 2147 1250 2159 ν’
1269 2130 1465 2173 (Namelijk
1488 2142 1533 2173 op
1555 2142 1641 2165 eene
1657 2130 1884 2175 verwarring
1897 2142 1968 2166 van

723 2187 767 2219 do
788 2196 976 2230 pauperes
992 2186 1262 2229 chydzmenses
1279 2186 1425 2227 (ketters
1449 2196 1519 2219 van
1536 2186 1649 2229 Lyon)
1673 2188 1747 2220 met
1772 2187 1816 2220 de
1843 2186 1968 2221 Leide-

724 2242 860 2282 naren).
879 2241 981 2275 —In
999 2252 1085 2275 eene
1110 2241 1173 2274 bul
1195 2252 1265 2274 van
1283 2242 1323 2274 21
1343 2241 1498 2275 October
1516 2242 1611 2282 1233,
1630 2240 1772 2284 gericht
1794 2243 1847 2276 tot
1867 2242 1903 2276 al
1926 2242 1970 2276 de

724 2296 964 2340 bisschoppen
997 2309 1040 2330 en
1072 2297 1234 2340 prelaten
1266 2297 1330 2330 der
1361 2296 1532 2330 Duitsche
1572 2297 1715 2337 landen,
1747 2297 1851 2331 beval
1881 2308 1969 2341 paus

725 2352 923 2396 Gregorius
941 2352 1006 2392 IX,
1026 2353 1087 2387 dat
1110 2364 1193 2386 men
1217 2352 1255 2385 in
1279 2353 1313 2386 al
1337 2352 1380 2386 de
1404 2352 1544 2386 kerken
1565 2355 1678 2387 moest
1701 2352 1966 2396 aankondigen,

723 2407 785 2441 dat
800 2407 1021 2441 Koenraads
1035 2408 1290 2441 moordenaars
1303 2407 1341 2441 in
1355 2408 1423 2441 den
1437 2408 1507 2441 ban
1517 2407 1581 2441 der
1594 2407 1693 2441 Kerk
1703 2408 1772 2449 ziJ‘n
1785 2408 1966 2452 geslagen.

726 2463 803 2496 Den
823 2463 1098 2506 afgestorvenen
1114 2462 1332 2505 inquisiteur
1348 2463 1443 2506 geeft
1465 2463 1508 2496 de
1526 2473 1614 2505 paus
1630 2463 1708 2496 veel
1723 2463 1778 2496 lof
1789 2473 1834 2496 en
1850 2465 1971 2498 000101,

726 2517 808 2550 hem
834 2532 848 2544 ιι
869 2516 1088 2561 magistrum
1104 2517 1309 2551 Conradum
1326 2518 1369 2551 de
1392 2517 1570 2561 Marburg
1586 2517 1756 2551 ecclesiae
1779 2527 1968 2561 paranym-

728 2572 861 2615 phum,
896 2572 1101 2606 ministrum
1135 2572 1295 2612 luminis,
1337 2573 1489 2607 alterum
1527 2572 1821 2613 Mardochaeum,
1850 2572 1969 2606 virum

730 2630 1001 2661 consummatae
1025 2626 1169 2660 virtutis
1197 2630 1232 2661 ot
1259 2638 1473 2670 praeconem
1489 2626 1573 2660 fidei
1599 2626 1834 2668 Christianae,
1852 2643 1867 2656 n
1892 2639 1966 2662 enz.

728 2681 878 2725 (Ripolh
898 2682 977 2716 deel
994 2681 1021 2723 I,
1040 2682 1106 2716 blz.
1125 2684 1179 2722 (34,
1199 2689 1237 2716 11¹*
1255 2683 1340 2724 102).

1106 2800 1187 2849 73.

395 2914 529 2961 1227,
559 2911 804 2957 December
827 2913 869 2962 5,
895 2914 1139 2956 Lateracm.
1168 2913 1250 2956 Bul
1290 2926 1374 2956 van
1417 2910 1655 2968 Gregorius
1692 2912 1756 2954 IX
1796 2910 1969 2968 gerieht
