2097 3466
324 236 388 268 362
1013 236 1144 270 ANNO
1172 238 1276 270 1450

320 329 394 373 dat
417 330 522 372 door
543 331 624 375 den
658 330 1051 389 hisschoppeiijken
1090 331 1256 374 notaris
1281 331 1548 375 Walrandus
1586 331 1638 374 de
1678 330 1952 376 Bauffremez

319 399 561 453 geteekend
585 401 649 442 zal
673 400 851 442 worden
875 414 926 442 en
953 400 1055 442 door
1073 400 1169 442 hem
1190 404 1276 443 met
1300 401 1373 443 het
1397 400 1518 455 zegel
1537 413 1620 442 van
1641 399 1692 442 de
1711 401 1948 445 vicarissen

320 481 373 508 en
397 481 479 509 van
505 467 686 511 broeder
710 469 863 511 Victor
890 469 1124 511 Clementis
1148 468 1450 523 bekrachtigd.
1479 467 1662 526 (Erikele
1685 482 1842 512 namen
1872 469 1953 513 der

317 537 520 591 getuigen
547 537 700 592 voigen
726 537 889 592 hierop,
920 537 1069 580 alsook
1108 537 1160 580 de
1183 537 1438 593 verklaring
1461 550 1546 579 van
1570 537 1653 579 den
1675 535 1952 595 hisschoppe-

320 604 453 661 lijken
474 606 679 659 notaris.)

558 707 743 742 Absolzceie
767 719 838 742 υαη
867 709 984 752 Diaqo
1010 707 1054 741 de
1080 707 1279 748 Gommiel‚
1303 706 1416 741 belast
1439 717 1512 741 van
1537 705 1714 740 heresien.

363 773 549 808 Universis
565 779 600 809 et
615 774 768 818 singulis
784 778 964 818 presentes
987 774 1127 808 litteras
1146 773 1382 817 jnspecturis,
1407 773 1533 807 vicarii
1574 773 1762 817 generales
1782 776 1824 817 jn
1849 772 1953 818 spiri·

319 829 478 863 tualibus
502 834 536 864 et
560 829 819 874 temporalibus
854 829 1041 864 reverendi
1067 829 1104 863 in
1131 829 1274 863 Christo
1298 828 1410 871 patris
1433 831 1468 862 et
1491 827 1629 863 domini
1665 827 1779 862 nostri
1816 827 1955 864 domini

317 881 505 921 Johannis.
525 883 753 917 miseratione
784 882 907 917 divina
933 881 1177 917 Tornacensis
1200 881 1371 925 episcopi,
1399 885 1434 915 et
1459 881 1572 915 frater
1595 880 1722 915 Victor
1745 880 1951 925 Clementis,

317 936 456 971 ordinis
471 937 624 971 fratrum
649 938 929 980 predicatorum,
950 948 1049 971 sacre
1074 936 1258 980 theologie
1283 937 1474 980 professor,
1493 935 1650 970 vicarius
1675 935 1812 970 domini
1833 934 1953 980 inqui·

317 992 438 1026 sitoris
455 991 614 1026 heretice
630 992 820 1035 pravitatis
837 992 874 1027 in
898 1003 1011 1035 regno
1038 991 1204 1033 Francie,
1223 992 1267 1025 ab
1285 991 1410 1026 eodem
1429 991 1575 1025 domino
1593 990 1863 1035 inquisitorejn
1885 991 1955 1026 hac

318 1052 420 1090 parte
442 1047 646 1090 specialiter
673 1047 865 1090 deputatus
889 1052 924 1081 et
948 1046 1169 1088 commissus,
1196 1046 1349 1081 salutem
1368 1049 1411 1089 jn
1435 1051 1583 1080 auctore
1607 1049 1642 1080 et
1663 1049 1954 1082 consummatore

320 1101 403 1135 fidei
422 1101 574 1134 Domino
592 1105 712 1135 nostro
733 1101 836 1136 Ihesu
857 1101 1021 1136 Christo.

365 1155 499 1189 Notum
516 1156 667 1189 far-imus
679 1156 786 1198 quod,
801 1167 884 1190 cum
899 1167 1014 1199 nuper
1029 1156 1143 1199 Diago
1160 1155 1234 1190 sive
1250 1155 1406 1189 Jacobus
1416 1155 1459 1188 de
1471 1154 1660 1195 Gommiel,
1673 1154 1840 1197 clericus,
1857 1154 1956 1190 filius

320 1211 505 1255 legitimus
521 1211 701 1254 quondam
730 1211 902 1256 Diagonis
917 1211 1300 1255 R0d1·ighe,oriundus
1313 1211 1357 1244 de
1370 1210 1455 1243 villa
1470 1210 1513 1244 de
1525 1209 1702 1244 Gommiel
1714 1209 1752 1244 in
1764 1209 1953 1254 Hispania,

320 1265 518 1310 Burgensis
534 1265 697 1306 diocesis,
716 1266 759 1299 ad
786 1277 931 1308 presens
948 1266 1106 1300 residens
1131 1266 1167 1300 in
1193 1265 1279 1299 villa
1304 1266 1496 1308 Brugensi,
1517 1265 1758 1300 Tornacensis
1789 1265 1954 1307 diocesis,

320 1333 441 1356 coram
456 1320 558 1355 nobis
571 1321 608 1354 in
618 1320 758 1363 judicio
776 1321 869 1360 fidei,
899 1321 936 1354 in
961 1321 1064 1355 curia
1091 1319 1283 1364 episcopali
1307 1319 1528 1354 'fornacensi
1555 1323 1682 1363 sponte
1710 1321 1958 1364 comparuerit

321 1380 355 1411 et
378 1389 414 1410 se
430 1375 700 1419 presentaverit,
721 1375 843 1410 dicens
868 1380 902 1410 et
919 1386 1099 1418 exponens
1123 1387 1159 1410 se
1176 1375 1394 1409 intellexisse
1417 1375 1512 1417 quod
1538 1385 1664 1418 nuper,
1690 1374 1767 1418 ipso
1792 1374 1956 1420 Diagone

322 1443 386 1474 pro
401 1432 494 1464 facto
512 1429 801 1464 merc-anciarum
819 1429 858 1464 in
883 1429 1030 1464 remotis
1047 1434 1188 1473 agente,
1207 1430 1352 1472 quidam
1372 1439 1507 1470 rumor,
1525 1429 1621 1471 quod
1633 1429 1797 1464 dolenter
1812 1429 1951 1472 retulit,

321 1490 448 1519 contra
477 1496 558 1519 eum
589 1483 849 1525 insurrexerat,
879 1484 974 1526 quod
1009 1483 1086 1527 ipse
1116 1483 1330 1527 quibusdam
1354 1483 1618 1518 mercatoribus
1645 1482 1834 1527 Hispanie,
1873 1495 1958 1519 cum

321 1539 452 1581 quibus
469 1538 651 1573 interdum
667 1539 706 1572 in
723 1538 820 1572 dicta
834 1538 921 1572 villa
936 1538 1115 1582 Brugensi
1141 1538 1346 1572 conversari
1371 1537 1519 1577 solebat,
1540 1537 1615 1580 qui,
1629 1549 1737 1572 suasu
1760 1537 1954 1579 diabolico,

321 1593 493 1627 ,Iudaicos
516 1593 768 1627 cerimoniales
791 1592 884 1627 ritus
907 1592 982 1636 qui,
1007 1592 1189 1636 prioribus
1212 1592 1354 1632 seculis,
1381 1592 1456 1625 dati
1481 1595 1566 1626 sunt
1588 1591 1714 1626 «Iudeis
1736 1591 1776 1627 in
1799 1593 1958 1638 figuram

322 1649 474 1692 misterij
493 1648 695 1683 absconditi
711 1648 833 1683 divine
849 1648 1127 1689 incarnacionis,
1143 1649 1180 1682 in
1197 1648 1294 1682 dicta
1310 1648 1397 1682 villa
1415 1648 1595 1692 Brugensi
1610 1647 1782 1683 dicuntur
1794 1660 1955 1694 resump-

322 1703 408 1737 sisse
424 1708 459 1737 et
476 1703 556 1737 illos
573 1714 717 1737 servare
733 1707 868 1737 temere
884 1702 1139 1746 presumpsisse
1156 1708 1191 1737 et
1214 1703 1258 1736 ob
1283 1702 1350 1736 hoc
1374 1714 1410 1736 se
1427 1702 1623 1736 reddidisse
1638 1702 1825 1746 fugitivos,
1843 1703 1956 1739 adhe-

320 1758 421 1793 sisset
439 1762 474 1792 et
490 1769 553 1801 per
569 1758 638 1791 hoc
654 1769 737 1791 cum
755 1758 806 1792 eis
824 1757 859 1791 in
876 1761 1081 1801 apostatum
1110 1757 1220 1792 simul
1251 1761 1359 1799 atque
1374 1757 1399 1790 h
1413 1757 1534 1791 ¹retice
1550 1757 1741 1800 pravitatis
1764 1758 1958 1802 perfidiam

321 1812 520 1847 incidisset.
543 1812 658 1856 Super
674 1812 805 1855 quibus
821 1811 897 1855 ipse
913 1812 1028 1855 Diago
1046 1812 1200 1846 asseruit
1216 1822 1252 1845 se
1268 1811 1412 1854 penitus
1428 1811 1670 1854 innocentem,
1687 1823 1772 1856 ymo
1787 1812 1956 1848 omnibus

320 1869 393 1902 vite
410 1881 472 1903 sue
489 1869 615 1902 diebus
629 1868 809 1903 catholice
825 1867 968 1909 vixisse,
987 1868 1121 1910 absque
1133 1867 1202 1901 hoc
1218 1867 1313 1909 quod
1331 1878 1351 1900 a
1376 1867 1521 1901 tramite
1539 1878 1623 1902 vere
1646 1868 1730 1903 fidei
1754 1868 1955 1905 orthodoxe

320 1924 519 1959 deviaverit
541 1935 601 1958 seu
619 1924 708 1957 alias
733 1923 771 1957 in
789 1922 913 1957 eadem
930 1921 1116 1956 erraverit.
1138 1922 1183 1955 Et
1196 1922 1239 1955 ob
1256 1921 1325 1955 hoc
1342 1922 1477 1963 nolens,
1496 1925 1537 1956 ut
1560 1922 1714 1963 dicebat,
1727 1922 1779 1958 sic
1797 1923 1956 1959 labefac-

321 1983 379 2013 tus
396 1989 593 2019 remanere,
613 1978 657 2012 ad
671 1978 873 2012 tollendum
889 1977 1096 2020 huJ'usmodi
1114 1987 1297 2010 rumorem
1313 1987 1487 2019 suamque
1505 1977 1640 2011 bonam
1663 1978 1798 2013 famam
1813 1989 1957 2014 conser-

320 2034 474 2067 vandam
501 2039 535 2067 et
559 2034 636 2068 eius
659 2032 911 2067 innocenciam
939 2032 1210 2069 osteniendam,
1236 2044 1272 2064 se
1296 2035 1458 2065 nostrum
1484 2035 1519 2066 et
1547 2031 1650 2067 curie
1685 2037 1809 2068 sancte
1833 2033 1957 2078 Inqui-

321 2088 468 2123 sicionis
506 2087 705 2122 reddiderit
741 2087 1012 2131 prisionarium,
1053 2087 1157 2121 nobis
1196 2085 1384 2120 humiliter
1425 2086 1660 2129 supplicando
1698 2092 1875 2131 quatenus
1911 2089 1957 2124 ad

322 2143 598 2185 inquisicionem
636 2141 801 2176 veritatis
842 2141 1101 2184 premissorum
1140 2141 1336 2184 procedere
1374 2144 1410 2174 et
1447 2140 1516 2174 sibi
1559 2141 1655 2184 quod
1687 2146 1829 2186 justum
1865 2144 1960 2180 foret

323 2197 518 2231 decernere
542 2197 782 2241 dignaremur
805 2200 912 2238 atque
938 2195 1122 2236 vellemus,
1149 2195 1328 2240 condigne
1352 2206 1453 2238 pene,
1473 2195 1510 2229 in
1535 2199 1714 2238 quantum
1737 2196 1960 2240 reperiretur

325 2252 536 2295 culpabilis,
556 2264 593 2286 se
609 2253 839 2285 submittens.

369 2307 452 2347 Nos,
472 2306 654 2349 premissis
672 2317 736 2349 per
744 2305 881 2340 dictum
899 2304 1100 2349 Diagonem
1125 2304 1294 2348 expositis
1310 2315 1374 2348 per
1390 2315 1454 2338 nos
1469 2304 1616 2346 auditis,
1626 2303 1744 2349 ipsum
1758 2305 1960 2351 Diagonem

325 2361 526 2404 recepimus
561 2372 604 2395 ac
643 2361 709 2395 sub
749 2364 783 2395 et
819 2359 999 2394 mediante
1052 2360 1225 2394 caucione
1264 2359 1457 2394 sufficienti
1511 2362 1674 2394 nostrum
1723 2360 1874 2396 fecimus
1922 2364 1958 2397 et

325 2417 577 2451 constituimus
624 2415 896 2460 prisionarium.
950 2416 995 2450 Et
1038 2415 1156 2459 parati
1203 2414 1399 2457 unicuique
1437 2414 1481 2449 de
1522 2425 1563 2449 eo
1604 2415 1777 2458 conqueri
1822 2416 1959 2452 volenti

324 2473 458 2505 bonum
483 2475 518 2506 et
542 2473 650 2506 breve
666 2472 817 2514 justicie
839 2471 1144 2514 complementum
1169 2469 1351 2511 exhibere,
1370 2469 1497 2513 vigore
1520 2470 1727 2504 litterarum
1752 2474 1960 2507 nostrarum

325 2526 577 2561 citatoriarum
617 2527 685 2561 sibi
727 2537 978 2561 concessarum
1019 2525 1126 2560 citari
1162 2525 1313 2560 fecimus
1351 2528 1386 2560 et
1426 2524 1676 2559 mandavimus
1717 2527 1960 2570 peremptorie

327 2580 482 2615 Tornaci
517 2592 639 2615 coram
672 2581 788 2622 nobis,
815 2581 854 2615 in
882 2580 980 2615 dicta
1011 2581 1114 2615 curia
1145 2580 1340 2623 episcopali
1370 2579 1603 2621 Tornacensi,
1629 2579 1673 2613 ad
1697 2584 1833 2616 certam
1863 2581 1959 2616 diem

326 2640 586 2678 competentem
604 2641 639 2669 et
652 2635 865 2679 juridicam,
884 2639 957 2669 tam
975 2635 1205 2669 honorabiles
1222 2634 1318 2669 viros
1333 2633 1520 2675 ballivum,
1538 2633 1708 2668 sultetum
1723 2634 1816 2677 (sic),
1834 2635 1959 2681 burgi-

326 2690 530 2732 magistros,
547 2691 711 2725 scabinos
728 2694 763 2725 et
786 2690 934 2724 laicales
946 2689 1171 2734 justiciarios
1187 2690 1283 2724 dicte
1305 2689 1392 2724 ville
1415 2688 1624 2733 Brugensis,
1641 2699 1751 2732 quam
1775 2689 1903 2732 eciam,
1919 2691 1960 2726 in

326 2744 417 2778 facie
425 2744 575 2779 ecclesie
593 2745 703 2779 Beate
723 2744 840 2778 Marie
854 2744 950 2778 dicte
967 2744 1053 2778 ville
1071 2743 1278 2788 Brugensis,
1289 2754 1410 2778 coram
1422 2743 1563 2786 copiosa
1573 2742 1697 2786 populi
1711 2743 1956 2786 multitudine,

325 2799 363 2833 in
391 2799 551 2842 generali
583 2810 705 2834 ornnes
731 2799 812 2833 illos
827 2802 861 2833 et
878 2799 970 2840 illas,
984 2799 1046 2842 qui
1075 2799 1131 2833 vel
1157 2810 1227 2842 que
1252 2802 1377 2833 contra
1400 2798 1537 2832 dictum
1561 2798 1762 2842 Diagonem
1791 2799 1959 2843 quitquid

326 2853 458 2894 dicere,
473 2865 675 2897 proponere
691 2854 748 2889 vel
761 2854 924 2898 allegare
940 2853 1085 2895 vellent,
1103 2853 1140 2888 id
1157 2853 1332 2897 dicturos,
1346 2853 1592 2897 proposituros
1608 2856 1642 2888 et
1657 2853 1880 2898 allegaturos
1894 2864 1960 2898 per

325 2907 421 2942 viam
438 2908 749 2950 denunciacionis,
768 2908 1027 2950 aceusacionis,
1046 2912 1109 2943 aut
1124 2920 1161 2943 se
1174 2911 1313 2953 partem
1330 2908 1502 2943 facientes
1519 2907 1574 2942 vel
1588 2907 1690 2950 alias,
1710 2918 1794 2943 cum
1809 2906 1960 2943 intima-
