2097 3466
899 255 1030 292 ANNO
1057 255 1157 291 1353
1773 253 1836 290 20³

261 350 462 388 Processus
479 355 511 386 et
527 349 707 385 mandata
723 354 849 385 contra
865 348 1014 384 clericos
1031 353 1063 383 ot
1078 347 1282 393 reliyiosos,
1301 346 1503 382 imitatores
1523 350 1638 382 sectae
1653 345 1837 392 F'laqella·

217 411 348 442 torum.

259 461 497 503 Wilhelmus,
529 461 593 496 Dei
624 461 742 506 gratia
774 463 917 496 sanctae
949 461 1170 496 Coloniensis
1207 460 1379 496 ecclesiae
1416 460 1716 506 archiepiscopus,
1745 459 1837 495 sacri

217 516 362 562 imperii
387 529 451 562 per
471 517 613 553 Italiam
631 517 982 558 archicancellarius,
1003 517 1177 552 universis
1194 515 1505 551 Christianitatum
1522 515 1665 551 decanis
1681 519 1716 550 et
1731 514 1839 550 eccle-

220 572 357 608 siarum
374 573 666 617 capellarumquc
691 572 890 607 rectoribus
914 576 1055 608 nostrae
1072 571 1228 607 civitatis
1251 574 1286 606 ct
1308 571 1478 606 dioecesis
1496 571 1726 612 Coloniensis,
1745 570 1838 605 salu·

214 630 286 663 tem
303 628 341 662 in
358 627 522 663 Domino.

259 683 385 727 Nuper
413 683 450 718 in
474 694 576 718 sacra
607 683 741 727 synodo
771 683 808 717 in
836 683 993 718 crastino
1034 681 1242 717 Dominicae
1278 693 1347 726 qua
1379 684 1544 716 cantatur
1574 682 1769 722 lin-ocavit,
1799 681 1836 716 in

215 738 367 774 ecclesia
382 739 496 773 sancti
522 739 633 774 Cassii
657 738 773 774 dictae
798 742 938 774 nostrae
955 739 1126 773 dioecesis
1149 738 1338 777 celebrata,
1357 749 1479 772 omncs
1501 741 1535 772 ct
1556 737 1717 782 singulos
1733 737 1835 772 cleri-

219 805 278 828 cos
305 795 340 828 et
370 793 557 838 religiosos
587 796 834 839 cujuscunque
861 797 986 835 status,
1019 793 1166 834 ordinis,
1196 792 1411 828 conditionis
1441 797 1505 827 aut
1534 792 1836 837 praeeminentiae

216 849 420 890 existerent,
450 849 512 893 qui
539 849 584 884 de
613 853 709 884 secta
736 850 1017 894 Flagellatorum
1046 857 1110 884 aut
1139 848 1298 893 ipsorum
1328 848 1526 882 imitatores
1557 851 1619 882 aut
1646 850 1836 882 sectatores

215 904 424 946 extiterunt,
450 916 514 948 per
537 908 675 944 nostras
702 905 791 940 certi
815 905 948 939 tenoris
976 904 1098 939 literas
1121 903 1326 938 monuimus
1350 904 1479 947 palam,
1500 903 1641 947 publice
1665 906 1699 937 et
1722 903 1835 937 solen-

215 959 322 1001 niter,
340 962 516 1004 quatenus
539 960 583 994 de
610 959 684 994 suis
706 960 907 994 excessibus
931 971 994 1004 per
1016 963 1132 994 sectae
1154 959 1358 1004 hujusmodi
1385 958 1543 993 nefariae
1565 957 1775 993 exercitium
1801 961 1837 992 ct

215 1018 375 1060 tempore
405 1015 568 1050 exercitii
600 1015 712 1059 ipsius
743 1015 780 1049 in
812 1015 1043 1059 opprobrium
1074 1015 1184 1050 totius
1214 1014 1297 1049 fidei
1329 1014 1554 1049 Christianae
1584 1013 1838 1048 damnabiliter

218 1071 466 1116 praesumptis,
480 1071 554 1105 Deo
571 1070 673 1105 nobis
688 1073 724 1105 et
739 1071 910 1106 ecclesiae
927 1070 1023 1105 intra
1036 1070 1143 1105 unius
1159 1070 1289 1104 mensis
1302 1069 1455 1113 spatium
1473 1081 1493 1103 a
1510 1068 1567 1103 die
1584 1068 1838 1112 publicationis

214 1126 395 1162 dictarum
420 1126 607 1161 literarum
625 1128 828 1161 nostrarum
846 1126 1124 1169 computandum
1143 1125 1358 1169 condignam
1383 1127 1604 1168 praestarent
1624 1124 1810 1159 emendam
1827 1137 1835 1166 ς

212 1180 375 1226 alioquin
391 1180 484 1225 ipsos
500 1192 622 1215 omnes
632 1184 667 1216 et
682 1181 843 1225 singulos
857 1181 1006 1216 clericos
1015 1184 1050 1215 et
1062 1180 1249 1225 religiosos
1265 1179 1478 1224 praedictos,
1491 1191 1578 1223 quos
1594 1183 1740 1223 propter
1755 1179 1834 1219 hoc,

212 1236 354 1271 dierum
371 1235 458 1271 dicti
482 1236 613 1271 mensis
640 1236 837 1271 monitione
861 1235 1033 1270 canonica
1058 1235 1263 1279 praemissa,
1290 1235 1327 1269 in
1351 1235 1493 1279 scriptis
1516 1233 1837 1269 excommunicavi-

211 1302 302 1332 mus,
332 1291 659 1326 excommunicatos
686 1292 804 1336 palam
835 1296 871 1327 et
898 1292 1040 1336 publice
1067 1291 1105 1325 in
1133 1291 1292 1325 ecclesiis
1319 1293 1353 1325 et
1377 1290 1415 1324 in
1443 1289 1610 1333 capitulis
1634 1292 1836 1324 nostrarum

214 1346 371 1381 civitatis
387 1350 421 1382 et
438 1346 608 1382 dioecesis
625 1347 874 1381 mandavimus
891 1346 1070 1381 nunciari.

254 1400 404 1443 Verum,
434 1401 520 1437 licet
546 1401 725 1436 dictarum
754 1402 941 1437 literarum
971 1405 1174 1437 nostrarum
1197 1401 1360 1436 executio
1384 1404 1420 1436 et
1445 1401 1641 1445 publicatio
1669 1401 1707 1435 in
1735 1413 1837 1436 sacra

210 1456 345 1500 synodo
373 1456 555 1500 praedicta
578 1457 667 1492 adeo
691 1457 833 1501 publice
857 1460 893 1492 et
919 1456 1115 1492 solenniter
1137 1457 1232 1491 facta
1255 1456 1375 1496 fuerit,
1394 1456 1488 1499 quod
1513 1456 1603 1490 nulli
1628 1456 1749 1491 clerici
1774 1460 1838 1492 aut

208 1510 384 1556 religiosi,
418 1522 505 1554 quos
536 1511 605 1546 hoc
636 1511 754 1556 tangit
785 1511 988 1556 negocium,
1023 1510 1300 1555 praemissorum
1333 1510 1576 1554 ignorantiam
1611 1510 1836 1554 aliquatenus

209 1567 354 1602 valeant
380 1567 550 1611 allegare,
581 1567 783 1611 complures
809 1569 929 1602 tamen
960 1566 1084 1601 clerici
1115 1569 1150 1601 et
1180 1565 1352 1610 religiosi,
1384 1566 1445 1609 qui
1473 1566 1517 1601 de
1547 1572 1643 1601 secta
1670 1566 1747 1610 ipsa
1774 1579 1835 1601 seu

210 1620 322 1665 ipsius
352 1624 469 1656 sectae
507 1620 706 1656 imitatores
737 1621 945 1663 extiterunt,
979 1621 1107 1665 spretis
1144 1620 1275 1655 nostris
1305 1620 1484 1655 mandatis
1513 1624 1549 1656 et
1578 1621 1836 1656 monitionibus

210 1676 414 1721 praedictis,
433 1676 816 1712 excommunicationis
840 1676 1053 1712 sententiam
1080 1676 1119 1710 in
1141 1675 1246 1710 dictis
1273 1675 1386 1710 literis
1414 1676 1544 1711 nostris
1571 1677 1680 1711 latam
1705 1677 1742 1712 in
1765 1689 1838 1714 eos-

211 1731 304 1772 dem,
334 1730 493 1766 incidere
520 1731 668 1766 minime
699 1731 941 1766 formidarunt
967 1731 1005 1766 in
1029 1730 1233 1766 animarum
1261 1741 1407 1765 suarum
1436 1742 1546 1775 grave
1574 1731 1776 1775 periculum
1801 1737 1838 1769 et

209 1787 417 1822 scandalum
434 1787 686 1831 plurimorum.

255 1841 368 1877 Vobis
390 1842 505 1886 igitur
527 1845 563 1877 et
587 1842 737 1877 cuilibet
760 1844 918 1877 vestrum
946 1843 1011 1877 sub
1028 1853 1143 1886 poena
1157 1841 1400 1886 suspensionis
1423 1842 1468 1876 ab
1491 1841 1608 1876 officio
1632 1842 1836 1877 divinorum

213 1896 376 1932 districte
393 1896 646 1941 praecipiendo
662 1897 886 1938 mandamus,
907 1899 1082 1938 quatenus
1099 1897 1194 1931 intra
1210 1896 1427 1940 quindenam
1449 1907 1470 1930 a
1490 1899 1649 1939 tempore
1665 1897 1836 1941 receptio-

215 1952 272 1987 nis
287 1951 417 1986 harum
435 1954 639 1986 nostrarum
656 1951 859 1987 litterarum
878 1951 1037 1994 capitula
1050 1954 1167 1985 vestra
1180 1951 1407 1995 congregetis
1423 1962 1465 1985 ac
1481 1950 1622 1986 clericis
1637 1955 1837 1986 vestrorum

212 2009 454 2043 decanatuum
470 2008 534 2042 has
558 2009 682 2043 literas
698 2012 836 2043 nostras
853 2007 1008 2042 fideliter
1023 2007 1206 2047 intimetis,
1222 2007 1308 2050 ipsis
1324 2007 1401 2042 vice
1425 2011 1460 2042 et
1482 2007 1700 2042 authoritate
1717 2011 1837 2043 nostra

214 2064 437 2104 mandantes,
471 2066 646 2107 quatenus
677 2062 715 2097 in
745 2062 905 2097 ecclesiis
936 2062 1009 2096 suis
1039 2065 1074 2096 et
1105 2061 1271 2105 capitulis
1302 2061 1375 2095 suis
1407 2061 1555 2096 clericos
1586 2066 1621 2097 et
1651 2063 1838 2107 religiosos

212 2130 458 2162 quoscunque,
477 2118 537 2162 qui
562 2117 793 2161 praemissam
810 2116 1192 2152 excommunicationis
1207 2115 1419 2150 sententiam
1442 2116 1658 2158 inciderunt,
1677 2121 1715 2153 ut
1738 2130 1837 2162 prae-

211 2174 342 2214 fertur,
361 2185 515 2217 quorum
534 2173 679 2207 nomina
695 2172 872 2207 sciveritis
889 2176 951 2207 aut
973 2172 1039 2215 ipsi
1056 2171 1238 2211 sciverint,
1266 2171 1476 2205 nominatim
1495 2174 1527 2206 et
1550 2172 1585 2206 in
1602 2173 1730 2217 specie,
1749 2174 1838 2209 alias

210 2239 297 2263 vero
325 2228 364 2263 in
393 2239 538 2272 genere,
567 2227 896 2262 excommunicatos
923 2228 1041 2271 palam
1068 2230 1103 2262 et
1131 2227 1272 2270 publice
1296 2230 1329 2261 et
1353 2227 1425 2260 alta
1448 2230 1483 2261 et
1506 2227 1727 2273 intelligibili
1751 2242 1837 2265 voce

212 2282 369 2328 singulis
385 2283 510 2318 diebus
535 2282 733 2317 Dominicis
749 2285 784 2316 et
805 2282 940 2316 festivis
964 2293 1084 2316 coram
1102 2282 1233 2325 populo
1257 2282 1429 2316 nuncient
1452 2286 1485 2316 et
1503 2293 1564 2317 vos
1588 2284 1681 2327 ipsos
1697 2297 1836 2320 excom-

213 2338 416 2373 municatos
440 2337 619 2372 nuncietis
645 2341 681 2372 et
708 2338 753 2371 ab
777 2338 943 2372 omnibus
960 2337 1092 2372 Christi
1118 2337 1283 2372 fidelibus
1298 2338 1433 2372 arctius
1455 2338 1640 2373 evitandos
1667 2340 1836 2385 vobisque

215 2393 360 2428 decanis
387 2405 430 2427 ac
456 2393 635 2428 universis
663 2393 896 2428 ecclesiarum
924 2396 960 2427 et
983 2393 1203 2437 capellarum
1231 2393 1430 2428 rectoribus
1454 2398 1656 2429 nostrarum
1680 2395 1837 2431 civitatis

215 2451 252 2483 et
266 2447 450 2489 dioecesis,
476 2448 542 2482 sub
567 2459 681 2492 poena
697 2447 939 2491 suspensionis
955 2448 1149 2492 praedicta,
1167 2448 1328 2483 districte
1345 2448 1596 2493 praecipiendo
1613 2449 1835 2491 mandamus,

213 2505 389 2547 quatenus
420 2503 567 2537 nomina
599 2502 813 2537 clericorum
844 2506 879 2537 et
909 2502 1163 2547 religiosorum
1192 2514 1500 2547 quorumcunque,
1533 2503 1594 2547 qui
1625 2503 1837 2539 sententiam

211 2558 593 2593 excommunicationis
633 2558 853 2602 praedictam
889 2558 1112 2599 inciderunt,
1157 2571 1309 2603 quorum
1352 2560 1497 2594 nomina
1527 2559 1715 2601 sciveritis,
1743 2559 1837 2595 intra

217 2612 434 2656 quindenam
451 2624 473 2647 a
490 2616 649 2657 tempore
674 2613 927 2656 publicationis
944 2614 1184 2657 praesentium
1209 2614 1293 2657 ipsis
1318 2614 1500 2649 faciendae
1518 2614 1618 2649 nobis
1633 2615 1838 2650 rescribatis

210 2671 245 2703 et
265 2679 327 2702 vos
343 2667 467 2702 decani
485 2667 658 2712 praedicti
675 2667 871 2703 rescribere
888 2668 1092 2703 nullatenus
1108 2668 1293 2704 omittatis.

258 2725 390 2761 Datum
415 2726 482 2761 sub
505 2725 626 2771 sigillo
651 2728 773 2760 nostro
796 2725 841 2760 ad
865 2737 1002 2767 causaS,
1028 2737 1122 2761 anno
1140 2726 1282 2761 Domini
1300 2726 1524 2768 MCCCLIII,
1543 2726 1699 2762 crastino
1717 2727 1835 2762 Domi-

213 2781 315 2817 nicae
331 2793 401 2826 qua
417 2785 585 2816 cantatur
599 2780 772 2815 Jubilate.

557 2858 779 2901 Hartzheim,
804 2858 968 2894 Cone-ilia
987 2859 1222 2902 Germaniae,
1241 2859 1318 2895 dccl
1335 2859 1396 2901 IV,
1416 2860 1481 2896 blz.
1501 2861 1574 2896 471.
