2097 3466
857 259 991 296 ANNO
1017 262 1117 297 1233
1765 264 1806 296 39

941 400 1025 444 88.

234 526 372 576 1233,
400 525 636 569 Febrzcczrz'
655 527 731 576 26,
759 527 961 582 Anagmi.
989 526 1067 568 Bul
1096 539 1179 568 van
1203 526 1438 581 Gregorius
1462 526 1525 569 IX
1547 527 1717 582 ger-ioht
1739 530 1803 570 tot

171 595 222 638 de
253 595 660 650 aartsbisschoppen
696 610 748 638 en
784 595 1067 651 bisschoppen
1093 595 1170 638 der
1193 595 1394 638 Duitsehe
1420 595 1576 638 landen
1601 610 1704 638 over
1727 597 1803 639 het

170 663 350 708 straflen
369 665 445 707 der
468 665 510 706 in
535 665 675 721 schijn
699 664 914 707 bekeerde
940 666 1120 707 ketters.
1154 690 1192 694 -
1231 665 1305 707 Uit
1328 678 1452 706 vrees
1477 678 1581 706 voor
1604 665 1654 707 de
1673 665 1802 707 dood-

169 733 285 776 straf
311 734 494 776 veinzen
526 734 620 776 veel
654 734 820 777 ketters
858 735 900 776 in
935 735 1002 776 die
1036 738 1276 789 gewesten,
1304 734 1378 776 dat
1411 734 1462 790 zij
1497 737 1563 776 tot
1598 734 1648 776 de
1680 734 1801 777 Kerk

167 803 475 859 terugkeerem
503 816 623 845 maar
645 802 805 859 blijVen
832 804 978 846 hunne
1002 804 1202 859 dolingen
1229 803 1270 845 in
1296 803 1325 846 't
1349 803 1518 858 geheim
1543 803 1801 859 aanhangen

167 885 221 915 en
254 871 550 927 verspreiden.
589 874 774 915 Daarom
809 874 842 915 is
876 875 904 916 't
939 873 1109 928 noodig‚
1144 873 1216 915 dat
1250 873 1301 915 de
1332 872 1643 927 kerkvoogden
1677 873 1801 915 zulke

165 941 432 998 gevaarlijke
457 955 670 997 personen
694 942 950 998 leveuslang
974 943 1017 985 in
1041 943 1122 985 den
1148 941 1310 985 kerker
1333 942 1521 985 houden.

209 1066 499 1110 Arehiepiscopis
527 1070 560 1101 ct
588 1067 763 1111 episcopis
792 1079 856 1111 per
882 1068 1110 1102 Alamaniam
1139 1066 1353 1101 constitutis.
1374 1067 1428 1101 Ad
1457 1066 1648 1110 capiendas
1677 1067 1802 1111 vulpes

163 1122 343 1166 parvulas,
377 1122 554 1157 hereticos
582 1124 760 1163 videlicet,
796 1125 856 1168 qui
890 1125 1091 1159 moliuntur
1122 1125 1160 1158 in
1192 1124 1353 1168 partibus
1385 1123 1596 1158 Alamaniac
1628 1124 1799 1158 tortuosis

162 1177 385 1211 anfractibus
416 1178 559 1213 vineam
589 1180 732 1214 Domini
761 1181 940 1219 demoliri.
974 1184 1009 1215 ct
1037 1182 1179 1224 penitus
1210 1179 1449 1214 eliminandos
1472 1180 1516 1213 ab
1546 1179 1622 1223 ipsa
1646 1180 1800 1223 susecpti

162 1243 250 1266 cura
266 1232 455 1276 regiminis
479 1245 543 1268 nos
568 1235 746 1269 hortatur.
767 1236 821 1270 Ad
848 1240 1005 1270 nostram
1030 1235 1206 1279 siquidem
1235 1235 1457 1269 audientiam
1483 1234 1654 1268 noveritis
1679 1246 1799 1278 perve-

161 1287 266 1328 nisse,
293 1289 551 1332 quodquidam
571 1290 719 1325 heretici
747 1292 782 1324 in
807 1291 934 1325 vestris
958 1291 1159 1325 dioc-esibus
1184 1290 1368 1325 constituti
1393 1294 1488 1323 mctu
1506 1289 1632 1324 mortis
1650 1290 1738 1323 falso
1755 1289 1800 1323 ad

160 1344 375 1379 catholicam
405 1346 593 1381 ecclesiam
625 1349 844 1380 revertentes
874 1357 1013 1380 necnon
1044 1349 1078 1380 ct
1111 1346 1230 1389 plures
1262 1345 1323 1379 alii
1357 1346 1399 1379 dc
1431 1345 1589 1380 heretica
1623 1344 1799 1388 pravitate

159 1398 327 1440 convicti,
347 1401 391 1434 ad
415 1412 575 1435 errorem
594 1401 781 1444 pravitatis
798 1402 969 1446 ejusdcm,
990 1412 1095 1444 quem
1113 1413 1134 1435 a
1151 1412 1187 1435 sc
1211 1400 1394 1435 abdicasse
1413 1400 1553 1443 penitus
1570 1400 1796 1439 videbantur,

159 1458 200 1489 ut,
223 1455 373 1499 gravius
401 1456 564 1491 scindere
581 1457 722 1491 valcant
749 1457 964 1490 catholicam
990 1456 1178 1497 unitatem,
1197 1456 1316 1499 sepius
1338 1459 1580 1490 rovcrtuntur.
1601 1456 1653 1489 Nc
1684 1454 1799 1499 igitur

157 1520 222 1553 per
248 1511 338 1545 tales
367 1512 433 1545 sub
465 1513 554 1547 falso
581 1512 827 1547 conversionis
858 1511 975 1554 specie
1004 1511 1181 1545 catholice
1206 1511 1289 1545 fidei
1318 1512 1534 1554 professores
1561 1510 1798 1554 perniciosius

157 1566 342 1610 corrumpi
375 1567 574 1611 contingat,
606 1568 830 1604 mandamus.
859 1566 1030 1610 quatinus
1053 1566 1261 1610 hujusmodi
1293 1566 1508 1609 pestilenth
1542 1568 1729 1608 postquam
1753 1566 1797 1600 de

157 1620 334 1664 pravitate
351 1622 487 1657 fuerint.
503 1624 581 1666 jam
602 1622 697 1657 dicta
718 1621 885 1662 convicti,
899 1622 927 1655 si
945 1622 1052 1656 aliter
1067 1621 1185 1665 puniti
1204 1632 1274 1655 non
1292 1621 1438 1658 fuerint.
1451 1632 1510 1655 eos
1526 1620 1575 1654 ita
1596 1648 1602 1654 .
1633 1648 1639 1654 .
1669 1648 1675 1654 .
1705 1648 1711 1654 .
1737 1621 1793 1662 (l),

156 1676 251 1719 quod
268 1676 420 1719 quilibet
436 1681 594 1711 vestrum
612 1677 649 1711 in
666 1689 729 1711 sua
747 1676 892 1718 diocesi,
914 1679 952 1710 ut
968 1675 1055 1719 ipsis
1072 1676 1129 1710 det
1146 1675 1289 1709 vexatio
1312 1674 1547 1715 intellectum,
1568 1674 1606 1708 in
1622 1676 1794 1718 perpetuo

155 1740 300 1765 earcere
316 1731 523 1766 retrudatis.

199 1786 291 1821 Data
307 1787 486 1832 Anagnie,
502 1787 552 1822 IV
569 1787 741 1822 kalendas
758 1786 895 1827 Martii,
914 1797 1009 1820 anno
1026 1790 1136 1820 sexto.

503 1864 619 1905 Pertz,
650 1865 906 1903 Monumenta,
934 1862 1123 1906 Epistolae
1160 1862 1300 1896 saeculi
1332 1863 1438 1905 XIII,
1468 1863 1547 1897 deel
1563 1862 1590 1904 Ι,
1618 1862 1684 1896 blz.
1715 1864 1790 1902 413,

545 1926 583 1952 ΠΓ
600 1921 675 1953 514.
695 1919 791 1960 (Niet
811 1919 858 1960 bij
878 1917 1045 1952 Potthast
1061 1918 1293 1961 opgegcven).

927 2056 1013 2100 89.

211 2180 349 2230 1233,
379 2181 612 2237 App-2213,
642 2184 892 2226 Lateraan.
920 2183 999 2226 Bul
1033 2198 1118 2226 van
1151 2185 1388 2241 Gregorius
1421 2184 1486 2226 IX
1519 2184 1690 2240 gericht
1723 2188 1788 2227 tot

147 2248 199 2291 de
215 2249 646 2307 aartsbisschoppen,
673 2251 962 2309 bisschoppen
986 2267 1038 2296 en
1057 2254 1368 2310 kerkprelaten
1395 2268 1476 2296 van
1503 2253 1578 2296 het
1600 2253 1786 2296 konink-

146 2318 232 2376 rijk
250 2319 488 2376 Frankrijk
513 2334 562 2363 en
586 2322 861 2377 omliggende
885 2327 1125 2378 gewesten,
1154 2338 1235 2366 aan
1260 2324 1344 2366 wie
1369 2322 1424 2380 hij
1453 2323 1599 2373 meldt‚
1627 2323 1701 2365 dat
1722 2323 1782 2380 hij

146 2387 198 2430 de
219 2387 535 2443 predikheeren
560 2391 603 2432 in
626 2391 693 2433 die
710 2391 868 2434 landen
887 2396 974 2434 met
994 2392 1045 2435 de
1063 2393 1470 2449 kettervervolging
1488 2392 1626 2448 gelast
1645 2391 1780 2443 heeft,

145 2470 199 2498 en
232 2456 322 2499 hun
346 2456 518 2501 beveelt
540 2459 591 2501 de
615 2460 932 2515 predikheeren
967 2462 1074 2516 gued
1098 2466 1141 2505 te
1166 2462 1376 2505 outhalen
1401 2476 1453 2504 en
1480 2464 1568 2504 met
1600 2461 1705 2503 raad
1730 2475 1783 2503 en

144 2525 251 2567 daad
284 2526 327 2567 in
361 2527 435 2569 het
470 2529 691 2571 vervullen
728 2530 900 2572 hunner
928 2531 1119 2586 plichten
1142 2531 1198 2589 bij
1225 2536 1267 2574 te
1302 2536 1441 2581 sta-an,
1469 2531 1706 2586 aaugezien
1730 2531 1780 2573 de

143 2593 453 2654 kerkvoogden
475 2600 519 2640 te
543 2598 637 2640 veel
659 2598 822 2642 andere
846 2598 1234 2656 beslommeringen
1261 2600 1441 2643 hebben.

187 2699 260 2733 Nos
288 2699 555 2737 considerantes
585 2703 681 2746 quod
708 2703 794 2738 dicti
827 2704 956 2739 fratres
983 2705 1248 2748 praedicatores
1276 2713 1349 2740 tam
1378 2708 1503 2740 contra
1536 2705 1780 2749 profligandas

142 2753 306 2789 haereses
324 2766 431 2798 quam
457 2760 583 2790 contra
611 2762 725 2800 postes·
753 2758 842 2792 alias
860 2759 1063 2794 mortiferas
1087 2759 1317 2802 extirpandas
1340 2772 1376 2793 so
1397 2759 1655 2793 dedicaverunt
1677 2770 1780 2794 cvan-

142 2808 347 2852 gelizationi
366 2809 465 2844 verbi
495 2811 572 2851 Dci,
602 2816 635 2846 ct
665 2813 759 2855 quod
783 2824 844 2847 vos
869 2813 1019 2848 diversis
1035 2813 1312 2857 occupationum
1337 2813 1542 2848 turbinibus
1566 2814 1694 2858 agitati
1719 2814 1778 2848 vix

183 2967 228 3008 (1)
254 2966 342 3002 Hier
358 2967 547 3002 ontbrcekt
566 2978 631 3003 cen
648 2968 782 3003 wool-d.
