2097 3466
808 232 941 268 ANNO
967 234 1066 268 1231
1732 239 1772 272 77

127 330 246 372 ment
268 327 425 370 maken
448 328 560 370 noch
583 341 732 371 erven.
760 328 814 370 Al
840 329 989 371 hunne
1007 327 1147 370 daden
1166 328 1251 384 zijn
1270 328 1418 385 nietig.
1441 330 1653 375 Niemand
1672 346 1771 388 mag

123 396 215 440 hun
246 396 547 454 wereldlijken
582 397 694 440 noch
727 397 1015 454 geestelijken
1053 396 1241 453 bijstand
1266 398 1499 441 verleenen
1523 414 1576 456 op
1599 401 1769 444 aller-lei

123 479 268 509 zware
305 464 499 510 stmffen.
545 466 686 509 Alwie
729 466 815 509 hen
854 467 897 509 in
935 466 986 509 de
1031 466 1217 523 gewijde
1255 467 1385 509 aarde
1423 481 1502 511 zou
1544 468 1763 525 begraven

122 534 308 585 hebben,
336 535 403 578 zal
426 535 470 577 in
494 535 577 578 den
601 534 686 578 ban
704 535 790 592 zijn
816 549 868 577 en
893 549 1032 591 geene
1056 534 1308 591 vergiffenis
1332 535 1511 580 kunnen
1535 537 1764 591 bekomen‚

123 603 275 647 eerdat
296 603 355 661 hij
375 617 424 646 ze
445 607 534 647 met
558 604 709 660 eigene
741 604 914 647 handen
949 608 1193 660 ontgraven
1218 604 1352 655 heeft,
1381 619 1435 648 en
1469 607 1513 649 in
1537 607 1619 650 den
1644 608 1770 651 aldus

123 672 364 730 ontwijden
387 673 527 728 grond
550 674 615 716 zal
640 687 739 716 men
763 674 855 716 niet
877 687 995 716 meer
1017 687 1171 729 mogen
1195 671 1431 729 begraven.
1460 675 1523 731 Op
1548 677 1664 719 sti-as
1683 691 1769 720 van

121 741 203 786 den
228 741 503 799 kerkelijken
526 741 610 784 ban
634 742 777 786 werdt
795 743 876 785 den
898 743 1051 785 leeken
1075 741 1294 785 verboden
1318 757 1423 785 over
1456 745 1764 800 geloofszaken

120 813 164 854 te
183 811 481 854 redetwisten.
504 810 566 866 Op
585 811 776 854 dezelfde
795 811 911 855 straf
924 816 1037 855 moet
1058 812 1255 854 iedereen
1277 812 1327 854 de
1345 811 1514 855 ketters
1539 828 1592 856 en
1618 815 1766 857 hunne

120 880 317 936 geheime
330 880 677 936 vergaderingen
697 894 779 923 aan
799 882 943 938 zijnen
963 880 1243 924 biechtvader
1261 881 1309 924 os
1322 882 1481 924 anders
1499 883 1762 940 aanklagen,

121 949 252 1005 opdat
293 949 345 992 de
377 948 575 1005 hisschop
608 949 684 992 het
717 954 760 992 te
790 955 935 992 weten
970 949 1110 993 kome.
1148 951 1226 992 Tot
1261 964 1370 1006 geen
1396 952 1626 1009 geestelijk
1649 953 1769 996 ainbt

120 1031 276 1074 mogen
314 1018 366 1061 de
397 1032 532 1061 zonen
568 1018 615 1061 of
644 1017 950 1075 begunstigers
982 1020 1059 1062 der
1092 1019 1261 1062 ketters
1296 1024 1358 1062 tot
1404 1021 1445 1062 in
1467 1020 1555 1065 het
1597 1022 1767 1065 tweede

119 1087 320 1143 geslacht
338 1087 587 1144 toegelaten
611 1088 812 1130 worden.

164 1211 529 1246 Excommunicamus
543 1214 578 1246 et
590 1211 936 1247 anathematizamus
948 1211 1134 1247 universos
1146 1212 1337 1254 hereticos,
1356 1213 1541 1255 Catharos,
1555 1215 1764 1257 Patarenos,

120 1266 303 1311 pauperes
329 1268 374 1302 de
398 1267 590 1312 Lugduno,
618 1267 847 1312 Passaginos,
867 1267 1092 1311 Josoppinos,
1123 1268 1362 1310 Arnaldistas,
1384 1269 1610 1313 speronistas
1627 1276 1662 1306 ct
1678 1272 1768 1306 alios

119 1322 406 1366 quibuscumque
420 1323 627 1357 nominibus
643 1326 870 1365 cens-cantum
890 1323 999 1358 facies
1013 1323 1157 1367 quidem
1176 1323 1349 1359 habentes
1366 1325 1537 1367 diversas,
1556 1327 1617 1361 sed
1634 1328 1767 1361 caudas

119 1379 166 1414 ad
182 1379 338 1415 invicem
363 1380 552 1424 colligatas
581 1380 625 1414 de
654 1380 814 1414 vanitate
845 1380 1065 1414 conveniunt
1094 1379 1132 1414 in
1156 1380 1192 1414 id
1217 1381 1347 1424 ipsum.
1375 1382 1568 1426 Dampnati
1593 1395 1678 1418 vero
1702 1396 1767 1427 per

119 1435 309 1470 ecclesiam
326 1435 481 1470 seculari
507 1434 644 1469 iudicio
662 1434 918 1478 relinquantur
933 1435 1246 1469 animadversione
1263 1437 1383 1471 debita
1410 1438 1594 1480 puniendi,
1625 1439 1767 1474 clericis·

120 1491 221 1536 prius
237 1491 347 1525 asuis
372 1490 560 1525 ordinibus
585 1489 805 1534 degradatis,
835 1489 871 1523 Si
899 1490 960 1532 qui
978 1494 1100 1524 autem
1126 1490 1169 1524 de
1194 1490 1376 1534 predictis,
1406 1501 1593 1536 postquam
1623 1494 1767 1529 fuerant

118 1546 343 1591 deprehensi,
364 1545 482 1581 redire
515 1545 698 1580 voluerint
726 1546 770 1579 ad
800 1546 978 1589 agendam
1012 1545 1231 1589 condignam
1262 1547 1511 1589 penitentiam,
1531 1547 1569 1582 in
1594 1554 1767 1592 perpetuo

119 1613 266 1638 carcere
292 1602 544 1637 detrudantur.
566 1601 759 1636 Credentes
787 1604 909 1635 autem
934 1612 1059 1635 eorum
1077 1601 1261 1635 erroribus
1279 1601 1457 1637 hereticos
1481 1603 1650 1638 similiter
1667 1606 1765 1650 judi—

118 1667 254 1690 camus.
274 1655 364 1690 Item
382 1660 636 1700 receptatores,
655 1657 909 1697 defensatores,
935 1657 1094 1691 fautores
1111 1657 1355 1692 hereticorum
1381 1659 1767 1697 excommunicationis

125 1712 301 1748 sententie
316 1711 537 1747 dicernimus
549 1713 747 1755 subJaeere‚
761 1713 914 1747 firmiter
930 1716 1137 1753 statuentes,
1155 1716 1193 1747 ut
1210 1713 1252 1754 si,
1270 1722 1457 1757 postquam
1472 1715 1623 1759 quilibet
1637 1717 1765 1751 talium

125 1768 236 1803 fuerit
251 1769 623 1803 excommunicatione
652 1772 806 1809 notatus,
825 1780 845 1802 a
873 1780 938 1802 sua
965 1780 1073 1812 super
1100 1769 1165 1803 lice
1194 1780 1265 1803 non
1290 1771 1473 1805 curaverit
1497 1774 1764 1817 presumptione

126 1835 276 1865 cessare,
294 1824 371 1868 ipso
392 1825 478 1868 jure
506 1824 550 1858 sit
579 1825 694 1858 factus
722 1823 878 1864 infamis,
900 1836 965 1858 nec.
989 1825 1034 1858 ad
1061 1824 1204 1867 publica
1230 1826 1346 1859 officia
1372 1838 1434 1860 seu
1452 1827 1607 1862 concilia
1632 1840 1697 1863 nee
1721 1830 1767 1863 ad

125 1878 310 1924 eligendos
326 1880 421 1922 quod
437 1879 577 1923 aliquos
601 1880 647 1914 ad
670 1879 891 1924 hujusmodi,
919 1891 984 1914 nee
1008 1880 1053 1914 ad
1071 1880 1316 1915 testimonium
1334 1881 1558 1917 admittatur.
1579 1883 1633 1919 Sit
1657 1885 1765 1919 etiam

126 1934 340 1970 intestabilis
358 1938 397 1970 ut
414 1946 479 1970 nec
498 1936 701 1970 testamenti
731 1935 863 1970 habeat
887 1936 1093 1975 factionem,
1122 1948 1187 1970 nec
1211 1937 1255 1970 ad
1280 1936 1489 1972 hereditatis
1506 1940 1766 1975 suecessitmcm

125 1991 285 2025 accedat.
306 1990 437 2024 Nullus
455 1997 618 2033 preterea
638 1990 705 2033 ipsi
724 2002 832 2033 super
849 2002 1077 2033 quocumque
1103 1992 1247 2035 negotio
1272 1993 1410 2026 nullam
1440 1994 1599 2029 obtineat
1617 1997 1766 2031 firmita-

125 2050 197 2082 tem
226 2059 291 2082 nec
318 2058 425 2082 cause
453 2047 574 2090 alique
600 2047 645 2080 ad
669 2049 746 2088 ejus
771 2047 993 2081 audientiam
1013 2048 1254 2090 perferantur.
1283 2048 1320 2081 Si
1339 2049 1447 2084 suerit
1465 2050 1671 2092 advocatus,
1689 2053 1767 2097 ejus

126 2102 367 2145 patrocinium
386 2104 591 2138 nullatenus
608 2103 832 2138 admittatur.
861 2103 898 2137 Si
927 2105 1085 2142 tabellio,
1106 2105 1345 2141 instrumenta
1376 2108 1537 2141 confecta
1568 2108 1764 2152 peripsum

127 2157 262 2192 nullius
293 2159 435 2202 penitus
462 2159 533 2193 sint
561 2159 746 2199 momenti,
765 2160 825 2194 sed
857 2171 939 2193 cum
973 2166 1120 2194 auctore
1152 2161 1346 2204 dampnato
1375 2163 1639 2206 dampnentur;
1665 2167 1699 2198 et
1728 2165 1765 2197 in

125 2213 304 2248 similibus
331 2215 425 2249 idem
453 2215 673 2258 precipimus
696 2215 892 2249 observari.
914 2214 950 2249 Si
983 2227 1069 2250 vero
1086 2216 1239 2250 clericus
1264 2217 1384 2257 suerit,
1412 2219 1456 2251 ob
1474 2219 1570 2252 omni
1589 2220 1707 2253 officio
1731 2229 1766 2254 et

126 2269 300 2303 beneficio
324 2270 536 2314 deponatur.
557 2270 594 2304 Si
624 2270 685 2313 qui
714 2274 834 2304 autem
863 2270 963 2309 tales,
984 2277 1171 2314 postquam
1198 2272 1243 2305 ab
1260 2273 1409 2306 eeclesia
1440 2274 1574 2308 suerint
1591 2274 1762 2313 denotati,

125 2325 261 2360 evitare
278 2326 569 2369 contempserint,
588 2326 974 2360 exeommunicationis
1001 2327 1176 2361 sententia
1209 2328 1465 2370 percellantur.
1489 2329 1579 2362 alias
1603 2329 1764 2363 animad-

125 2380 288 2415 versione
311 2381 431 2415 debita
455 2381 640 2424 puniendi.
669 2381 738 2421 Qui
763 2384 884 2415 autem
915 2382 1049 2416 inventi
1080 2381 1215 2416 fuerint
1243 2382 1319 2416 sola
1347 2383 1551 2427 suspicione
1575 2385 1762 2424 notabiles,

126 2437 193 2471 nisi
213 2439 319 2481 juxta
336 2437 658 2471 consideratitmem
676 2436 890 2479 suspicionis
907 2437 1189 2481 qualitatemque
1213 2450 1363 2482 persone
1389 2439 1570 2482 propriam
1596 2440 1763 2475 innoeen-

125 2492 213 2527 tiam
229 2504 390 2537 congrua
408 2492 624 2536 purgatione
640 2492 931 2533 monstraverint,
946 2493 1160 2527 anatematis
1177 2494 1299 2538 gladio
1324 2495 1502 2528 feriantur
1524 2500 1557 2529 et
1584 2506 1694 2538 usque
1718 2496 1763 2529 ad

125 2547 404 2582 satisfactionem
424 2548 640 2592 condignam
660 2548 704 2581 ab
722 2548 889 2582 omnibus
905 2548 1086 2583 evitentur
1105 2549 1152 2583 ita
1171 2550 1277 2592 quod,
1294 2549 1322 2583 si
1342 2561 1405 2593 per
1421 2561 1555 2583 annum
1574 2549 1610 2583 in
1624 2562 1763 2584 excom-

125 2602 371 2637 municatione
388 2603 621 2647 perstiterint,
641 2607 772 2637 extunc
800 2604 898 2638 velut.
922 2604 1070 2639 heretici
1101 2605 1421 2648 condempnentur.
1450 2605 1536 2639 Item
1566 2606 1763 2649 proclama-

125 2657 240 2693 tiones
255 2662 319 2693 aut
342 2659 600 2702 appellationes
616 2659 824 2702 hujusmodi
850 2671 1082 2703 personarum
1108 2659 1257 2694 minime
1281 2661 1488 2694 audiantur.
1510 2661 1595 2695 Item
1608 2661 1762 2705 judiees,

125 2713 290 2748 advocati
307 2717 342 2748 et
359 2714 490 2749 notarii
509 2714 598 2748 nulli
617 2726 742 2749 eornm
760 2714 919 2749 officium
944 2727 1048 2749 suum
1075 2715 1306 2759 impendant.;
1326 2715 1488 2759 alioquin
1505 2717 1629 2750 eodem
1647 2716 1764 2749 officio

125 2772 298 2812 perpetuo
313 2769 384 2804 sint
410 2770 554 2813 privati.
575 2770 663 2804 Item
693 2769 816 2804 elerici
846 2766 916 2804 non
945 2770 1138 2805 exhibeant
1162 2771 1370 2815 hujusmodi
1388 2771 1634 2814 pestilentibus
1651 2771 1762 2806 ecele-

125 2823 269 2858 siastica
296 2828 535 2865 sacramenta,
561 2836 626 2859 nec
654 2824 868 2859 elemosinas
891 2829 953 2860 aut
983 2826 1184 2861 oblationes
1211 2838 1335 2861 eorum
1366 2826 1566 2870 accipiant;
1596 2826 1764 2860 similiter

125 2878 351 2923 hospitalarii
380 2892 422 2915 ac
446 2880 628 2924 templarii
652 2883 687 2915 ct
715 2879 868 2924 quilibet
895 2882 1101 2926 regulares3
1131 2882 1294 2925 alioquin
1323 2893 1387 2915 suo
1416 2882 1604 2925 priventur
1630 2882 1760 2923 officio,

126 2934 171 2969 ad
202 2935 298 2979 quod
329 2947 514 2980 nunquam
543 2935 781 2971 restituantur
807 2936 942 2980 absque
974 2937 1115 2972 indulto
1140 2938 1231 2972 sedis
1263 2937 1459 2980 apostolico
1486 2937 1645 2981 speciali.
1671 2937 1760 2972 Item
