2097 3466
801 238 936 274 ANNO
962 238 1062 273 1418
1693 230 1757 265 287

117 335 264 382 gatione
294 333 460 369 facienda
489 332 735 369 obstinatione
766 330 964 366 damnabili
988 334 1116 374 J'urare
1149 329 1342 364 renuentes
1365 329 1554 369 tamquam
1579 323 1757 358 haeretici

117 391 420 426 condemnentur
442 388 513 429 Qui
527 400 613 423 vero
629 387 764 423 dictam
788 385 1035 422 innocentiam
1058 387 1262 419 monstrare
1287 394 1330 418 ex
1353 381 1511 427 quadam
1529 377 1756 424 negligentia

119 457 182 482 seu
208 444 345 481 desidia
374 447 410 479 et
440 443 696 488 purgationem
728 441 937 486 hujusmodi
967 441 1086 475 facere
1117 438 1318 480 omiserint,
1359 435 1601 472 anathematis
1632 433 1756 479 gladio

118 501 298 538 feriantur
321 504 357 536 et
378 511 491 543 usque
509 500 553 533 ad
569 498 851 534 satisfactionem
869 496 1089 542 condignam
1106 496 1150 530 ab
1168 494 1336 530 omnibus
1353 492 1554 533 evitentur3
1581 490 1633 525 ita
1658 488 1755 533 quod

119 549 149 593 si
166 569 230 602 per
245 567 382 593 annum
398 556 437 591 in
461 554 837 591 excommunicatione
861 551 1070 596 hujusmodi
1093 550 1331 596 perstiterint,
1349 552 1482 584 extunc
1505 546 1606 582 velut
1630 546 1753 581 haere-

118 612 184 648 tici
207 612 511 648 condemnentur.
534 610 572 645 Si
595 611 678 654 quis
702 620 788 645 vero
813 619 922 653 super
944 607 1067 651 aliquo
1091 617 1197 650 saepe
1213 604 1333 640 dictae
1355 603 1547 650 pestiferae
1572 602 1759 637 doctrinae

117 666 459 702 haeresiarcharum
490 664 761 709 praedictorum
806 663 865 698 vel
895 662 1079 706 aliquibus
1109 660 1275 695 articulis
1306 661 1496 695 dumtaxat
1525 657 1758 699 scandalosis,

119 721 335 764 temerariis,
358 720 538 757 seditiosis
573 721 633 756 vel
668 720 813 765 piarum
838 720 984 754 aurium
1008 717 1192 753 offensivis
1215 716 1410 762 culpabilis
1440 719 1606 761 repertus
1636 714 1759 756 fuerit,

120 777 294 813 canonice
309 776 501 821 puniatur.
520 775 559 811 Si
589 787 675 811 vero
700 779 848 820 propter
872 774 989 810 solam
1010 773 1200 808 infamiam
1223 776 1288 807 aut
1311 771 1555 816 suspicionem
1579 771 1760 806 dictorum

121 833 361 869 articulorum
378 832 435 869 vel
450 832 607 876 alicujus
629 833 804 876 ipsorum,
822 831 885 875 qui
902 833 1067 874 repertus
1092 829 1204 864 fuerit
1227 832 1414 873 suspectus
1430 832 1466 863 et
1489 827 1528 862 in
1544 827 1763 872 purgatione

122 888 299 925 canonica
320 892 469 933 propter
483 888 556 923 hoc
573 887 642 922 sibi
666 887 806 923 indicta
828 887 1010 928 deficeret,
1030 896 1095 930 pro
1119 884 1287 920 convicto
1314 884 1493 920 habeatur
1518 887 1553 919 et
1577 887 1763 927 tamquam

123 944 296 981 canonice
312 942 500 979 convictus
513 943 705 985 puniatur.

167 999 215 1034 Et
229 998 378 1044 insuper
394 998 667 1043 dispositionem
683 999 747 1034 fel.
767 1010 843 1034 rec.
862 997 1046 1033 Bonifacii
1062 1008 1177 1042 papae
1193 997 1314 1032 octavi
1329 995 1615 1042 praedecessoris
1632 995 1765 1038 nostri,

123 1067 216 1099 quae
252 1054 385 1099 incipit
434 1054 477 1089 Ut
508 1054 769 1100 Inquisitiom's
810 1055 1011 1099 negotium,
1039 1056 1256 1088 renovantes
1300 1056 1336 1087 et
1381 1053 1490 1088 etiam
1532 1055 1761 1095 exequentes,

122 1111 311 1146 universas
326 1113 520 1155 potestates
537 1113 572 1145 et
595 1110 760 1146 dominos
782 1110 1000 1154 temporales
1017 1112 1051 1144 et
1070 1109 1212 1153 J'udices
1236 1108 1449 1150 antedictos,
1475 1107 1764 1152 quibuscumque

124 1165 366 1212 dignitatibus
391 1166 462 1201 vel·
483 1164 612 1201 officiis
646 1178 709 1201 seu
733 1165 942 1201 nominibus
966 1168 1194 1206 censeantur,
1227 1163 1453 1200 exhortando
1479 1163 1700 1207 requirimus
1730 1166 1766 1198 et

124 1222 339 1258 mandamus
363 1220 510 1264 eisdem,
528 1225 569 1257 ut
592 1221 688 1257 sicut
709 1221 873 1265 reputari
898 1220 1052 1265 cupiunt
1076 1223 1111 1255 et
1133 1219 1262 1255 haberi
1286 1219 1410 1255 fideles
1433 1231 1475 1254 ac
1500 1218 1569 1253 filii
1593 1219 1768 1254 ecclesiae

125 1277 332 1322 nuncupari
346 1280 382 1313 et
403 1277 443 1312 in
461 1277 595 1312 Christi
611 1278 759 1313 nomine
775 1276 941 1322 gloriari,
960 1276 1012 1311 ita
1028 1287 1094 1320 pro
1110 1275 1319 1311 defensione
1343 1276 1427 1311 fidei
1446 1275 1548 1310 vobis
1572 1274 1768 1318 archiepis-

127 1333 239 1378 copis,
258 1331 434 1378 episcopis
455 1335 490 1368 et
514 1332 638 1368 electis
662 1345 705 1368 ac
727 1331 1006 1377 inquisitoribus
1029 1331 1235 1366 haereticae
1257 1331 1449 1375 pravitatis
1472 1334 1507 1366 et
1531 1331 1613 1366 aliis
1631 1329 1764 1375 Judici-

127 1389 196 1424 bus
224 1400 286 1424 seu
317 1389 481 1433 personis
514 1388 768 1425 ecclesiasticis
797 1400 862 1433 per
893 1400 956 1424 vos
986 1388 1031 1423 ad
1061 1387 1143 1430 hoc,
1179 1391 1221 1422 ut
1251 1387 1517 1431 praemittitur,
1551 1387 1768 1432 deputandis

126 1448 279 1489 pareant
296 1448 331 1480 et
354 1444 546 1480 intendant
561 1446 830 1489 praebeantque
846 1442 1026 1479 auxilium
1043 1446 1076 1478 et
1093 1444 1256 1478 favorem
1278 1441 1320 1477 in
1340 1442 1610 1478 haereticorum
1627 1453 1770 1478 necnon

127 1499 367 1542 credentium,
401 1501 605 1541 fautorum,
640 1503 908 1544 receptatorum
940 1502 975 1535 et
1010 1499 1241 1534 defensorum
1274 1498 1440 1542 ipsorum
1474 1498 1768 1543 investigatione,

126 1555 307 1600 captione,
333 1555 499 1591 custodia
515 1555 698 1600 diligenti,
717 1567 800 1590 cum
825 1555 870 1590 ab
895 1555 1027 1590 eisdem
1053 1553 1191 1590 suerint
1214 1553 1394 1598 requisiti,
1422 1557 1462 1589 ut
1484 1554 1666 1597 praefatas
1690 1564 1769 1597 per-

126 1623 232 1647 sonas
247 1611 436 1656 pestiferas
459 1611 550 1647 alios
573 1624 695 1647 secum
722 1611 875 1656 perdere
890 1611 1082 1646 molientes
1108 1612 1148 1645 in
1171 1613 1387 1655 potestatem
1411 1621 1474 1644 seu
1498 1621 1683 1645 carcerem
1706 1620 1770 1653 per

126 1679 190 1703 vos
207 1666 511 1712 archiepiscopos,
531 1668 727 1713 episcopos,
754 1668 898 1710 electos,
925 1666 1161 1710 inquisitores
1184 1665 1391 1710 praedictos
1414 1669 1478 1701 aut
1503 1665 1730 1710 deputandos
1751 1677 1772 1700 a

127 1722 242 1764 vobis,
260 1723 318 1759 vel
333 1723 378 1758 ad
394 1723 516 1759 locum
534 1723 578 1758 de
593 1734 664 1767 quo
680 1735 744 1759 vos
760 1723 818 1758 vel
841 1722 911 1767 ipsi
930 1721 1162 1764 mandabitis,
1181 1721 1278 1756 infra
1302 1722 1513 1757 eorumdem
1536 1721 1768 1756 dominorum

129 1781 355 1824 potestatem,
374 1783 558 1815 rectorum
574 1790 638 1813 seu
658 1778 826 1822 J'udicum
843 1777 1050 1813 districtum
1066 1777 1203 1812 ducant
1217 1777 1275 1812 vel
1295 1777 1381 1812 duci
1404 1777 1541 1813 faciant
1556 1777 1636 1813 sine
1651 1788 1766 1819 mora,

129 1834 194 1870 ubi
217 1846 282 1880 per
297 1836 395 1871 viros
418 1833 618 1870 catholicos
642 1845 664 1868 a
687 1834 789 1869 vobis
813 1832 1096 1877 archiepiscopis
1119 1833 1179 1868 vel
1203 1832 1393 1877 episcopis,
1420 1832 1543 1868 electis
1566 1844 1628 1867 seu
1652 1832 1770 1876 inqui-

130 1890 303 1926 sitoribus
333 1902 396 1927 seu
427 1889 644 1935 deputandis
666 1890 829 1934 personis
853 1889 1064 1934 hujusmodi
1092 1889 1149 1924 vel
1172 1892 1335 1924 vestrum
1359 1889 1484 1932 aliquo
1509 1888 1682 1932 deputato
1706 1889 1772 1923 sub

130 1948 233 1980 arcta
256 1948 292 1980 et
316 1945 484 1990 diligenti
502 1945 678 1987 custodia,
697 1957 742 1980 ne
758 1945 899 1990 fugant,
919 1945 1086 1990 ponendo
1113 1956 1185 1986 eos,
1204 1944 1314 1980 etiam
1340 1944 1573 1988 compedibus
1597 1948 1632 1979 et
1655 1944 1769 1978 mani-

131 2000 183 2035 cis
206 2001 334 2036 ferreis
364 2005 523 2045 teneant,
549 2002 664 2037 donec
688 2013 814 2036 eorum
839 2001 1028 2045 negotium
1052 2012 1116 2045 per
1142 2001 1316 2036 ecclesiae
1334 1999 1518 2044 J'udicium
1538 1999 1769 2040 terminetur,

133 2060 168 2092 et
183 2057 279 2100 quod
297 2057 341 2093 de
357 2057 499 2093 haeresi
515 2069 537 2092 a
548 2057 675 2101 Judice
693 2056 937 2092 ecclesiastico
955 2056 1189 2100 competenti,
1208 2056 1271 2099 qui
1296 2056 1404 2090 fidem
1423 2059 1457 2090 et
1479 2054 1772 2089 communionem

132 2112 251 2147 dictae
275 2117 421 2148 sanctae
444 2112 633 2148 Romanae
657 2112 830 2148 ecclesiae
853 2116 986 2153 teneat,
1013 2112 1314 2152 condemnentur,
1341 2109 1494 2156 praefati
1520 2109 1659 2145 domini
1683 2114 1772 2144 tem-

133 2168 276 2212 porales
291 2180 353 2204 seu
371 2172 542 2210 rectores,
553 2169 698 2212 J‘udices
713 2168 771 2203 vel
787 2178 915 2203 eorum
932 2167 1106 2203 officiales
1121 2179 1184 2203 seu
1201 2166 1329 2202 nuncii
1345 2166 1415 2201 sibi
1431 2165 1578 2201 relictos
1593 2164 1774 2209 recipiant

132 2223 286 2259 indilate
302 2224 616 2259 animadversione
633 2223 754 2259 debita
771 2223 985 2268 puniendos.

180 2278 316 2314 Verum
348 2291 393 2315 ne
419 2279 684 2324 praejudicium
712 2281 748 2314 et
777 2278 987 2314 scandalum
1018 2278 1181 2322 praefata
1215 2276 1300 2312 fidei
1332 2275 1553 2312 orthodoxae
1582 2274 1772 2320 religionis

137 2335 364 2371 Christianae
387 2339 575 2380 praetextu
599 2335 828 2380 ignorantiae
845 2346 1063 2379 quemquam
1087 2334 1126 2369 in
1148 2334 1218 2369 hoc
1235 2332 1492 2369 circumveniri
1520 2335 1584 2368 aut
1606 2343 1773 2368 versuros

133 2389 298 2425 homines
315 2391 381 2425 sub
397 2390 549 2425 frivolae
565 2390 788 2426 executionis
804 2390 982 2426 velamine
999 2390 1038 2425 in
1053 2390 1123 2425 hac
1135 2388 1289 2425 materia
1306 2389 1458 2434 palliare
1470 2388 1669 2434 contingat,
1685 2391 1720 2424 et
1733 2390 1773 2423 ut

135 2446 179 2481 de
196 2445 452 2481 convincendis
475 2458 536 2482 seu
565 2445 824 2491 cognoscendis
840 2445 1045 2487 haereticis,
1064 2445 1362 2490 receptatoribus,
1381 2445 1640 2487 defensoribus,
1660 2445 1774 2479 fauto-

136 2501 250 2543 ribus,
277 2502 506 2537 credentibus
529 2506 565 2537 et
587 2502 867 2538 adhaerentibus
898 2513 1039 2537 necnon
1062 2502 1106 2536 de
1129 2500 1270 2536 haeresi
1295 2500 1467 2545 suspectis
1489 2504 1525 2536 et
1547 2500 1629 2536 aliis
1652 2499 1776 2545 hujus-

137 2557 235 2592 modi
263 2569 431 2602 perversa
459 2557 625 2593 doctrina
649 2557 918 2602 quomodolibet
940 2556 1131 2592 maculatis
1173 2556 1315 2600 plenior
1341 2556 1520 2592 habeatur
1547 2556 1586 2591 in
1613 2556 1777 2590 futurum

139 2612 343 2655 instructio,
355 2616 429 2649 tam
445 2614 491 2648 ad
507 2625 661 2658 regnum
675 2612 870 2649 Bohemiae
883 2615 919 2649 et
931 2612 1138 2648 convicinas
1154 2611 1210 2646 ilh'
1224 2623 1332 2656 quam
1345 2611 1436 2646 alias
1449 2611 1627 2656 quaslibet
1643 2612 1774 2656 partes,

140 2667 179 2702 in
203 2668 334 2712 quibus
358 2669 427 2703 hac
454 2669 701 2713 superstitiosa
727 2668 893 2704 doctrina
919 2667 1188 2713 quomodolibet
1203 2667 1451 2712 pullulaverit,
1469 2667 1642 2702 articulos
1665 2666 1776 2701 infra·

141 2723 292 2768 scriptos
315 2732 448 2761 sectam
475 2725 655 2761 dictorum
683 2725 1021 2761 haeresiarcharum
1048 2726 1304 2759 concernentes
1339 2735 1404 2768 pro
1443 2723 1637 2758 dilectione
1661 2721 1779 2758 dictae

142 2778 226 2814 fidei
242 2779 469 2816 decernimus
485 2781 780 2816 transmittendos
795 2783 831 2816 et
845 2780 955 2816 etiam
972 2779 1202 2814 destinandos
1216 2791 1225 2822 ς
1244 2789 1352 2822 super·
1376 2777 1507 2822 quibus
1524 2777 1626 2813 vobis
1641 2780 1677 2813 et
1700 2775 1782 2811 aliis

142 2834 310 2870 omnibus
339 2836 630 2881 archiepiscopis,
649 2835 825 2881 episcopis
840 2839 876 2872 et
891 2835 1014 2871 electis
1030 2847 1073 2870 ac
1098 2833 1354 2870 commissariis
1378 2837 1414 2869 et
1439 2833 1716 2879 inquisitoribus
1741 2831 1779 2866 in

142 2888 278 2926 virtute
293 2895 437 2927 sanctae
453 2892 701 2928 oboedientiae
723 2892 966 2937 praecipimus
990 2895 1025 2927 et
1048 2891 1272 2932 mandamus,
1291 2892 1332 2925 ut
1355 2889 1508 2934 quilibet
1532 2901 1658 2927 eorum
1681 2889 1778 2924 infra

143 2944 278 2983 limites
300 2950 336 2984 et
359 2948 439 2984 loca
453 2960 540 2984 suae
560 2947 827 2994 jurisdictionis
851 2959 992 2985 necnon
1018 2947 1057 2984 in
1077 2957 1191 2992 regno
1215 2948 1250 2982 et
1266 2945 1519 2984 marchionatu
1546 2949 1582 2984 et
1609 2945 1698 2983 locis
1725 2943 1776 2980 eis
