2097 3466
786 212 920 249 ANNO
948 214 1048 248 1162
1689 211 1731 254 37

94 310 261 368 gebied.
285 335 340 342 —
364 311 424 353 De
438 323 546 366 paus
568 312 685 366 zegt‚
712 309 786 354 dat
808 310 867 367 hij
893 309 944 352 de
961 308 1145 360 ketters,
1170 307 1309 351 welke
1332 308 1383 350 de
1407 307 1727 364 aartsbisschop

92 380 192 423 hem
225 383 312 424 met
344 393 481 422 eenen
505 378 621 422 brief
647 378 869 435 gezonden
895 378 1028 429 heeft,
1055 391 1154 421 zeer
1176 381 1329 432 streng
1359 377 1478 419 heeft
1499 377 1724 429 onthaald‚

91 448 234 492 zooals
258 448 332 491 het
354 447 559 491 betaamt.
588 448 810 491 Noehtans
836 449 869 490 is
893 448 922 490 't
954 447 1076 490 beter
1098 447 1334 502 plichtigen
1359 447 1438 502 vrij
1464 449 1506 489 te
1540 445 1726 501 spreken

92 518 175 560 dan
196 517 494 573 onplichtigen
519 521 562 560 te
586 516 920 568 veroordeelen3
949 530 1054 559 eene
1073 516 1112 558 al
1131 520 1174 558 te
1198 519 1348 571 groote
1365 515 1594 557 zachtheid
1613 518 1728 557 staat

91 587 172 629 den
191 585 478 643 geestelijken
497 585 578 628 ook
597 585 720 629 beter
738 586 821 628 dan
842 600 947 628 eene
965 586 1004 628 al
1025 590 1068 628 te
1085 589 1236 641 groote
1255 583 1526 639 strengheid‚
1541 583 1727 640 blijkens

90 655 142 698 de
174 654 494 698 voorsehristen
527 669 612 697 van
646 655 727 697 den
753 654 904 712 Bijbel.
931 654 1170 710 Overigeus
1201 654 1266 696 zal
1299 653 1350 694 de
1379 667 1484 708 paus
1509 653 1621 695 later
1644 666 1725 695 aan

90 724 173 767 den
196 723 517 779 aartsbissehop
541 724 761 780 schriJven
798 728 888 767 wat
911 738 959 766 er
992 724 1034 766 in
1069 723 1211 780 zijlieu
1246 722 1350 765 raad
1383 721 1637 778 aangaaude
1660 721 1726 764 die

89 793 259 839 ketters
282 792 433 836 beslist
456 793 521 836 zal
545 793 741 835 worden.

136 895 345 932 Alexander
361 895 563 940 episcopus,
582 907 706 931 servus
732 906 918 930 servorum
938 894 1014 936 Dei,
1034 905 1135 929 venei
1145 894 1232 928 abili
1252 893 1355 929 fratri
1380 893 1550 935 Henrico,
1575 892 1728 929 Remen-

88 951 182 988 sium
198 952 483 996 archiepiscopo,
502 952 655 986 salutem
674 955 708 987 et
728 951 965 995 apostolicam
983 949 1282 985 benedictionem.

131 1009 335 1053 Burgenses
350 1008 432 1043 illos
447 1008 651 1043 haereticos
668 1012 703 1042 et
728 1008 767 1042 in
784 1005 951 1042 doctrina
969 1005 1055 1040 fidei
1070 1005 1298 1050 depravatos,
1317 1008 1445 1040 contra
1460 1016 1549 1049 quos
1565 1005 1730 1050 proprias

87 1062 228 1099 litteras
258 1066 322 1098 tua.
353 1062 563 1098 fraternitas
596 1062 641 1096 ad
674 1065 833 1096 nostram
870 1060 1112 1105 praesentiam
1144 1060 1354 1102 destinavit,
1387 1060 1478 1096 dure
1508 1061 1606 1103 satis,
1635 1060 1729 1096 sicut

87 1117 240 1163 dignum
265 1118 468 1160 videbatur,
487 1116 702 1161 recepimus,
721 1121 757 1152 et
773 1128 853 1151 eam
881 1115 954 1150 illis
971 1115 1206 1159 asperitatem
1235 1115 1472 1155 ostendimus,
1500 1127 1610 1159 quam
1641 1117 1730 1151 viris

86 1173 224 1209 talibus
239 1184 261 1208 a
278 1173 381 1208 nobis
397 1172 569 1217 congruit
585 1171 761 1207 exhiberi.
785 1171 885 1205 Scire
901 1174 1023 1205 autem
1040 1171 1145 1205 debet
1166 1175 1249 1205 tuae
1272 1170 1503 1205 discretionis
1519 1171 1727 1215 prudentia,

87 1230 174 1274 quia
204 1229 347 1265 cautius
371 1233 407 1264 et
433 1229 554 1264 minus
578 1228 713 1262 malum
742 1231 795 1262 est
819 1230 990 1261 nocentes
1015 1230 1050 1261 et
1075 1226 1370 1261 condemnandos
1397 1227 1582 1262 absolvere
1620 1237 1729 1268 quam

90 1285 203 1320 vitam
220 1284 469 1320 innocentium
487 1284 677 1319 severitate
691 1282 936 1318 ecclesiastica
953 1281 1206 1323 condemnare,
1225 1285 1260 1316 et
1282 1281 1414 1317 melius
1430 1282 1527 1316 viros
1543 1282 1732 1317 ecclesias-

85 1341 175 1378 ticos
198 1341 279 1386 plus
297 1340 406 1375 etiam
435 1351 544 1384 quam
572 1340 698 1374 deceat
729 1350 804 1372 esse
834 1337 1008 1372 remissos
1041 1348 1150 1380 quam
1178 1337 1217 1372 in
1247 1337 1476 1382 corrigendis
1506 1338 1605 1372 vitiis
1621 1350 1732 1382 supra

84 1397 231 1432 modum
248 1397 401 1432 existere
431 1400 466 1431 et
495 1406 671 1440 apparere
687 1405 842 1432 severos.
863 1396 1017 1427 testante
1035 1393 1160 1436 utique
1180 1393 1382 1437 scriptura,
1402 1405 1495 1437 quae
1511 1393 1585 1429 ait:
1612 1403 1628 1420 α
1647 1394 1731 1429 Noli

83 1452 239 1488 nimium
262 1454 481 1495 esseJustus,
502 1468 518 1486 η
545 1454 579 1485 et
602 1449 716 1484 alibi:
738 1457 754 1474 α
775 1448 846 1489 Qui
863 1448 1019 1482 multum
1045 1448 1225 1492 emungit,
1252 1447 1351 1483 elicit
1375 1448 1602 1493 sanguinem.
1624 1465 1639 1478 n
1658 1450 1732 1485 Nos

83 1512 204 1543 autem
220 1506 288 1542 tibi
312 1507 406 1542 sicut
435 1505 624 1540 carissimo
650 1504 726 1538 filio
744 1513 866 1538 nostro
892 1507 966 1537 tam
999 1503 1037 1537 in
1067 1502 1125 1536 his
1163 1513 1272 1545 quam
1302 1502 1341 1538 in
1373 1503 1542 1540 omnibus
1572 1503 1665 1546 aliis,
1693 1505 1731 1539 in

87 1563 376 1608 quibuscumque
407 1561 607 1596 secundum
637 1560 752 1595 Deum
783 1570 983 1603 possumus,
999 1558 1141 1592 deferre
1168 1558 1328 1593 volentes
1353 1564 1387 1594 et
1414 1570 1606 1603 personam
1629 1563 1728 1594 tuam

88 1618 302 1663 propensius
332 1617 514 1652 honorare
538 1616 634 1660 quod
661 1614 791 1649 exinde
808 1614 851 1648 de
867 1613 1020 1647 consilio
1049 1611 1204 1648 fratrum
1237 1618 1444 1648 nostrorum
1472 1614 1643 1650 debemus
1662 1619 1730 1650 sta-

85 1679 199 1715 tuere,
219 1672 444 1708 fraternitati
462 1676 546 1706 tuae
565 1672 604 1706 in
624 1670 804 1715 proximo,
821 1668 1026 1704 auxiliante
1043 1668 1211 1711 Domino,
1230 1669 1480 1706 rescribemus.

131 1730 264 1765 Datum
285 1728 423 1764 Turon.
443 1727 488 1762 X.
508 1727 584 1761 kal.
598 1726 748 1761 Januar.

436 1803 604 1838 Martene
626 1814 670 1838 en
689 1801 852 1843 Durand,
871 1799 1120 1845 Amplz'ssima
1136 1800 1311 1844 collectio,
1328 1802 1406 1839 deel
1424 1803 1469 1847 ΙΙ,
1487 1803 1556 1838 col.
1575 1804 1728 1840 683-684.

477 1858 598 1902 (Jaffe‚
617 1858 697 1893 deel
716 1857 762 1898 ΙΙ,
781 1856 848 1892 blz.
869 1857 944 1899 163,
963 1862 1001 1891 nr
1017 1856 1151 1899 10797.)

863 1994 949 2040 37.

148 2127 288 2176 1162,
315 2125 616 2169 Vlaamleren.
644 2123 767 2166 Brief
785 2138 870 2167 van
892 2123 1115 2182 Lodewijk
1141 2125 1237 2176 VII,
1265 2124 1432 2180 koning
1452 2137 1538 2166 van
1560 2125 1729 2168 Frank-

85 2196 187 2254 rijk,
215 2210 296 2240 aan
333 2209 439 2252 paus
474 2193 725 2237 Alexander
757 2194 833 2246 III,
861 2207 966 2237 over
998 2194 1050 2237 de
1083 2194 1258 2251 ketterij
1284 2195 1329 2237 in
1353 2193 1646 2237 Vlaanderen.
1675 2220 1730 2226 —

84 2267 144 2310 De
178 2265 500 2320 aartsbisschop
525 2277 609 2305 vau
645 2263 792 2306 Reims
826 2264 944 2308 heeft
966 2264 1150 2319 onlangs
1183 2264 1224 2306 in
1262 2263 1538 2307 Vlaanderen
1561 2264 1732 2320 gereisd

83 2349 139 2378 en
161 2336 311 2379 aldaar
332 2337 517 2388 ketters‚
546 2336 613 2379 die
640 2335 918 2392 Populieam·
948 2334 1163 2390 geheeten
1189 2333 1384 2384 worden,
1414 2333 1727 2389 aangetroffen.

86 2404 163 2448 Om
198 2405 282 2463 zijn
307 2405 569 2462 stilzwijgen
605 2406 715 2449 aste
739 2405 908 2460 koopen
932 2403 1071 2446 boden
1095 2403 1147 2460 zij
1173 2403 1272 2446 hem
1295 2416 1365 2445 zes
1388 2402 1584 2445 honderd
1607 2403 1731 2446 mark

84 2474 129 2518 in
152 2475 288 2519 zilver
311 2489 412 2520 aan.
441 2475 600 2518 Ziende
625 2475 697 2518 dat
726 2475 778 2517 de
797 2474 965 2531 prelaat
988 2474 1079 2516 hun
1104 2472 1296 2530 vijandig
1320 2485 1427 2524 was,
1456 2471 1657 2528 beriepen
1676 2473 1729 2531 zij

85 2544 179 2588 zich
204 2558 257 2601 op
282 2545 365 2588 den
389 2559 512 2603 paus.
542 2546 601 2587 De
624 2544 790 2599 koning
814 2543 1061 2598 verwittigt
1084 2542 1215 2585 dezen
1240 2542 1414 2593 laatste,
1442 2541 1530 2594 dat,
1558 2555 1633 2584 zoo
1665 2542 1732 2585 die

85 2613 257 2658 ketters
288 2615 380 2658 niet
404 2619 558 2670 streng
582 2612 845 2664 behandehl,
870 2613 918 2668 ja
952 2611 1192 2668 uirgeroeid
1215 2611 1410 2663 worden,
1438 2611 1514 2655 het
1537 2611 1730 2655 christen

86 2683 186 2727 volk
212 2684 278 2727 zal
297 2684 509 2728 ontsticht
530 2697 581 2726 en
603 2683 653 2725 de
679 2696 785 2740 paus
810 2686 897 2724 met
915 2681 966 2724 de
985 2681 1106 2724 Kerk
1126 2680 1305 2723 onteerd
1325 2681 1425 2737 zijn.

129 2809 367 2845 Sanctissimo
386 2810 479 2853 patri
499 2813 534 2844 et
552 2808 700 2844 domino
718 2806 977 2853 A[1exandro],
999 2806 1062 2841 Dei
1083 2806 1202 2851 gratia
1227 2817 1369 2841 summo
1397 2805 1574 2851 pontifici,
1615 2805 1732 2841 Ludo·

86 2865 200 2907 vicus,
222 2866 346 2900 eadem
363 2865 485 2909 gratia
503 2865 730 2899 Francorum
746 2875 822 2904 rex,
841 2863 993 2897 salutem
1013 2866 1046 2897 ct
1060 2862 1218 2897 debitam
1237 2862 1489 2897 reverentiam.

131 2921 440 2966 Archiepiscopus
473 2920 662 2956 Remensis
692 2917 902 2964 H[enricusl
931 2919 1043 2953 frater
1061 2929 1162 2954 meus
1179 2929 1294 2962 nuper
1319 2918 1358 2954 in
1375 2917 1633 2954 Flandriarum
1659 2921 1730 2954 ter-
