2097 3466
359 278 421 310 45ss
1027 268 1157 304 ANNO
1186 269 1282 303 1491

360 367 419 411 [Et
435 366 485 400 lui
502 366 557 399 fut
572 363 678 399 faicte
694 374 765 398 une
781 363 883 407 geole
899 373 944 396 au
969 361 1136 396 chasteau
1153 360 1197 395 de
1214 359 1352 404 Selles,]
1370 371 1415 395 ou
1432 370 1501 404 peu
1517 359 1560 394 de
1582 360 1685 403 jours
1701 369 1804 402 apres
1820 356 1977 393 termina

362 421 411 465 [sa
429 420 497 464 vie]
516 419 851 462 catholicquement,
871 427 1007 451 comme
1031 416 1091 450 lon
1114 415 1249 450 dissoit.
1269 415 1493 450 Nonobstant
1515 425 1554 449 sa
1569 413 1768 449 confession
1791 415 1827 448 et
1850 423 1975 457 repen-

361 480 475 515 tance,
491 475 523 508 la
541 474 691 508 seconde
705 476 793 516 nuxt
810 472 927 515 quelle
943 472 997 505 fut
1009 470 1231 511 enchartree,
1246 470 1422 514 lennemy,
1436 469 1497 514 qui
1514 482 1550 504 se
1565 469 1672 504 disoit
1687 480 1750 504 son
1766 479 1975 510 amoureux,

361 527 630 572 accompaignie
647 528 689 562 de.
706 526 829 570 lesprit
853 527 896 561 de
919 524 1138 559 furnication
1155 527 1190 559 et
1205 525 1322 568 celluy
1338 525 1382 559 de
1405 524 1622 568 blaspheme,
1641 526 1812 568 sapparut
1833 523 1977 558 uisible-

362 586 457 618 ment
473 594 493 617 a
507 583 585 623 elle,
604 583 665 626 luy
681 581 816 616 dissent
830 580 948 624 quelle
964 578 1064 614 auoit
1079 581 1180 614 ereut
1196 578 1374 613 mauluais
1390 578 1524 613 60115611
1540 581 1576 614 et
1591 589 1659 622 que
1675 580 1855 622 tousjours
1870 576 1980 613 seroit

361 638 544 680 dampnee.

406 693 504 726 Ceste
520 689 756 734 dyabolieque
772 689 964 733 pestilenee
981 688 1073 722 dura
1089 687 1407 722 continueuement
1423 687 1546 722 audiet
1569 689 1768 722 monestere
1782 687 1922 730 lespaoe
1937 685 1981 720 de

363 749 409 790 vij
427 757 502 787 ans,
521 757 566 780 ou
591 744 767 788 pluiseurs
791 744 951 779 notables
974 742 1182 787 religieuses
1208 743 1329 777 furent
1352 742 1588 786 pitensement
1611 753 1736 777 vexees
1765 741 1814 786 [et
1840 750 1982 775 menees

363 814 406 836 en
423 801 540 835 divers
561 800 798 844 pelerinaiges
815 811 907 843 pour
922 799 1065 834 remede
1081 801 1115 833 et
1131 797 1300 842 guerison
1315 797 1339 842 ς]
1365 801 1400 833 et
1415 798 1646 833 finablement
1669 809 1734 842 par
1756 797 1792 832 la
1814 807 1922 840 grace
1938 795 1982 830 de

364 856 453 890 Dieu
471 858 563 890 66516
578 854 829 889 mcrueilleuse
845 854 949 897 playe
966 863 1074 894 cessa,
1095 853 1181 887 dont
1198 852 1368 897 louenges
1384 864 1429 888 en
1444 852 1543 887 doibt
1559 854 1650 887 estre
1665 851 1802 887 rendue
1817 861 1839 885 a
1854 851 1983 886 Nostro

365 911 541 956 Seignem·
560 910 674 945 Jesus.
693 910 819 944 Amen.

716 980 943 1024 Cronycques
973 979 1018 1013 de
1043 979 1105 1022 feu
1133 980 1207 1013 Mre
1230 979 1350 1014 Jelzan
1376 980 1542 1021 Molinae,
1572 978 1650 1014 deel
1676 978 1722 1019 II,
1751 977 1813 1012 fol.
1845 977 1985 1011 174-175

755 1046 857 1069 verso
881 1033 965 1075 (HS.
985 1033 1048 1068 der
1072 1033 1308 1078 Koninklijke
1333 1034 1559 1069 Bibliotheek
1576 1044 1646 1067 van
1670 1031 1850 1074 Brussel);
1878 1029 1986 1064 Chro-

755 1091 884 1134 m'qzces
911 1089 955 1122 de
978 1089 1072 1122 Jean
1098 1088 1263 1130 Μοῖίηετ,
1289 1089 1504 1134 uitgegeven
1530 1088 1619 1123 door
1642 1087 1805 1126 Buchon,
1822 1085 1901 1120 deel
1923 1084 1986 1126 IV,

756 1144 822 1178 blz.
849 1145 1005 1178 147-153.
1031 1163 1074 1168 —
1099 1144 1149 1177 De
1173 1144 1341 1178 woorden
1371 1144 1540 1179 tusschen
1567 1142 1716 1187 haakjes
1741 1141 1753 1186 [
1775 1140 1787 1185 ]
1815 1140 1991 1185 geplaatst

756 1199 887 1234 komen
911 1198 949 1233 in
964 1199 1026 1233 het
1042 1199 1251 1233 Brusselsch
1275 1198 1500 1234 handschrist
1523 1197 1598 1233 niet
1620 1208 1719 1239 voor,
1737 1206 1839 1232 maar
1860 1194 1930 1231 wel
1951 1192 1991 1230 in

758 1255 801 1289 de
819 1253 966 1299 uitgave
982 1265 1052 1289 van
1068 1253 1230 1289 Buchon.

1122 1369 1244 1415 387.

439 1477 574 1527 1491,
601 1476 666 1518 Le
692 1476 899 1532 Quesnoy
932 1490 984 1519 en
1007 1477 1264 1533 Kamerq'jk.
1290 1475 1528 1519 Uittreksel
1553 1475 1616 1518 uit
1638 1474 1690 1517 de
1712 1473 1886 1531 kronijk
1908 1485 1993 1516 van

374 1546 454 1589 den
474 1546 503 1588 ti
503 1547 520 1602 j
527 1545 711 1601 dgenoot
726 1544 972 1587 Christiaan
987 1545 1209 1588 Massaeus
1227 1560 1310 1588 van
1327 1544 1550 1601 Kamerijk
1566 1558 1670 1586 over
1686 1544 1763 1586 het
1779 1543 1904 1598 geva]
1920 1541 1996 1584 der

374 1615 576 1658 bezetene
599 1613 964 1656 kloosterzusters
987 1628 1071 1656 van
1092 1615 1146 1657 Le
1165 1615 1380 1671 Quesnoy.
1401 1640 1458 1645 -
1481 1613 1637 1657 Buiten
1659 1612 1812 1655 enkele
1834 1611 1997 1668 bijzon-

375 1683 605 1732 derheden‚
635 1681 700 1724 die
734 1683 776 1724 in
804 1683 881 1725 het
913 1683 1188 1739 voorgaande
1223 1683 1323 1725 stuk
1358 1686 1498 1734 staan,
1526 1683 1646 1733 lezen
1679 1681 1752 1738 wij
1787 1680 1898 1731 hier,
1924 1679 1998 1723 dat

375 1767 481 1810 paus
512 1751 759 1794 Alexander
792 1752 854 1794 VI
888 1755 932 1794 te
965 1753 1100 1795 Rome
1134 1753 1293 1795 zonder
1325 1752 1483 1807 uitslag
1515 1751 1566 1794 de
1596 1751 1700 1806 hulp
1732 1764 1817 1792 van
1841 1747 1998 1792 kerke-

374 1823 478 1879 lijke
495 1820 798 1876 bezweringen
816 1820 1045 1876 beproefde
1065 1835 1118 1863 en
1138 1821 1226 1872 dat,
1244 1834 1301 1863 na
1318 1821 1398 1863 den
1415 1820 1521 1863 dood
1540 1834 1624 1862 van
1641 1821 1787 1863 zuster
1800 1819 1825 1862 J
1828 1818 2001 1862 ohanna

377 1891 563 1941 potiere,
591 1889 641 1931 de
667 1889 826 1932 andere
850 1904 1025 1933 nonnen
1050 1904 1135 1946 nog
1157 1890 1249 1932 vier
1265 1891 1392 1947 jaren
1415 1889 1666 1946 opgesloten
1688 1887 1857 1931 bleven.

427 2008 560 2042 Eodem
584 2019 678 2042 anno
702 2005 813 2051 [1491]
830 2005 927 2040 circa
942 2006 1071 2040 festum
1088 2005 1279 2040 cathedrae
1294 2004 1453 2047 (terrible
1469 2004 1579 2047 dictu)
1596 2005 1791 2048 coeperunt
1811 2003 2003 2038 daemones

381 2060 544 2094 habitare
558 2062 591 2094 et
608 2059 786 2103 possidere
798 2057 1054 2092 monasterium
1067 2057 1294 2092 dominarum
1309 2057 1614 2098 Queroetensium,
1630 2068 1718 2100 quas
1729 2055 1833 2091 annis
1845 2057 2000 2099 quatuor

381 2119 413 2150 et
430 2115 610 2150 mensibus
626 2114 774 2150 totidem
791 2113 1045 2148 miserabiliter
1060 2115 1290 2148 vexaverunt.
1311 2113 1466 2148 Vidisses
1478 2124 1536 2147 eas
1560 2113 1686 2147 crebro
1701 2112 1801 2147 velut
1816 2122 1922 2145 canes
1936 2121 2012 2154 per>

383 2182 490 2215 agros
515 2171 728 2210 discurrere,
753 2168 867 2203 instar
892 2168 1014 2202 avium
1040 2169 1162 2203 volare
1185 2180 1249 2212 per
1275 2171 1370 2210 aera,
1396 2168 1489 2203 sicut
1514 2168 1600 2203 feles
1625 2167 1665 2202 in
1691 2168 1838 2202 arbores
1862 2177 1998 2210 repere,

383 2227 536 2270 pendere
564 2226 607 2260 de
636 2224 759 2263 ramis,
783 2223 967 2257 variarum
998 2223 1235 2258 animantium
1266 2225 1436 2268 effingere
1466 2235 1581 2264 voees,
1607 2225 1743 2258 secreta
1771 2222 1933 2267 prodere,
1958 2221 2019 2256 de-

384 2279 515 2314 futuris
541 2278 726 2313 eventibus
753 2277 977 2321 prophetare.
997 2277 1158 2320 Denique
1185 2277 1322 2320 quoties
1346 2277 1511 2311 dominus
1536 2277 1713 2311 Henricus
1736 2274 2004 2311 Cameracensis

386 2335 571 2379 episcopus
595 2336 657 2368 aut
679 2333 844 2367 dominus
867 2333 1018 2376 Egidius
1042 2333 1207 2373 Nettelet,
1233 2333 1389 2367 decanus
1411 2333 1568 2377 ejusdem
1592 2331 1774 2372 ecclesiae,
1793 2330 1864 2365 viri
1890 2330 2002 2365 virtu-

384 2394 472 2432 tum,
492 2391 536 2424 ad
553 2389 791 2424 exorcismum
807 2399 931 2423 earum
948 2389 1158 2423 accederent
1173 2401 1179 2422 :
1201 2403 1216 2415 ιι
1236 2389 1300 2429 Ε11,
1323 2405 1338 2417 n
1356 2387 1536 2431 inquiunt,
1553 2402 1568 2415 ιι
1587 2390 1760 2422 cornutus
1775 2386 1837 2421 ille
1853 2397 1950 2421 nunc
1965 2385 2004 2420 in

384 2445 443 2479 via
466 2448 535 2487 est3
553 2446 593 2478 ut
616 2443 718 2478 nobis
741 2442 996 2483 comminetur,›
1008 2442 1117 2477 venit.
1147 2459 1161 2472 ε’
1188 2443 1273 2478 Post
1293 2443 1407 2477 multa
1429 2442 1588 2477 remedia
1610 2442 1847 2484 undecunque
1874 2441 2005 2475 collata

389 2510 513 2534 earum
528 2498 673 2533 nomina
690 2498 808 2531 delata
824 2497 977 2532 Romam
993 2497 1038 2531 ab
1054 2497 1258 2532 Alexandro
1269 2496 1318 2531 VI
1334 2497 1426 2531 lecta
1442 2497 1588 2531 fuerunt
1599 2496 1638 2530 in
1651 2496 1768 2530 Coena
1782 2494 1926 2530 Domini
1939 2495 2005 2529 sub

386 2555 515 2589 Divino
533 2553 723 2593 sacrificio,
744 2554 805 2587 sed
823 2553 915 2587 nihil
927 2552 1073 2596 profuit.
1092 2552 1111 2587 J
1116 2563 1233 2587 canna
1250 2552 1405 2594 Potiere,
1421 2564 1511 2595 quae
1527 2553 1703 2587 malorum
1720 2551 1854 2587 dicitur
1869 2551 2006 2586 dedisse

386 2610 614 2654 principium,
633 2620 654 2642 a
673 2620 767 2642 nono
785 2608 913 2643 aetatis
937 2619 1031 2642 anno
1055 2608 1179 2642 ludere
1203 2619 1283 2641 cum
1309 2607 1450 2642 diabolo
1478 2607 1606 2651 coepit,
1625 2606 1686 2651 qui
1709 2607 1900 2641 accusabat
1927 2616 2006 2640 eam

386 2665 423 2698 in
439 2663 654 2698 monasterio
671 2665 733 2697 434
749 2662 886 2696 vicibus
902 2662 1050 2706 indigne
1078 2661 1369 2696 communicasse.
1390 2661 1470 2703 Sed,
1489 2662 1550 2697 ille
1566 2661 1652 2705 quia
1676 2661 1830 2696 mendax
1853 2662 1916 2702 est,
1934 2671 2007 2694 non

387 2722 519 2753 stamus
536 2718 653 2752 verbis
678 2717 786 2751 illius.
803 2717 871 2752 Illa
896 2717 1130 2752 Cameracum
1157 2717 1322 2758 adducta,
1341 2716 1628 2761 quadragenaria
1654 2718 1781 2761 major,
1799 2727 1893 2751 anno
1918 2718 2005 2751 tem-

387 2773 530 2817 pestatis
546 2773 648 2806 istius
672 2771 788 2815 primo
811 2771 847 2806 in
874 2783 1019 2806 carcere
1045 2772 1152 2816 periit
1168 2771 1264 2806 circa
1287 2773 1416 2808 festum
1431 2772 1592 2807 Martini.
1613 2772 1782 2807 Caeterae
1797 2774 1876 2815 post
1895 2782 2008 2806 annos

389 2830 541 2871 quatuor
558 2838 677 2861 mense
693 2826 713 2860 J
718 2826 803 2860 unio
819 2826 991 2861 liberatae
1007 2829 1100 2861 sunt.

736 2892 819 2927 Chr.
838 2893 1031 2933 Massaem,
1050 2891 1313 2927 Clzromcorum
1331 2892 1418 2927 libri
1434 2893 1518 2933 XX,
1535 2892 1600 2927 blz.
1619 2894 1702 2935 2683
1717 2891 1787 2927 ook
1802 2891 1946 2927 daaruit
1957 2892 2005 2934 bij

781 2947 961 2990 Duplessis
989 2948 1212 2991 d'Argentro‘,
1246 2947 1412 2981 Collectio
1426 2947 1674 2991 judiciorum,
1692 2947 1770 2982 (1661
1792 2946 1820 2988 Ι,
1838 2947 1875 2980 20
1904 2946 2006 2989 helst,

775 3002 840 3036 blz.
858 3004 932 3036 324.
