2097 3466
371 253 431 283 413(-
1031 250 1058 280 A
1066 247 1092 280 N
1099 247 1126 280 N
1134 247 1161 279 Ο
1190 248 1203 280 l
1215 250 1231 279 4
1242 249 1284 280 ¹³1

368 342 410 376 dc
426 341 520 375 dicto
537 340 686 375 crimine
702 343 734 374 ct
759 340 802 373 dc
819 339 1010 373 concubitu
1036 350 1116 372 cuni
1142 338 1192 371 cis
1220 349 1389 371 accusnre
1414 337 1665 380 promovendo,
1685 337 1802 372 dietus
1817 337 1983 373 dominus

369 398 412 430 dc
430 399 601 430 Sancus-cs
617 395 807 429 cxultando
824 394 1092 438 tripmliavcrat,
1109 396 1143 427 ct
1158 396 1326 427 oxu-acus
1340 392 1520 426 nonnullis
1536 392 1834 434 accusationibus,
1847 393 1982 428 dictum

372 451 581 493 magistrum
600 450 632 484 lc
650 449 882 491 Boullengicr
911 460 997 492 erga
1018 448 1216 491 praefatum
1241 446 1547 490 consanguineum
1565 449 1726 481 nostrum
1749 447 1877 482 ducem
1893 448 1982 482 Bur-

368 504 535 548 gundinc,
551 507 591 538 ut
613 501 680 536 sibi
697 501 810 536 dictos
825 502 868 536 de
887 503 979 544 Croy
996 507 1030 535 et
1046 501 1089 534 dc.
1107 499 1292 534 Belloforti
1310 511 1351 533 ac
1368 499 1458 534 alios
1473 499 1647 540 dominos,
1667 511 1687 533 a
1704 499 1834 543 quibus
1849 501 1984 535 multae

370 558 542 603 pecuniae
558 557 668 592 levari
694 559 845 600 possent,
863 556 906 590 de
923 556 1017 590 dicto
1033 554 1184 589 crimine
1201 554 1380 589 valderiae
1404 557 1568 588 oneratos
1584 554 1692 588 fuisse
1707 554 1852 596 diceret,
1869 557 1982 590 trans-

368 613 531 649 miserat:
550 611 611 655 qui
629 611 772 655 quidem
797 610 1083 653 consanguineus
1111 612 1229 642 noster
1251 619 1333 642 suas
1357 607 1494 642 litteras
1510 618 1574 651 pro
1591 608 1785 642 secundum
1803 607 1984 652 justitiam

372 667 593 711 procedendo
621 668 853 705 concesserat,
873 676 964 707 quae
990 664 1086 698 dicto
1109 663 1152 697 de
1170 662 1343 697 Saneuses
1367 665 1402 697 et
1425 662 1547 697 comiti
1575 661 1805 706 Stamparum
1821 673 1983 707 praesen-

371 728 465 756 tatae
481 725 515 756 et
542 721 705 761 traditae,
724 728 759 754 et
786 719 1008 763 postmodum
1036 729 1099 761 per
1122 717 1273 751 eundem
1291 717 1333 751 de
1358 716 1531 751 Saneuses
1548 717 1626 762 Jam
1649 717 1744 752 dicto
1768 717 1927 753 Roberto
1941 717 1984 752 de

371 777 566 820 Marquais,
592 778 709 812 locum
737 775 870 810 tenenti
898 773 983 808 dicti
1012 772 1262 817 gubernatoris
1291 771 1545 813 Atrebatensis‚
1575 771 1803 807 transmissae
1828 772 1982 815 fuerant,

372 837 407 867 ct
429 832 495 867 sibi
519 835 693 875 quatenus
703 833 780 874 jam
797 832 1032 864 memoratum
1049 828 1092 862 dc
1109 826 1294 862 Belloforti
1320 827 1415 870 quod
1441 825 1547 860 citius
1563 829 1706 870 caperet
1728 828 1764 862 et
1786 826 1986 863 incarceret

371 887 620 929 mandaveram
651 885 804 929 ipsisque
832 883 1008 918 mandatis
1031 881 1227 917 obediendo
1258 881 1462 924 praedictus
1491 881 1535 914 de
1564 880 1748 924 Marquais
1779 880 1915 916 dictum
1941 881 1986 916 de

373 941 557 976 Belloforti
583 945 667 975 tune
692 941 728 974 in
753 939 848 973 dicta
864 938 950 972 villa
966 937 1197 972 Atrebatcnse
1221 940 1303 971 ante
1320 935 1498 979 quandam
1525 935 1670 969 domum
1697 935 1894 978 inventum,
1913 935 1984 980 pri-

369 996 574 1030 sonnierum
600 1007 642 1029 cx
666 993 890 1029 ordinatione
913 991 1000 1025 dicti
1025 991 1165 1024 comitis
1192 1002 1253 1025 seu
1280 989 1416 1024 domini
1446 988 1673 1032 Stamparum
1697 991 1862 1034 ceperat3
1891 990 1986 1026 unde

370 1049 442 1092 ipse
459 1049 502 1082 ‹le
519 1048 703 1082 Bclloforti
721 1047 765 1080 ad
784 1049 939 1080 nostram
959 1043 1175 1078 l'arlcmcnti
1193 1042 1330 1077 curiam
1348 1042 1611 1085 appellaverat3
1639 1041 1716 1084 ipsa
1732 1044 1850 1077 tamen
1865 1042 1983 1086 appel-

372 1102 504 1137 latione
521 1114 590 1136 non
607 1103 778 1141 obstante,
797 1101 870 1143 ipse
887 1099 1002 1143 primo
1019 1099 1062 1132 ad
1080 1098 1273 1141 hospitium
1291 1097 1377 1131 dicti
1401 1096 1536 1131 domini
1555 1096 1784 1139 Stamparum
1799 1107 1842 1131 ac
1857 1096 1986 1132 deinde

371 1158 415 1192 ad
443 1158 588 1191 domum
619 1155 854 1200 episcopalem
884 1155 1152 1188 Atrebatensem
1181 1164 1262 1187 curn
1291 1164 1362 1186 uno
1389 1151 1560 1186 servitore
1588 1151 1761 1186 adductus
1787 1162 1830 1186 ac
1854 1150 1986 1187 ibidem

372 1213 479 1256 longo
495 1211 664 1255 temporis
676 1210 790 1254 spatio
807 1210 980 1249 detentus,
1006 1208 1204 1251 deindeque
1221 1207 1331 1250 ipsius
1347 1207 1441 1241 bona
1466 1206 1512 1240 ad
1534 1216 1682 1240 manum
1694 1205 1857 1249 justitiae
1873 1205 1988 1249 posita

371 1267 602 1307 exstiterant;
621 1265 748 1300 deinde
764 1264 838 1308 ipse
857 1275 918 1307 pro
940 1263 1141 1306 appellante
1165 1273 1201 1296 se
1225 1261 1354 1296 iterum
1372 1262 1540 1304 gesserat,
1559 1263 1684 1295 eontra
1698 1270 1852 1303 quarum
1868 1260 1986 1304 appel-

371 1321 545 1355 lationum
575 1320 696 1355 odium
729 1322 763 1354 et
794 1319 830 1352 in
862 1318 1019 1361 ipsorum
1043 1320 1200 1361 spretum
1227 1317 1304 1360 jam
1335 1314 1422 1350 dicti
1453 1315 1677 1356 deffensores,
1706 1327 1771 1350 sua
1797 1315 1988 1350 temeraria

371 1375 554 1409 voluntate
584 1377 619 1409 et
641 1375 772 1416 absque
791 1372 886 1417 juris
909 1371 1126 1406 discussione
1143 1382 1257 1413 neque
1281 1370 1417 1410 ordine,
1436 1370 1588 1404 eundem
1605 1369 1648 1404 de
1672 1369 1859 1405 Belloforti
1881 1381 1988 1414 super

371 1429 588 1473 scalphauda
612 1428 741 1463 adduci
773 1427 894 1469 ibique
914 1425 1057 1469 publice
1074 1425 1274 1468 praedicari
1298 1425 1468 1465 fecerant,
1486 1436 1529 1459 ac
1545 1425 1696 1460 eundem
1712 1425 1758 1460 ad
1773 1428 1808 1460 et
1831 1436 1895 1469 per
1909 1436 1986 1470 spa-

372 1485 462 1519 tium
480 1488 611 1528 septem
635 1494 811 1518 annorum
835 1481 1013 1524 prisonem
1037 1480 1230 1515 tenendum
1253 1491 1294 1514 ac
1320 1479 1357 1513 in
1380 1480 1501 1514 decem
1517 1479 1672 1514 millium
1695 1480 1872 1516 librarum
1892 1491 1986 1516 sum-

374 1551 469 1574 mam
497 1540 799 1579 condemnarant3
828 1548 869 1571 ae
900 1536 1072 1570 nonnullo
1102 1538 1260 1579 tempore
1291 1535 1421 1569 effluxo
1451 1535 1568 1570 dictus
1595 1535 1639 1570 de
1667 1534 1854 1570 Belloforti
1881 1545 1986 1569 suum

373 1593 652 1628 relevamentum
677 1593 714 1626 in
731 1603 814 1626 casu
831 1590 959 1634 appelli
986 1590 1200 1631 obtinuerat,
1218 1590 1342 1634 vigore
1359 1592 1462 1634 cujus
1485 1590 1775 1626 informationem
1791 1590 1870 1626 fieri
1894 1594 1930 1626 et
1953 1602 1990 1625 se

376 1647 639 1692 prisonnierum
654 1647 699 1681 ad
715 1657 894 1680 carcerem
910 1645 1178 1689 Consiergeriae
1196 1644 1318 1688 palatii
1336 1644 1447 1679 nostri
1463 1644 1674 1679 Parisiensis
1690 1644 1820 1679 adduci
1835 1645 1987 1688 fecerat3

375 1706 564 1746 posteaque
591 1713 775 1745 processus
801 1699 995 1744 supradicti
1024 1700 1069 1734 ad
1093 1699 1270 1733 dictorum
1287 1699 1530 1742 procuratoris
1553 1699 1664 1734 nostri
1687 1698 1866 1742 generalis
1888 1701 1925 1735 et
1946 1699 1989 1734 de

375 1755 560 1790 Belloforti
577 1759 776 1798 requestam
790 1766 896 1798 penes
909 1755 1041 1789 dictam
1059 1753 1196 1788 curiam
1213 1757 1371 1788 nostram
1387 1753 1497 1789 oblati
1514 1753 1733 1789 exstiterant.

419 1809 606 1843 praefatus
622 1820 706 1843 vero
722 1809 740 1843 J
745 1820 876 1843 oannes
902 1809 1061 1851 Tacquet
1083 1808 1266 1851 appellans
1297 1807 1438 1842 dicebat
1453 1807 1618 1843 similiter
1633 1811 1740 1852 atque
1754 1809 1986 1852 proponebat,

376 1864 469 1907 quod
497 1863 570 1906 ipse
600 1863 766 1897 notabilis
795 1862 983 1907 burgensis
1009 1862 1115 1896 villae
1143 1862 1397 1903 Atrebatensis,
1423 1874 1444 1896 a
1471 1861 1583 1896 nobili
1611 1863 1783 1907 progenie
1809 1864 1989 1898 extractus

375 1919 558 1959 bonusque
575 1917 790 1951 christianus
806 1920 841 1951 et
856 1920 933 1951 erat
956 1919 991 1950 et
1018 1927 1157 1959 semper
1181 1916 1309 1957 fuerat,
1327 1916 1389 1958 qui
1413 1919 1448 1951 et
1468 1917 1546 1960 ejus
1568 1917 1854 1960 praedecessores
1870 1917 1990 1961 plures

375 1971 600 2006 fundationes
616 1972 800 2016 signanter
816 1971 853 2005 in
869 1971 1019 2006 ecclesia
1051 1970 1278 2005 Atrebatensi
1306 1971 1475 2012 fecerant,
1493 1973 1528 2006 et
1555 1973 1700 2015 propter
1721 1972 1798 2016 ejus
1826 1971 1989 2007 honesta-

374 2032 445 2061 tem
463 2026 535 2070 ipse
552 2026 717 2060 scabinus
733 2027 849 2060 dietae
865 2026 972 2060 villae
1002 2025 1245 2060 Atrebatensis
1258 2026 1460 2060 devenerat.
1480 2025 1580 2060 Licet
1606 2029 1726 2061 tamen
1753 2025 1829 2070 ipse
1854 2026 1898 2062 de
1921 2025 1990 2060 cri-

375 2081 470 2115 mine
482 2080 657 2124 sortilegii
670 2093 730 2115 seu
745 2081 924 2114 valderiae
937 2092 1119 2123 nunquam
1133 2080 1316 2114 convictus
1329 2080 1462 2121 fuisset,
1475 2080 1536 2114 sed
1547 2080 1591 2115 de
1603 2081 1726 2114 eodem
1745 2091 1783 2115 se
1795 2076 1990 2124 numquam
2010 2085 2013 2088 '

374 2135 634 2176 intromisisset,
650 2135 884 2170 nihilominus
905 2136 981 2180 jam
1009 2135 1125 2169 dictus
1152 2134 1318 2169 dominus
1349 2134 1527 2169 Robertus
1559 2135 1603 2169 de
1629 2134 1813 2178 Marquais
1839 2135 1992 2170 eundem

378 2190 537 2233 Tacquet
567 2190 611 2224 ad
638 2201 673 2223 se
704 2189 838 2230 venire,
865 2188 902 2222 id
930 2189 1023 2232 quod
1047 2189 1191 2229 fecerat,
1218 2189 1468 2231 mandaverat3
1487 2188 1548 2231 qui
1576 2187 1720 2231 quidem
1742 2188 1786 2223 de
1808 2188 1993 2232 Marquais

377 2245 597 2288 praedictum
612 2245 770 2286 Tac-quet
787 2246 932 2286 repente
948 2242 1212 2286 prisonnierum
1229 2254 1294 2286 pro
1310 2242 1406 2277 dicto
1423 2242 1573 2277 crimine
1585 2242 1765 2278 valderiae
1781 2245 1924 2287 ceperat
1949 2253 1993 2278 ac

377 2299 485 2342 longo
501 2298 670 2342 temporis
686 2297 800 2341 spatio
817 2296 1038 2339 detinuerat3
1056 2308 1126 2340 quo
1140 2297 1312 2340 pendente
1326 2296 1443 2331 dictus
1455 2297 1610 2331 decanus
1622 2297 1865 2332 Atrebatensis
1880 2296 1992 2332 etalii

377 2354 577 2387 defensores
593 2353 728 2387 dietum
754 2352 914 2394 Tacquet
929 2351 1048 2386 dicere
1066 2355 1099 2386 et
1115 2362 1284 2392 asserere,
1304 2352 1398 2395 quod
1414 2352 1457 2386 cle
1471 2351 1677 2395 hujusmodi
1701 2351 1852 2386 crimine
1877 2351 1993 2387 valde-

376 2406 451 2440 riae
468 2410 557 2440 cssct
573 2407 756 2442 convictus
772 2419 813 2442 ac
831 2408 949 2451 plures
972 2408 1062 2442 alios
1079 2411 1276 2449 accusaret,
1292 2408 1503 2451 plerumque
1528 2410 1741 2442 monuerant
1755 2420 1764 2451 3
1782 2407 1857 2452 ipse
1873 2409 1993 2443 tamen

375 2461 411 2495 id
429 2462 543 2495 facere
561 2466 741 2503 renuerat,
759 2463 803 2497 ob
820 2463 915 2505 quod
938 2463 1041 2497 valde
1064 2462 1259 2497 enormiter
1286 2465 1484 2497 torturatus
1514 2465 1549 2497 et
1580 2461 1823 2506 questionatus
1853 2462 1990 2506 fuerat3

377 2519 411 2549 et
428 2515 533 2557 paulo
555 2519 631 2558 post
647 2516 733 2551 dicti
750 2516 963 2551 deffensores
980 2517 1156 2560 quendam
1174 2516 1285 2560 ipsius
1303 2516 1464 2560 Tacquet
1490 2516 1646 2551 amicum
1663 2517 1815 2552 eundem
1833 2517 1994 2560 Taequet

377 2569 509 2612 alloqui
528 2570 695 2610 fecerant,
715 2570 775 2613 qui
793 2569 907 2604 eidem
931 2574 972 2604 ut
987 2571 1218 2605 confiteretur
1233 2581 1275 2604 ea
1292 2580 1383 2612 quae
1398 2570 1542 2611 vellent,
1560 2573 1634 2606 esto
1662 2571 1756 2614 quod
1778 2571 1912 2605 bonum
1935 2571 1993 2606 vel

377 2623 511 2657 malum
527 2627 627 2665 essct,
646 2624 733 2658 alias
750 2623 932 2667 praedicto
947 2624 1057 2659 etiam
1073 2625 1207 2659 decano
1234 2630 1270 2659 et
1293 2624 1373 2658 aliis
1402 2624 1594 2668 praedictis
1618 2624 1876 2660 deffensoribus
1891 2636 1991 2669 prae-

378 2677 535 2711 sentibus
565 2681 807 2721 suggesseram
842 2681 877 2712 et
904 2678 998 2712 idem
1025 2679 1180 2713 decanus
1211 2678 1402 2712 consilium
1428 2679 1516 2713 dicti
1542 2679 1650 2713 amici
1677 2680 1811 2714 bonum
1839 2690 1925 2721 esse,
1958 2680 1993 2714 et

379 2735 542 2773 parentes
559 2732 642 2766 dicti
661 2733 703 2766 de
720 2732 917 2773 Belloforti,
936 2732 1052 2767 simile
1068 2733 1258 2767 consilium
1275 2733 1342 2768 sibi
1359 2733 1496 2768 dedisse
1519 2735 1717 2777 protulerat
1741 2733 1816 2769 sive
1831 2733 1990 2776 dixerat3

377 2786 441 2819 sub
459 2798 609 2828 quarum
626 2786 914 2822 exhortationum
932 2790 966 2821 et
978 2787 1248 2830 persuasionum
1265 2788 1395 2829 colore,
1410 2788 1527 2823 dictus
1545 2788 1705 2832 Tacquet
1721 2788 1759 2823 id
1774 2789 1869 2832 quod
1888 2789 1933 2823 ab
1949 2799 1992 2823 eo

379 2839 465 2873 dicti
497 2841 707 2875 deffensores
741 2845 858 2884 petere
888 2841 1087 2883 voluerant,
1119 2843 1300 2877 confessus
1330 2842 1537 2886 exstiterat3
1577 2845 1613 2878 et
1649 2842 1787 2878 dictum
1816 2843 1992 2878 ‚Ioannem

382 2890 540 2936 Tacquet
565 2893 609 2928 ad
637 2894 942 2937 scalfaudandum,
960 2896 1239 2940 praedicandum
1254 2899 1289 2933 et
1304 2896 1427 2932 mittra
1454 2899 1562 2942 caput
1589 2899 1667 2943 ejus
1696 2897 1991 2933 circumdandum
