2097 3466
298 294 340 326 94
984 289 1115 325 ANNO
1142 291 1242 325 1234

344 382 520 423 Quocirca
544 381 749 418 discretioni
768 386 850 417 tuae
874 393 937 426 per
953 382 1147 425 apostolica
1164 381 1297 425 scripta
1313 381 1524 415 mandamus
1539 383 1645 424 atque
1662 378 1913 423 praecipimus,

299 442 484 482 quatenus.
499 438 689 480 assumptis
705 442 822 472 tecum
840 437 927 470 viris
943 436 1120 480 religiosis
1135 439 1171 470 et
1195 436 1307 470 Deum
1332 435 1541 469 timentibus
1557 445 1598 469 ac
1622 434 1660 468 in
1677 435 1762 479 jure
1779 433 1915 477 peritis,

300 493 336 526 in
354 491 617 526 examinatione
633 499 738 534 atque
755 489 1007 534 dampnatione
1029 493 1064 524 ct
1085 488 1377 523 reconciliatione
1393 488 1587 522 secundum
1604 488 1756 522 formam
1773 485 1918 521 concilii

300 545 477 590 generalis
504 550 539 580 et.
565 550 697 580 statuta
725 556 840 588 nuper
865 556 886 577 a
912 543 1012 577 nobis
1038 543 1135 578 edita
1158 543 1327 586 procedas
1350 542 1532 583 attentius,
1559 541 1779 585 provisurus,
1806 543 1847 575 ut
1868 539 1920 574 sic

300 600 471 644 puniatur
483 600 664 634 temeritas
683 610 943 643 perversorum,
959 598 1053 641 quod
1068 597 1293 632 innocentiae
1307 597 1444 641 puritas
1458 607 1528 630 non
1543 596 1725 638 laedatur3
1744 593 1921 630 universis

299 655 512 689 auctoritate
530 658 649 688 nostra
663 654 882 693 mandantes,
897 653 1027 695 quibus
1039 652 1107 686 hoc
1125 652 1308 696 negotium
1323 651 1405 686 fidei
1422 651 1651 686 commissum
1665 654 1729 691 est,
1744 653 1784 684 ut
1799 660 1921 684 secun-

299 709 385 743 dum
403 709 554 742 formam
573 720 614 742 ac
630 711 763 742 statuta
780 707 998 751 praescripta
1015 707 1206 750 procedere
1222 717 1293 740 non
1317 708 1541 749 postponant,
1559 705 1840 740 contradictores
1856 713 1921 747 per

299 774 468 797 censuras
486 763 697 797 coercendo.

345 818 475 852 Datum
493 818 692 861 Anagniae,
710 816 781 851 XII
797 817 869 850 kal,
886 815 1109 856 Novembris,
1128 826 1222 850 anno
1238 815 1399 859 septimo.

650 892 867 931 Hartzlieim,
889 892 1052 926 Consilia
1079 891 1314 933 Germaniae,
1339 891 1417 926 deel
1441 891 1504 931 III,
1530 891 1596 925 blz.
1623 893 1697 926 540.
1731 889 1921 933 (Potthast,

693 949 770 983 deel
788 949 814 987 Ι,
833 949 898 982 blz.
918 951 992 987 796,
1014 955 1050 981 n¹'
1066 950 1174 989 9315).

1069 1080 1156 1123 93.

366 1208 503 1257 1234,
547 1207 775 1250 Februari
814 1207 852 1255 1,
896 1207 1141 1249 Lateraczn.
1186 1206 1264 1248 Bul
1301 1220 1385 1248 van
1426 1219 1531 1261 paus
1578 1205 1812 1261 Gregorius
1859 1206 1924 1248 IX

303 1277 471 1333 gericht
494 1280 558 1319 tot
581 1276 664 1318 den
680 1274 1000 1330 aartsbisschop
1018 1289 1103 1317 van
1127 1274 1271 1318 Reims
1305 1288 1358 1317 en
1394 1277 1460 1317 tot
1492 1275 1604 1330 zijne
1647 1273 1925 1330 suffraganen

302 1359 406 1388 over
437 1345 488 1387 de
520 1345 715 1400 regeling
743 1344 819 1385 der
850 1343 1267 1399 kettervervolging.
1295 1368 1351 1373 —
1373 1344 1431 1385 De
1454 1356 1559 1398 paus
1583 1342 1826 1393 herinnert‚
1853 1342 1928 1385 dat

302 1414 361 1470 hij
405 1426 600 1469 vroeger,
639 1413 682 1455 in
720 1425 824 1454 eene
861 1411 932 1454 bul
970 1412 1138 1467 gericht
1174 1416 1240 1454 tot
1277 1411 1359 1454 den
1398 1411 1514 1467 prior
1551 1411 1814 1467 provinciaal
1851 1411 1928 1453 der

299 1481 614 1538 predikheeren
658 1481 700 1523 in
738 1480 990 1537 Frankrijk‚
1017 1480 1068 1522 de
1105 1480 1513 1535 kettervervolging
1549 1493 1631 1522 aau
1669 1480 1782 1537 zijne
1824 1479 1927 1522 orde

302 1550 421 1593 heeft
453 1550 750 1606 opgedragen;
779 1549 887 1592 doeh
917 1549 974 1605 hij
1001 1552 1130 1604 voegt
1153 1563 1200 1591 er
1231 1548 1308 1606 bij,
1336 1548 1408 1591 dat
1437 1548 1539 1591 deze
1570 1548 1755 1604 zending
1786 1548 1926 1591 alleen

301 1618 345 1661 in
383 1619 434 1661 de
468 1623 553 1661 met
591 1618 766 1674 ketterij
805 1617 1016 1660 besmette
1049 1620 1270 1673 gewesten
1304 1621 1441 1659 moest
1472 1616 1697 1660 volbracht
1729 1616 1922 1659 worden.

303 1687 390 1730 Het
427 1686 577 1742 gebied
614 1701 698 1729 van
731 1686 807 1729 het
838 1686 1122 1729 aartsdisdom
1162 1686 1307 1729 Reims
1345 1685 1381 1728 is
1420 1685 1462 1728 in
1501 1685 1575 1727 het
1612 1685 1760 1741 geloof
1786 1684 1927 1728 steeds

303 1755 574 1811 standvastig
605 1754 830 1810 gebleven‚
868 1755 985 1797 dank
1007 1769 1089 1797 aan
1112 1755 1223 1812 zijne
1256 1753 1610 1810 tegenwoordige
1643 1768 1696 1796 en
1722 1767 1929 1809 vroegere

303 1823 625 1879 kerkvoogden.
663 1825 846 1866 Daarom
879 1823 1048 1867 beveelt
1086 1824 1137 1866 de
1171 1838 1291 1878 paus,
1329 1822 1402 1866 dat
1435 1823 1486 1865 de
1519 1821 1841 1877 aartsbisschop
1875 1835 1927 1864 en

303 1892 420 1935 ieder
451 1893 588 1949 zijner
621 1891 898 1948 suffraganea
930 1892 973 1934 in
997 1893 1082 1949 zijn
1105 1891 1268 1935 bisdom
1293 1892 1343 1933 de
1369 1891 1626 1947 vervolging
1657 1891 1734 1934 der
1762 1891 1928 1934 ketters

303 1961 444 2003 zullen
466 1960 686 2011 besturen,
712 1975 830 2003 maar
847 1961 969 2003 raadt
988 1962 1086 2003 hem
1103 1975 1186 2004 aan
1204 1961 1256 2004 de
1275 1960 1479 2004 broeders
1498 1960 1575 2002 der
1593 1959 1930 2016 predikheeren-

303 2029 420 2081 orde,
449 2029 515 2071 die
539 2029 642 2071 daar
665 2030 707 2071 in
731 2029 989 2080 uitmunten,
1018 2035 1083 2073 tot
1107 2030 1180 2072 dat
1202 2030 1298 2072 doel
1320 2033 1363 2072 te
1387 2028 1641 2085 gebruiken.

350 2135 546 2179 Gregorius
562 2134 758 2178 episcopus,
769 2146 892 2169 servus
905 2146 1090 2169 servorum
1107 2134 1184 2176 Dei,
1196 2135 1461 2170 venerabilibus
1474 2134 1646 2169 fratribus
1661 2133 1929 2177 archiepiscopo

307 2189 474 2225 Remensi
492 2195 527 2225 et
543 2189 780 2234 suffraganeis
797 2191 886 2233 ejus.

349 2245 444 2279 Olim
469 2245 661 2282 intellecto,
689 2244 783 2287 quod
806 2243 844 2277 in
862 2243 1077 2287 quibusdam
1094 2243 1289 2287 provinciis
1314 2243 1542 2278 inconsutilis
1564 2242 1671 2278 vestis
1699 2241 1844 2284 Christi,
1870 2239 1930 2276 cui

305 2311 432 2334 manus
449 2298 739 2342 crucifigentium
756 2301 1001 2341 pepercerant,
1021 2299 1255 2341 rumpebatur
1271 2299 1316 2332 ab
1332 2298 1405 2332 illis
1429 2297 1490 2342 qui
1514 2309 1597 2332 eum
1617 2297 1655 2331 in
1671 2295 1841 2332 membris
1856 2296 1930 2330 suis

305 2353 436 2388 iterum
461 2353 691 2397 crucifigunt,
721 2359 755 2387 et
779 2352 923 2396 reptilia
946 2364 1037 2396 quae
1060 2354 1196 2387 dudum
1224 2353 1433 2388 insidiantia
1456 2353 1635 2393 calcaneo,
1662 2355 1703 2387 ut
1729 2363 1812 2386 cum
1839 2353 1930 2395 equo

306 2412 571 2451 prosternerent
602 2418 842 2448 ascensorem,
862 2407 1001 2441 occulte
1033 2407 1071 2441 in
1099 2408 1245 2451 pulvere
1274 2408 1482 2448 latitabant,
1502 2418 1598 2441 nunc
1628 2406 1863 2450 insurgebant.
1891 2404 1930 2440 in

306 2462 435 2496 faciem
452 2466 486 2496 et
510 2461 707 2496 catholicae
732 2461 815 2495 fidei
840 2461 987 2495 insidias
1010 2461 1252 2496 moliebantur
1268 2465 1420 2505 apertas,
1440 2472 1578 2496 necnon
1601 2460 1774 2494 animalia
1800 2459 1931 2504 pusilla

307 2528 398 2560 quae
416 2516 557 2550 vineam
576 2515 719 2550 Domini
733 2516 886 2549 latenter
901 2519 1160 2550 consueverant
1175 2515 1353 2556 demoliri,
1366 2519 1529 2559 patenter
1542 2526 1690 2550 messem
1705 2513 1930 2549 Dominicam

307 2571 428 2615 ligatis
445 2572 488 2605 ad
514 2571 664 2605 caudam
682 2570 820 2604 facibus
837 2570 1105 2611 comburebant,
1126 2570 1299 2604 fratribus
1319 2570 1456 2605 ordinis
1479 2569 1767 2614 praedicatorum
1797 2568 1929 2603 haben-

307 2626 401 2660 tibus
418 2627 533 2660 zelum
551 2625 614 2659 Dei
631 2628 666 2659 et
689 2625 726 2658 in
751 2636 857 2668 opere
874 2624 1078 2668 potentibus
1093 2636 1136 2659 ac
1159 2636 1322 2660 sermone
1345 2625 1541 2669 apostolica
1563 2624 1698 2668 scripta
1719 2623 1928 2664 direximus,

308 2685 348 2715 ut
371 2681 416 2714 ad
440 2682 547 2723 caput
569 2678 775 2723 hujusmodi
802 2679 986 2722 reptilium
1015 2680 1284 2721 conterendum,
1314 2681 1438 2724 vulpes
1477 2680 1645 2724 parvulas
1679 2678 1871 2722 capiendas
1895 2680 1932 2712 et,

310 2734 474 2769 maxillas
498 2744 622 2768 eorum
646 2732 707 2776 qui
733 2732 865 2767 Christi
890 2733 1076 2768 ecclesiam
1101 2734 1320 2775 lacerabant,
1346 2734 1384 2768 in
1407 2735 1508 2768 freno
1532 2733 1748 2768 cohibendas
1770 2735 1807 2767 et
1828 2743 1930 2767 camo

308 2791 471 2832 potenter
501 2789 741 2830 assurgerent,
772 2792 807 2820 et
837 2797 919 2820 oves
950 2790 1110 2821 errantes
1138 2788 1183 2821 ad
1215 2787 1308 2822 ovile
1335 2787 1496 2823 humeris
1522 2789 1758 2831 reportarent,
1792 2797 1931 2821 necnon

310 2853 476 2886 personas
494 2841 642 2875 infectas
659 2840 820 2874 scabiosa
835 2840 1004 2885 rubigine
1020 2842 1206 2876 vetustatis
1227 2842 1315 2877 lima
1335 2854 1421 2877 suae
1436 2841 1714 2886 praedicationis
1730 2842 1928 2883 eraderent,

308 2902 349 2932 ut
375 2896 530 2930 mundae
561 2895 597 2928 in
625 2894 869 2928 sanctuarium
895 2895 960 2929 Dei
983 2899 1019 2930 et
1049 2896 1094 2930 ad
1121 2897 1308 2931 coelestem
1333 2896 1488 2940 patriam
1510 2896 1699 2931 intrarent.
1729 2897 1804 2931 Nec
1833 2895 1930 2930 enim

309 2951 429 2987 decuit
445 2949 678 2994 apostolis-am
691 2950 809 2984 sedem
827 2949 864 2984 in
881 2950 994 2985 oculis
1008 2950 1120 2995 [suis],
1136 2963 1218 2986 cum
1233 2951 1434 2987 Madianita
1449 2954 1600 2986 coeunte
1623 2951 1767 2991 Iudaeo,
1783 2961 1930 2986 manum
