2097 3466
381 245 441 276 -ΗΟ
1057 241 1186 274 ΑΝΝΟ
1213 242 1309 274 1472

422 334 552 367 Canna
577 333 760 378 quendam
785 333 1038 376 blasphemum
1061 337 1186 366 contra
1220 332 1409 375 Virqinem
1432 336 1587 366 matrem
1608 331 1754 374 Christi,
1774 332 1824 366 ad
1847 333 1984 366 instan-

376 391 468 422 ciam
490 389 633 421 (lunzini
647 390 878 432 inquisitoris
895 388 1048 421 heretice
1061 389 1272 431 prauitatis.

419 442 582 484 Quesiuit
598 443 800 477 reuerentia
824 447 951 481 vostra.
969 441 1112 477 domine
1128 442 1175 475 mi
1201 441 1338 476 sincere
1362 441 1399 476 in
1419 441 1561 476 Christo
1577 441 1716 483 dilecte,
1735 441 1822 486 quid
1837 440 1987 477 sentiam

375 499 417 532 de
434 498 499 531 ista
523 497 762 541 propositione
777 509 784 531 :
813 498 865 531 On
894 497 1055 541 afficlera
1083 508 1105 530 a
1141 496 1275 530 Nostra
1306 497 1422 529 Dame
1442 507 1531 530 unes
1561 496 1702 540 brayes,
1733 496 1914 531 intellecta
1943 496 1988 531 de

379 558 491 589 matre
509 553 571 588 Dei
589 552 741 597 virgine,
768 564 814 586 an
830 552 943 595 sapiat
967 551 1119 586 heresim
1142 550 1339 592 manifeste,
1357 553 1393 585 et
1408 553 1529 585 utrum
1547 550 1623 585 eius
1639 550 1797 595 cognitio
1813 551 1989 594 pertineat

375 609 420 643 ad
444 608 647 652 episcopum
671 611 706 642 et
730 607 976 651 inquisitorem
999 606 1117 647 simul,
1136 608 1198 640 aut
1221 606 1266 640 ad
1292 605 1497 649 episcopum
1525 606 1639 640 solum
1671 605 1709 640 in
1736 608 1909 650 quantum
1935 609 1988 642 est

372 664 586 699 ordinarius.
612 662 685 697 Etsi
711 662 953 696 inconsultum
969 661 1015 696 sit
1037 661 1127 695 velle
1154 660 1293 695 facibus
1320 659 1527 694 illuminare
1554 660 1677 700 solem,
1698 662 1819 694 tamen
1843 662 1989 704 paratus

374 730 447 753 esse
463 719 573 753 debeo
589 717 685 752 omni
703 716 860 761 poscenti
878 717 920 750 de
937 728 979 750 ea
994 727 1063 759 que
1079 715 1116 749 in
1133 726 1189 749 me
1205 718 1258 749 est
1274 715 1342 748 fide
1359 715 1506 749 reddere
1530 714 1719 749 rationem.
1739 715 1818 749 Duo
1833 715 1989 758 postulat

373 773 522 808 deuocio
546 776 678 807 vestra:
711 771 873 806 Primum
902 775 954 806 est
978 771 1007 805 si
1032 771 1098 804 hec
1122 769 1332 814 propositio:
1363 770 1415 803 On
1433 769 1594 813 affzclera
1621 772 1688 804 etc.
1716 769 1809 813 sapit
1833 769 1987 805 heresim

374 827 578 869 manifesteg
594 826 801 866 secundum,
820 826 865 859 ad
882 836 986 868 quem
1002 827 1137 868 spectat
1152 823 1310 868 cognitio
1326 823 1414 864 eius,
1432 826 1498 858 etc.

418 882 473 917 Ad
490 881 657 925 primum,
676 880 775 914 saluo
799 879 934 914 iudicio
958 878 1110 919 meliori,
1129 877 1209 912 dico
1233 878 1327 921 quod
1351 877 1417 912 hcc
1440 877 1635 921 propositio
1659 877 1697 911 in
1712 889 1749 912 se
1765 877 1989 913 considerata

374 934 543 978 importat
559 933 815 977 blasphemiam
831 933 1026 976 sapientem
1042 932 1195 967 heresim
1212 943 1282 966 non
1306 932 1491 967 manifeste
1507 943 1572 967 nec
1595 943 1767 976 expresse,
1785 933 1849 968 sed
1871 933 1986 978 impli-

375 989 515 1024 cite....
531 990 587 1030 (1).
615 989 683 1024 Iste
707 989 933 1033 blasphemus
948 988 1122 1023 dicendo:
1144 988 1198 1021 On
1222 987 1394 1031 affulera,
1413 990 1479 1022 etc.
1505 990 1688 1031 suspectus
1713 990 1766 1023 est
1790 989 1989 1026 hereticam

375 1043 560 1088 implicite,
578 1046 618 1077 ut
632 1043 767 1078 dietum
786 1047 848 1084 est,
867 1043 1011 1079 attentis
1027 1042 1182 1077 maxime
1207 1042 1489 1084 circumstancijs
1514 1054 1675 1086 persone,
1693 1042 1830 1078 scilicet
1844 1055 1989 1080 consue—

373 1100 496 1135 tudine
513 1098 779 1143 blasphemandi
797 1101 832 1133 et
843 1098 916 1133 vita
931 1097 1082 1139 viciosa3
1102 1099 1245 1140 propter
1261 1096 1354 1139 quod
1367 1107 1438 1131 non
1449 1096 1590 1131 videtur
1599 1098 1832 1139 excusandus,
1844 1098 1988 1134 eciamsi

375 1167 418 1190 ex
434 1154 662 1198 subreptione
675 1154 877 1198 protulisset
893 1166 901 1195 3
922 1164 989 1196 que
1002 1152 1096 1187 enim
1113 1152 1157 1186 de
1173 1151 1278 1185 corde
1302 1151 1499 1194 procedunt
1515 1151 1749 1195 cogitationes
1770 1153 1874 1194 male,
1892 1153 1988 1188 coin-

375 1211 525 1255 quinant
542 1210 722 1244 hominem
737 1222 746 1251 3
764 1209 886 1251 quales
910 1207 1156 1241 indubitanter
1178 1209 1271 1246 sunt,
1298 1216 1367 1248 que
1390 1205 1522 1240 fuerint
1546 1217 1589 1240 ex
1613 1206 1888 1250 consuetudine3
1907 1219 1987 1252 que,

373 1265 439 1299 etsi
456 1266 599 1307 repente
615 1263 808 1305 aliquando
837 1264 965 1297 exeant
992 1261 1029 1295 in
1058 1263 1189 1301 actum,
1208 1272 1251 1294 ex
1275 1259 1532 1294 deliberatione
1547 1263 1666 1295 tamen
1682 1261 1892 1304 precedente
1907 1273 1988 1297 cau-

373 1323 473 1355 sante
487 1318 780 1354 consuetudinem
798 1316 969 1350 dicuntur
993 1315 1202 1359 procedere;
1220 1326 1320 1349 secus
1336 1317 1425 1349 esset
1440 1314 1483 1349 de
1506 1313 1651 1349 homine
1665 1315 1811 1350 honeste
1826 1315 1910 1357 vite,
1927 1315 1990 1359 qui

377 1376 446 1410 hoc
462 1376 637 1420 proferret
651 1386 695 1408 ex
711 1371 934 1416 surreptione
952 1381 1023 1405 non
1046 1370 1230 1405 attendens
1253 1370 1298 1404 ad
1314 1369 1615 1414 significationem
1631 1370 1866 1406 terminorum
1881 1373 1917 1407 et
1939 1372 1990 1406 sic

377 1431 536 1467 nesciens
553 1430 637 1474 quid
650 1429 796 1463 diceret.

419 1485 474 1520 Ad
489 1484 696 1524 secundum,
716 1493 798 1516 cum
815 1480 979 1524 queritur
995 1479 1039 1513 ad
1054 1489 1159 1521 quem
1177 1479 1311 1513 crimen
1327 1479 1578 1523 proponentis:
1600 1479 1653 1514 On
1669 1479 1829 1524 affulera
1844 1482 1989 1524 spectat,

374 1539 485 1574 michi
503 1538 645 1572 videtur
660 1535 776 1580 prima
792 1534 894 1574 facie,
910 1534 1015 1577 quod,
1031 1544 1074 1568 ex
1091 1544 1160 1576 quo
1174 1532 1238 1567 iste
1251 1533 1477 1577 blasphemus
1495 1545 1566 1568 non
1579 1533 1707 1569 incidit
1717 1533 1755 1569 in
1767 1534 1991 1570 manifestam

374 1593 528 1629 heresim
546 1604 610 1627 nec
627 1591 664 1626 in
681 1590 975 1632 condempnatam
992 1587 1158 1631 explicite
1175 1587 1312 1629 incidit,
1338 1588 1399 1622 sed
1422 1588 1597 1632 implicite
1612 1588 1798 1624 dubitatur
1812 1589 1990 1631 incidisse,

375 1649 482 1683 iudex
507 1646 711 1682 ordinarius
726 1645 833 1679 habet
849 1654 931 1678 eum
947 1653 1075 1677 vocare
1095 1645 1266 1685 tanquam
1282 1645 1484 1686 suspectum
1499 1656 1508 1684 ;
1527 1645 1562 1678 et
1577 1642 1606 1677 si
1623 1646 1793 1687 appareat
1807 1643 1992 1679 manifeste

375 1713 498 1736 errare
513 1701 551 1735 in
567 1701 647 1741 fide,
663 1712 724 1735 vos
740 1710 868 1734 vocare
885 1698 992 1732 habet
1007 1698 1052 1731 ad
1068 1708 1271 1741 processum
1288 1697 1492 1732 faciendum
1509 1698 1617 1733 simul
1632 1701 1695 1734 aut
1717 1698 1914 1744 sigillatim,
1931 1699 1993 1735 sed

376 1756 422 1791 ad
437 1755 543 1789 simul
556 1754 772 1789 reddendam
785 1752 1008 1788 sententiam.

722 1818 914 1859 Carlerius,
933 1817 1011 1852 deel
1027 1816 1073 1858 ΙΙ,
1092 1816 1353 1860 verbandeling
1367 1819 1420 1851 33.

1128 1932 1248 1976 362.

442 2050 556 2093 Vo'o'r·
578 2047 832 2092 November
855 2047 994 2099 1472,
1021 2046 1278 2103 Kamerzjk.
1306 2046 1487 2090 Oordeel
1519 2061 1604 2090 van
1635 2046 1717 2090 den
1748 2047 1992 2104 Kamerijk-

377 2118 509 2161 schen
531 2116 672 2160 deken
697 2116 876 2165 Carlier‚
905 2130 956 2171 op
981 2115 1163 2158 verzoek
1186 2129 1274 2158 van
1298 2119 1412 2158 twee
1439 2115 1695 2171 geesteliJke
1726 2115 1886 2158 heeren
1909 2116 1992 2159 uit-

377 2186 638 2243 gesproken,
681 2198 785 2227 over
827 2185 878 2226 de
924 2183 1101 2239 stelling
1138 2197 1221 2226 van
1262 2184 1353 2226 drie
1386 2185 1594 2239 priesters
1630 2184 1881 2240 aangaande
1917 2184 1994 2228 het

377 2255 588 2297 bedienen
610 2254 687 2296 der
708 2253 867 2296 biecht.
892 2278 944 2283 —
970 2253 1126 2295 Hunne
1144 2252 1320 2307 stelling
1341 2252 1377 2294 is
1398 2253 1548 2295 valsch
1570 2266 1621 2294 en
1645 2265 1744 2295 zeer
1765 2252 1988 2296 verdacht.

377 2324 540 2367 Carlier
571 2325 670 2378 zegt
694 2322 754 2364 dit
784 2320 1012 2364 antwoord
1043 2322 1086 2362 te
1109 2333 1266 2376 geven,
1293 2321 1506 2364 alhoewel
1529 2321 1580 2363 de
1610 2322 1725 2363 twee
1756 2321 1918 2364 heeren
1949 2321 1992 2364 in

378 2392 525 2435 hunne
547 2391 699 2446 eigene
717 2390 812 2432 stad
834 2389 916 2432 den
939 2388 1244 2432 uitstekenden
1267 2389 1551 2444 godgeleerde
1583 2403 1636 2432 en
1667 2388 1885 2445 professor
1903 2390 1994 2433 An-

378 2461 503 2503 dreas
521 2458 759 2516 (Carnificis
767 2458 805 2515 ‘?)
823 2457 870 2500 of
882 2457 1073 2500 anderen
1090 2457 1284 2501 wellicht
1299 2457 1471 2500 hadden
1487 2457 1664 2500 kunnen
1684 2461 1725 2501 te
1741 2457 1844 2500 rade
1860 2470 1987 2514 gaan.

424 2560 558 2595 Contra
578 2564 652 2593 tres
670 2559 894 2602 presbiteros
923 2568 988 2591 nec
1011 2557 1224 2591 ordinarios
1251 2567 1315 2590 nec
1341 2557 1606 2601 priuilegiatos
1633 2567 1697 2590 nec
1721 2556 1818 2591 alias
1847 2558 1992 2600 missos,

378 2617 582 2659 ingerentes
599 2624 638 2647 se
660 2613 711 2647 ad
734 2612 944 2647 audiendas
969 2611 1213 2655 confessiones
1234 2609 1613 2656 parochialianorum
1644 2612 1762 2645 inuito
1788 2616 1926 2654 curato,
1943 2611 1994 2646 ad

378 2675 583 2715 requestam
600 2669 762 2702 duorum
780 2668 1032 2701 dominorum.

425 2722 646 2764 PostulastiS,
665 2723 792 2757 fratres
809 2724 844 2756 et
859 2719 967 2755 amici
991 2720 1030 2754 in
1054 2720 1206 2761 Christo,
1225 2719 1310 2763 quid
1333 2719 1482 2755 sentiam
1499 2720 1541 2754 de
1558 2720 1751 2756 assertione
1772 2720 1882 2756 trium
1897 2732 1991 2766 pres-

381 2778 577 2812 biterorum
603 2777 703 2811 nulla
718 2775 933 2810 auctoritate
955 2774 1086 2809 summi
1103 2774 1280 2817 pontificis
1295 2776 1358 2808 aut
1372 2773 1542 2816 ordinarij
1559 2774 1742 2816 fultorum,
1760 2775 1992 2811 asserentium

428 2904 472 2945 (1)
487 2903 573 2938 Hier
589 2904 718 2947 volgen
734 2902 971 2946 godgeleerdc
986 2900 1274 2945 bespiegelingen
1291 2903 1349 2935 ten
1366 2901 1519 2943 bewiJze.
