2097 3466
755 225 888 260 ANNO
916 227 1032 266 1479,
1069 226 1166 259 1480
1713 230 1776 261 442»

149 319 394 365 pertinaciter,
427 323 491 354 aut
525 318 686 354 fortassis
711 321 749 353 ut
774 321 959 362 peccatum
987 316 1196 352 amicissimi
1213 316 1281 350 viri
1305 320 1499 360 attenuem,
1517 330 1639 354 errore
1655 321 1777 363 aliquo

145 375 396 410 defendentem
415 374 558 418 judices
581 384 766 408 sacrorum
795 384 974 407 canonum
998 371 1136 416 regulis
1159 372 1453 407 condemnarunt.
1474 374 1557 408 Esto
1583 378 1776 419 utcunque,

146 431 250 466 doleo
266 433 386 466 tamen
404 442 527 464 casum
544 429 615 464 viri
635 433 671 464 et
687 429 770 464 talis
786 428 868 462 viri.
889 428 1002 472 Saepe
1033 439 1101 471 ego
1124 427 1260 462 veritus
1285 428 1322 462 in
1347 441 1389 464 eo
1417 429 1718 465 inconsideratam
1746 434 1782 465 et

147 486 380 522 temerariam
395 487 474 529 ejus
492 484 753 529 loquutionem‚
772 495 863 527 quae
879 484 963 518 licet
979 483 1212 517 scholasticae
1228 484 1438 519 subtilitatis
1460 490 1496 520 et
1518 486 1677 521 fortassis
1693 498 1780 521 non·

147 553 333 586 nunquam
349 541 488 585 aliquid
501 541 703 575 catholicae
715 540 878 575 veritatis
890 539 1050 581 haberet,
1065 542 1240 574 catanien
1256 540 1294 574 in
1307 541 1437 585 vulgus
1453 541 1638 576 indoctum
1655 545 1690 576 et
1706 553 1778 576 non

146 608 316 641 capacem
333 597 474 641 plebem
492 595 647 639 proferri
665 607 747 629 cum
767 595 872 639 gravi
888 595 1106 638 simplicium
1124 595 1292 629 scandalo
1309 607 1453 639 prorsus
1469 596 1644 631 odiosum.

189 652 340 696 Accipio
357 656 545 695 praeterea
565 661 609 685 ex
626 650 760 685 eisdem
779 649 1042 693 inquisitorem,
1060 661 1143 683 mox
1158 656 1197 683 ut
1213 661 1356 684 causam
1373 651 1459 685 dicti
1477 651 1545 685 viri
1570 651 1777 693 abs-eluerit,

145 708 192 743 ad
207 719 264 742 me
282 718 395 750 usque
407 708 661 741 descensurum
678 706 723 740 ad
742 705 1010 749 inquirendum.
1026 705 1067 740 In
1084 716 1155 748 qua
1171 716 1221 746 re,
1237 706 1378 741 tametsi
1392 718 1519 742 causae
1533 707 1624 742 nihil
1637 719 1775 750 verear,

145 764 432 808 inquietudinem
463 767 585 797 tamen
597 790 606 804 ,
639 761 891 806 suspicionem,
924 762 1114 805 impensas,
1150 762 1290 797 labores
1324 764 1500 799 sustinere
1530 763 1709 806 oportebit
1743 767 1778 797 et

146 818 378 860 calumniam,
409 817 620 861 praesertim
650 818 790 852 abbatis
812 818 856 852 de
880 817 1002 852 Veteri
1026 818 1161 859 Monte,
1186 818 1374 853 doctorum
1399 819 1656 854 nonnullorum
1675 820 1775 854 Colo-

147 870 342 912 niensium,
362 882 530 914 quorum,
550 876 697 916 experto
715 873 854 915 loquor,
871 884 913 906 ex
927 872 998 907 tuis
1015 872 1154 906 casibus
1171 873 1276 906 facile
1293 873 1427 915 odium,
1447 873 1534 917 quin
1552 877 1587 907 ct
1602 873 1774 908 invidiam

147 927 338 971 conjectas,
369 925 509 961 Horum
533 926 655 970 itaque
679 927 897 968 vexationes,
916 927 945 961 si
969 927 1112 969 quando
1137 927 1325 968 intentent,
1351 929 1446 971 quod
1470 928 1620 962 sicciore
1635 930 1726 964 vado
1743 934 1778 964 ct

144 981 307 1015 faciliore
324 981 411 1024 pede
429 981 583 1016 transire
599 982 716 1023 detur,
732 989 834 1016 tuum
848 982 886 1016 in
899 982 1137 1025 exspectando
1149 986 1183 1016 et
1196 982 1381 1017 subeundo
1394 983 1583 1017 consilium
1598 991 1774 1028 exspecto.

145 1036 192 1071 Et
207 1040 327 1071 tamen
344 1039 384 1071 ut
399 1048 506 1080 quam
524 1036 712 1071 celerrime
728 1041 808 1071 tuos
831 1037 868 1070 in
896 1037 1006 1070 simili
1031 1037 1176 1080 negotio
1199 1040 1346 1072 eventus
1369 1047 1405 1072 et
1428 1038 1578 1073 consilia
1601 1040 1777 1074 rescribas

145 1095 323 1136 exspecto,
342 1104 387 1127 ne
403 1093 577 1128 inermem
595 1096 630 1127 et
646 1093 843 1127 forensium
868 1092 1106 1127 conciliorum
1129 1093 1283 1126 inscium
1301 1093 1440 1128 subitus
1455 1105 1558 1128 casus
1574 1096 1764 1131 conturbet

145 1148 235 1191 Age,
254 1147 350 1181 celer
366 1147 553 1188 rescribas,
575 1150 616 1181 ut
631 1147 774 1182 abunde
790 1146 931 1181 reficias
946 1146 1138 1188 sitientem,
1157 1158 1227 1181 non
1245 1147 1364 1181 minus
1381 1151 1525 1183 tuorum
1543 1149 1776 1184 consiliorum

147 1202 340 1246 prudentia
373 1213 481 1246 quam
509 1214 639 1237 causae
662 1213 763 1237 meae
782 1202 933 1246 justicia
956 1203 1205 1236 confidentem.
1232 1203 1405 1246 Nihilque
1433 1215 1498 1247 pro
1526 1204 1595 1238 fide
1622 1203 1778 1246 puritate

144 1257 371 1292 subeundum
402 1269 541 1299 vereor,
571 1261 709 1293 tantum
745 1257 838 1292 absit
869 1258 1063 1292 calumnia.
1095 1257 1193 1292 Haec
1223 1262 1264 1293 ut
1294 1258 1447 1294 fidenter
1476 1259 1542 1294 tibi
1570 1259 1699 1301 detexi,
1725 1259 1777 1294 ita

142 1312 292 1348 caeteris
308 1312 433 1354 celato,
452 1323 595 1356 quaeso.

188 1368 242 1403 Ex
258 1367 411 1410 Swollis‚
428 1370 526 1403 sexto
542 1367 690 1412 Aprilis.

492 1442 634 1478 wessel
651 1442 831 1483 Gansfort,
853 1443 983 1486 Opera,
1002 1443 1068 1477 blz.
1088 1445 1152 1477 920
1176 1454 1220 1478 en
1236 1445 1311 1479 921.
1329 1463 1373 1468 —
1397 1443 1459 1479 Uit
1483 1456 1593 1480 eenen
1617 1446 1775 1481 anderen

537 1498 634 1532 brief
655 1498 769 1540 (ibid.‚
804 1498 870 1532 blz.
900 1500 976 1540 864)
1007 1498 1140 1541 schijnt
1169 1502 1204 1533 te
1232 1499 1380 1541 blijken,
1409 1500 1470 1535 dat
1499 1502 1667 1536 Gansfort
1688 1503 1778 1537 door

538 1553 650 1588 Jacob
692 1553 829 1594 Hoeek,
858 1553 976 1588 deken
1003 1565 1072 1587 van
1103 1555 1321 1597 NaaldwiJk,
1355 1555 1402 1597 bij
1438 1556 1482 1589 de
1515 1557 1777 1600 gedgelcerden

539 1608 788 1652 (inquisiteurs
800 1608 823 1650 ἰ)
840 1620 909 1642 van
927 1609 1067 1643 Keulen
1082 1621 1156 1643 was
1168 1610 1419 1653 aangcklaagd
1435 1612 1640 1654 geworden.
1657 1632 1701 1637 -
1716 1613 1778 1649 Zie

539 1664 609 1698 ook
625 1663 727 1705 Mon,
745 1663 1114 1707 Kerkyeschiedcnis,
1133 1665 1211 1699 deel
1227 1664 1273 1706 II,
1292 1668 1327 1699 3e
1345 1665 1440 1707 stuk,
1460 1666 1525 1700 blz.
1547 1669 1621 1702 117.

894 1783 1018 1826 369.

203 1898 342 1950 1479,
356 1897 512 1953 Εῇεθί.
534 1897 594 1940 De
611 1901 736 1954 pater
746 1898 911 1956 jezuiet
927 1900 968 1943 J.
981 1900 1160 1943 Buzelin
1179 1899 1392 1945 vermeldt
1414 1901 1495 1945 den
1513 1901 1776 1958 predikheer

139 1967 222 2010 Jan
245 1967 297 2010 de
318 1969 492 2025 Angulo
515 1968 596 2027 (Du
617 1968 739 2028 Coin)
763 1970 912 2012 aldaar
931 1971 996 2013 als
1018 1971 1289 2027 inquisiteur.

184 2092 342 2128 Joannes
368 2094 412 2128 de
439 2094 597 2138 Angulo,
628 2107 797 2140 suprema
818 2095 1022 2140 theologiae
1049 2097 1174 2132 laurea
1202 2097 1376 2142 insignis3
1404 2098 1577 2133 habendis
1603 2099 1776 2134 aduersus

141 2147 343 2183 haereticos
361 2149 631 2192 quaestionibus
648 2152 869 2195 praefectum
893 2151 1002 2186 fuisse
1029 2153 1222 2196 comperio,
1241 2154 1327 2187 dum
1353 2154 1480 2188 flueret
1504 2153 1637 2188 Christi
1660 2165 1775 2187 annus

142 2215 252 2247 supra
267 2203 500 2239 millesimum
517 2209 553 2240 et
578 2207 972 2250 quadringentesimum
998 2219 1113 2241 nonus
1135 2211 1171 2242 et
1194 2208 1489 2252 septuagesimus.
1508 2210 1650 2244 Insulae
1673 2221 1776 2254 prae-

141 2258 265 2294 sertim
282 2264 524 2295 commoratus
539 2264 603 2295 est.

492 2333 525 2368 J.
545 2334 706 2374 Buzelin‚
729 2334 1041 2369 Gallo-Flandrz'a
1064 2345 1172 2369 sacra
1197 2341 1227 2369 ct
1248 2336 1423 2380 profana,
1443 2336 1507 2370 blz.
1527 2338 1569 2370 27
1592 2348 1637 2371 en
1660 2339 1713 2372 28.
1731 2356 1775 2362 —

534 2389 595 2424 Zie
611 2390 739 2424 verder
755 2401 818 2424 ons
835 2397 873 2423 nr
889 2392 964 2425 397.

895 2505 1017 2551 370.

210 2623 346 2675 1480,
386 2657 572 2668 ......
609 2625 687 2676 26,
713 2626 776 2669 29
799 2639 852 2668 en
870 2625 948 2678 31,
980 2626 1105 2669 Gent.
1134 2625 1373 2669 Uittreksel
1399 2624 1461 2668 uit
1484 2625 1560 2668 het
1580 2625 1772 2669 Gentsch

143 2692 478 2736 Memorieboek
516 2707 620 2737 over
655 2694 876 2751 Lodewijk
920 2695 1086 2737 vander
1124 2694 1303 2747 Linden,
1341 2694 1408 2736 die
1441 2707 1618 2749 wegens
1651 2695 1773 2750 gods-

142 2761 355 2819 lastering
377 2776 429 2819 op
453 2762 542 2805 drie
576 2762 1025 2820 achtereenvolgende
1051 2763 1191 2820 dagen
1224 2763 1541 2820 herhaaldelijk
1574 2769 1662 2806 met
1695 2776 1772 2806 een

142 2830 342 2886 gloeiend
366 2832 472 2889 ij2er
503 2830 858 2888 gebrandmerkt,
884 2847 967 2876 aan
992 2833 1044 2875 de
1065 2832 1179 2875 kaak
1202 2832 1370 2889 gesteld
1393 2846 1446 2875 en
1470 2832 1534 2876 uit
1555 2833 1774 2876 Vlaande-

143 2913 222 2942 ren
247 2899 473 2956 gebannen
498 2901 634 2953 werd,
661 2902 794 2947 nadat
815 2903 928 2960 zijne
950 2906 1058 2958 tong
1079 2901 1235 2958 gekort
1254 2915 1361 2946 was.

1600 2997 1642 3027 κει
