2097 3466
800 237 932 273 ANNO
958 239 1059 273 1394
1684 235 1747 270 255

111 334 212 369 tanto
226 331 399 368 libentius
416 331 551 367 fauoris
566 331 755 377 apostolici
772 332 994 376 praesidium
1019 328 1202 375 impertiri
1219 329 1392 365 debemus
1408 330 1544 372 quanto
1561 339 1605 363 ex
1621 339 1746 364 eorum

111 392 232 435 quiete
247 389 433 425 Altissimo
450 388 646 422 famulatus
663 387 831 422 deuotior
849 387 1051 422 exhibetur.

155 444 249 480 Sane
271 455 387 488 nuper
413 443 619 486 accepimus
646 442 740 486 quod
769 442 807 476 in
837 442 965 477 vestris
991 439 1204 476 ciuitatibus
1231 443 1266 474 et
1293 439 1494 474 diocesibus
1517 443 1625 482 atque
1650 438 1740 473 locis

111 500 263 535 existere
280 501 548 534 consueuerunt
575 502 609 533 et
636 497 744 532 hodie
769 496 929 531 existunt
953 495 1148 531 nonnullae
1171 506 1345 539 personae
1362 505 1537 538 pauperes
1555 495 1742 536 utriusque

110 567 216 590 sexus
233 554 391 595 diuisim‚
410 553 479 587 viri
507 553 646 587 scilicet
666 552 891 587 coniunctim
918 551 955 585 in
980 551 1054 585 suis
1077 555 1113 585 et
1139 549 1309 585 mulieres
1333 552 1442 584 etiam
1459 550 1681 584 coniunctim
1706 550 1745 584 in

111 610 277 645 domibus
291 608 365 644 suis
380 609 514 651 absque
530 612 657 642 mutua
683 608 844 651 ipsorum
858 605 1134 642 conuersatione
1151 609 1429 646 commorantes,
1447 616 1540 648 quae
1558 604 1747 639 humiliter

112 669 148 700 et
162 664 311 700 honeste
327 663 366 698 in
381 666 594 708 paupertate
619 668 654 698 et
671 662 896 698 continentia
913 662 978 697 sub
996 660 1216 696 humilitatis
1232 660 1363 704 spiritu
1379 660 1510 694 viuunt
1527 664 1563 695 et
1579 658 1749 694 ecclesias

111 719 240 754 deuote
256 720 497 762 frequentant,
518 717 705 752 Romanae
721 716 893 751 ecelesiae
910 726 1107 759 earumque
1123 714 1295 759 praelatis
1312 719 1347 750 et
1370 714 1506 749 curatis
1523 714 1560 748 in
1577 713 1746 748 omnibus

110 778 322 810 reuerenter
349 773 538 812 obediunt.
567 772 678 807 nullis
706 771 891 806 erroribus
918 783 955 806 se
987 771 1184 806 inuoluunt
1211 781 1327 814 neque
1358 771 1451 804 ritus
1478 780 1594 813 neque
1623 769 1748 803 modos

111 830 320 874 reprobatos
351 840 372 863 a
403 829 483 863 iure
513 840 576 863 seu
608 828 714 862 aliter
745 826 893 862 illicitos
924 831 987 861 aut
1018 830 1265 870 repugnantes
1295 825 1516 860 salutaribus
1547 825 1748 868 praeceptis

110 886 314 927 observant,
341 884 402 919 sed
434 895 610 928 pauperes
638 888 673 917 et
699 883 923 918 miserabiles
953 893 1122 926 personas
1150 885 1310 925 petentes
1336 880 1382 914 ad
1409 891 1535 915 eorum
1566 879 1748 922 recipiunt

111 939 270 984 hospitia
286 945 321 974 et
337 938 410 973 alia
426 942 595 974 exercent
615 942 724 982 prout
742 941 891 982 possunt
911 947 1021 980 opera
1036 936 1211 977 caritatis,
1230 935 1396 971 infirmos
1411 935 1551 970 scilicet
1568 934 1748 969 visitando

111 999 157 1038 et,
189 995 220 1030 si
251 1006 340 1039 opus
371 994 428 1035 sit,
458 994 496 1028 in
526 1005 650 1028 eorum
679 992 953 1028 infirmitatibus
985 1004 1044 1027 eos
1074 991 1226 1027 forsitan
1254 991 1419 1035 requisiti
1449 991 1683 1026 custodiendo
1711 993 1746 1025 et

110 1049 267 1085 fouendo
290 1060 332 1084 ac
348 1048 602 1084 decedentium
619 1058 772 1092 corpora
790 1047 950 1083 fidelium
976 1048 1014 1082 in
1041 1047 1130 1082 locis
1146 1046 1209 1081 ubi
1226 1046 1366 1091 degunt
1383 1046 1503 1091 rogati
1527 1046 1571 1080 ad
1588 1045 1744 1089 sepultu-

111 1117 190 1140 ram
220 1104 502 1140 ecclesiasticam
533 1103 738 1138 deferendo.
774 1102 949 1144 Quamuis
987 1101 1087 1137 circa
1118 1101 1315 1146 praemissa
1347 1113 1409 1136 vos
1440 1106 1475 1136 et
1514 1101 1747 1144 inquisitores

110 1159 315 1195 haereticae
342 1159 536 1203 prauitatis
562 1170 627 1203 pro
657 1162 819 1202 tempore
846 1157 885 1193 in
913 1159 1042 1193 vestris
1069 1157 1282 1193 ciuitatibus
1311 1161 1346 1192 et
1372 1156 1577 1192 diocesibus
1603 1167 1745 1191 necnon

109 1215 192 1250 aliis
207 1214 371 1259 partibus
387 1215 575 1249 constituti
592 1215 754 1258 personis
769 1212 857 1257 ipsis
873 1213 1010 1248 auxilio
1026 1213 1066 1248 in
1083 1213 1290 1257 praemissis
1307 1224 1382 1248 esse
1399 1211 1589 1254 deberetis,
1605 1222 1747 1246 verum-

110 1273 233 1305 tamen
247 1270 346 1314 ipsae
362 1280 538 1313 personae
553 1280 618 1312 per
633 1280 696 1303 vos
719 1279 761 1303 ae
786 1268 974 1312 plerosque
1003 1279 1046 1303 ex
1073 1267 1351 1312 inquisitoribus
1379 1267 1467 1312 ipsis
1490 1278 1532 1302 ao
1557 1266 1666 1302 etiam
1683 1277 1747 1310 per

110 1325 282 1364 officiales
308 1329 343 1361 et
371 1324 526 1360 vicarios
554 1327 694 1360 vestros
724 1323 763 1358 in
793 1322 1046 1368 spiritualibus
1077 1323 1266 1368 generales
1295 1335 1437 1359 necnon
1464 1323 1555 1359 alios
1582 1324 1745 1359 locorum

109 1379 314 1416 ordinarios
329 1379 428 1415 eirca
452 1380 648 1423 praemissa
664 1378 726 1423 pia
741 1389 850 1422 opera
874 1381 909 1414 et
930 1378 1079 1413 modum
1095 1378 1245 1414 viuendi
1261 1378 1476 1422 simpliciter
1492 1379 1614 1414 minus
1629 1378 1749 1413 debite

109 1434 334 1479 frequentius
349 1434 574 1469 tribulantur
590 1437 625 1469 et
642 1433 776 1468 eisdem
793 1433 890 1468 circa
906 1433 1105 1478 praemissa
1120 1433 1266 1468 diuersa
1282 1433 1501 1478 grauamina
1513 1433 1742 1476 infernmum

112 1501 177 1527 nos
192 1489 319 1535 igitur,
337 1490 400 1534 qui
425 1489 579 1525 salutem
595 1489 801 1524 animarum
823 1489 980 1524 zelamus
1001 1489 1244 1533 singulorum,
1263 1489 1489 1524 attendentes
1504 1489 1601 1532 quod
1625 1492 1749 1524 nostra

111 1545 264 1581 interest
278 1545 345 1580 sub
361 1545 568 1589 praemissis
586 1545 694 1580 etiam
717 1545 827 1580 statui
852 1544 1050 1580 earundem
1067 1556 1303 1588 personarum
1319 1545 1514 1580 salubriter
1538 1544 1744 1589 prouidere,

109 1601 333 1636 fraternitati
350 1604 501 1642 vestrae,
520 1601 564 1634 de
579 1611 650 1644 qua
673 1599 713 1635 in
735 1599 793 1634 his
809 1602 844 1634 et
867 1599 906 1634 in
930 1599 1012 1634 aliis
1028 1599 1220 1643 specialem
1237 1599 1275 1634 in
1292 1599 1446 1634 Domino
1464 1599 1636 1634 fiduciam
1654 1599 1743 1643 opti-

110 1668 248 1699 nemus,
266 1667 331 1701 per
357 1656 554 1700 apostolica
580 1656 716 1700 scripta
740 1655 970 1691 coniunctius
992 1655 1206 1690 mandamus
1233 1658 1411 1700 quatenus
1433 1667 1496 1690 vos
1523 1661 1558 1690 et
1583 1660 1744 1689 vestrum

108 1711 246 1756 singuli
272 1711 311 1746 in
334 1711 462 1747 vestris
478 1711 690 1746 ciuitatibus
707 1716 814 1755 atque
837 1711 926 1746 locis
950 1712 994 1746 de
1018 1710 1226 1746 huiusmodi
1251 1711 1414 1755 personis
1430 1711 1620 1754 utriusque
1636 1721 1741 1744 sexus

109 1765 243 1802 ibidem
271 1777 337 1811 pro
364 1771 526 1810 tempore
543 1767 858 1815 'commorantibus
883 1771 918 1802 et
943 1767 986 1801 de
1008 1766 1084 1801 vita
1110 1767 1144 1800 et
1173 1766 1450 1801 conuersatione
1475 1769 1509 1801 et
1533 1776 1580 1800 an
1604 1765 1745 1808 aliquos

110 1833 251 1857 errores
265 1832 329 1865 per
345 1821 460 1856 felicis
476 1822 738 1857 recordationis
754 1822 948 1858 Clementis
964 1821 997 1856 V
1014 1822 1326 1865 praedecessorem
1343 1826 1506 1856 nostrum
1530 1821 1569 1856 in
1586 1820 1744 1856 concilio

109 1876 308 1912 Viennensi
332 1876 372 1911 in
395 1877 556 1921 capitulo
571 1877 667 1920 quod
692 1877 822 1922 incipit
845 1877 905 1912 Ad
931 1881 1099 1911 nostram
1116 1878 1404 1914 cet..damnatos
1421 1880 1484 1912 aut
1505 1876 1596 1910 alios
1618 1875 1657 1910 in
1675 1874 1746 1910 fide

110 1931 292 1967 catholica
323 1935 469 1967 teneant
500 1936 563 1967 aut
590 1936 724 1968 sectam
755 1945 818 1968 seu
850 1933 962 1968 ritum
992 1932 1150 1968 habeant
1180 1937 1307 1968 contra
1339 1931 1637 1968 constitutionem
1665 1931 1748 1975 piae

109 1987 307 2023 memoriae
332 1986 509 2022 Johannis
535 1987 699 2023 vicesimi
727 1988 876 2023 secundi
907 1988 1016 2024 etiam
1043 1988 1329 2034 praedecessoris
1349 1988 1476 2030 nostri,
1501 1998 1593 2031 quae
1617 1986 1748 2030 incipit

108 2043 243 2078 Sancta
259 2043 432 2078 Romana
448 2047 520 2078 cet.
542 2047 606 2077 aut
629 2044 735 2079 aliter
758 2044 797 2078 in
819 2044 1001 2088 aliquibus
1017 2044 1160 2079 casibus
1187 2045 1364 2080 excedant
1387 2055 1450 2079 seu
1475 2043 1649 2078 excedere
1665 2053 1748 2077 con-

109 2101 324 2139 sueuerunt,
358 2097 524 2142 quotiens
553 2110 643 2143 opus
673 2099 754 2139 erit,
788 2099 985 2144 diligenter
1016 2100 1211 2143 inquiratis
1242 2110 1374 2143 vosque
1406 2099 1450 2134 de
1479 2098 1548 2133 hoc
1582 2098 1747 2142 plenarie

110 2153 312 2188 informetis
328 2157 363 2188 et
385 2164 474 2196 quos
491 2165 555 2197 pro
581 2158 741 2197 tempore
758 2154 956 2198 culpabiles
974 2156 1194 2200 repereritis,
1213 2155 1408 2199 corrigatis
1432 2154 1534 2188 iuxta
1551 2153 1746 2188 canonicas

109 2207 337 2252 sanctiones3
367 2208 449 2243 illos
475 2212 596 2243 autem
624 2220 713 2252 quos
743 2208 954 2245 innocentes
980 2210 1198 2245 inueneritis
1225 2211 1322 2246 infra
1351 2212 1489 2245 vestras
1513 2208 1682 2244 ciuitates
1709 2211 1744 2243 et

110 2262 268 2297 dioceses
294 2268 402 2306 atque
425 2263 517 2305 loca,
535 2264 710 2306 quamdiu
738 2265 837 2299 sedes
864 2265 1062 2308 apostolica
1088 2266 1133 2300 de
1160 2265 1247 2310 ipsis
1274 2266 1382 2300 aliter
1414 2277 1487 2300 non
1513 2264 1742 2309 disposuerit,

110 2316 204 2352 citra
218 2320 341 2353 tamen
363 2319 516 2353 sormam
544 2323 578 2354 et
603 2318 715 2354 ritum
732 2319 922 2364 religionis
949 2324 1010 2355 aut
1035 2320 1149 2355 alium
1173 2321 1322 2355 modum
1339 2320 1487 2356 viuendi
1511 2320 1743 2364 reprobatum

109 2372 235 2414 libere,
254 2377 292 2407 ut
309 2374 526 2417 praefertur,
544 2374 756 2409 conuersari
780 2380 815 2410 et
837 2376 1055 2411 commorari
1071 2387 1114 2411 ac
1132 2376 1208 2412 Deo
1230 2376 1465 2411 laudabiliter
1483 2374 1522 2409 in
1538 2373 1746 2418 praemissis

111 2429 250 2463 seruire
266 2429 485 2472 permittatis
502 2430 624 2473 eisque
650 2431 687 2465 in
712 2431 874 2475 personis
893 2444 954 2467 seu
971 2433 1078 2467 rebus
1103 2433 1266 2476 ipsorum
1284 2433 1350 2467 sub
1368 2432 1606 2476 permissione
1622 2430 1745 2465 huius-

110 2485 211 2519 modi
227 2485 408 2520 mansuris
424 2486 606 2520 molestias
623 2487 679 2520 vel
703 2486 858 2521 iniurias
882 2488 1009 2522 inferri
1026 2487 1146 2532 potius
1171 2492 1324 2532 paterno
1342 2487 1428 2532 ipsis
1445 2487 1751 2531 compatientibus

112 2539 243 2574 affectu
260 2540 468 2583 aliqualiter
484 2552 555 2575 non
572 2540 710 2582 sinatis,
729 2541 816 2576 dum
844 2546 966 2577 tamen
996 2543 1128 2578 exinde
1143 2543 1290 2587 aliquod
1317 2542 1506 2577 sinistrum
1524 2541 1580 2576 vel
1603 2540 1750 2575 scanda-

111 2594 188 2629 lum
205 2606 267 2629 seu
284 2595 562 2637 incontinentia,
579 2607 688 2640 super
703 2597 834 2639 quibus
846 2602 983 2633 vestras
997 2603 1030 2633 et
1046 2603 1248 2633 vestrorum
1265 2598 1495 2642 singulorum
1512 2596 1751 2631 conscientias

113 2659 316 2688 oneramus.
334 2650 485 2686 minime
508 2656 730 2696 generentur
752 2652 792 2687 in
817 2653 1036 2697 praemissis,
1054 2665 1097 2689 ac
1120 2654 1230 2689 etiam
1259 2653 1342 2689 aliis
1369 2653 1576 2697 apostolicis
1599 2663 1642 2686 ac
1667 2662 1749 2695 pro·

112 2704 334 2740 uincialibus
348 2717 487 2741 necnon
504 2707 737 2750 synodalibus
753 2707 1076 2743 constitutionibus
1091 2713 1126 2745 et
1146 2709 1291 2744 statutis
1307 2708 1502 2744 contrariis
1523 2717 1596 2742 non
1610 2706 1750 2741 obstan-

113 2760 211 2795 tibus
237 2760 526 2805 quibuscunque.
567 2762 852 2798 contradictores
880 2775 943 2807 per
971 2775 1163 2799 censuram
1195 2763 1478 2799 ecclesiasticam
1507 2760 1751 2806 appellatione

114 2815 313 2860 postposita
336 2817 607 2860 compescendO,
637 2828 709 2852 non
735 2818 910 2861 obstante,
937 2819 967 2853 si
997 2819 1182 2863 aliquibus
1211 2818 1455 2854 communiter
1479 2817 1536 2852 vel
1557 2815 1706 2852 diuisim
1730 2828 1752 2851 a

58 2902 63 2908 ,
115 2869 213 2905 dicta
229 2870 275 2906 sit
292 2870 374 2906 sede
399 2871 594 2914 indultum,
611 2873 707 2915 quod
723 2872 906 2917 interdici,
923 2874 1093 2918 suspendi
1114 2875 1172 2910 vel
1196 2872 1505 2910 excommunicari
1523 2883 1597 2907 non
1612 2871 1750 2916 possint

116 2935 180 2971 per
196 2925 319 2962 literas
334 2927 549 2972 apostolicas
567 2939 638 2963 non
663 2927 836 2965 facientes
851 2930 996 2974 plenam
1012 2934 1047 2966 et
1068 2941 1272 2976 expressam
1288 2941 1330 2966 ac
1346 2931 1390 2965 de
1406 2929 1516 2967 verbo
1532 2927 1577 2963 ad
1593 2927 1744 2963 verbum
