2097 3466
300 249 362 281 230
1006 243 1138 278 ANNO
1164 245 1263 278 1374

297 351 410 386 papae
426 339 525 375 bulla
541 339 709 383 plumbea
730 339 769 375 in
783 338 931 374 cordula
955 338 1102 383 canapis
1118 349 1285 383 appensa,
1304 349 1403 374 more
1420 338 1606 375 Romanae
1624 338 1747 376 curiae
1762 338 1920 383 bullatiS,

297 396 403 436 sanis,
423 394 573 439 integris
596 397 631 430 et
654 394 752 430 omni
780 406 926 440 prorsus
947 392 1036 430 vitio
1052 397 1088 430 et
1103 393 1305 438 suspicione
1329 393 1547 436 carentibus,
1575 406 1638 439 per
1661 406 1724 431 nos
1753 395 1919 438 inventis,

298 450 653 496 praenominatorum
665 461 865 495 pauperum
882 449 1114 494 petitionibus
1127 449 1363 485 rationalibus
1376 452 1587 491 annuentes,
1607 451 1784 494 praefatas
1799 451 1922 486 literas

297 518 362 551 per
378 505 587 546 Rudolfum,
605 505 722 540 dictae
739 505 862 540 curiae
879 505 1032 540 scribam
1043 506 1209 549 juratum
1241 507 1277 540 et
1299 504 1480 548 imperiali
1504 505 1719 541 auctoritate
1741 506 1923 541 notarium

299 560 485 605 publicum
509 559 762 604 subscriptum,
796 559 950 594 fideliter
979 558 1188 594 transscribi
1227 562 1263 594 et
1300 558 1412 604 sigilli
1454 559 1571 595 dictae
1613 560 1736 595 curiae
1773 559 1923 595 fecimus

298 615 515 660 appensione
531 615 694 650 roborari
710 628 719 658 ;
737 615 896 650 volentes
912 618 945 650 et
962 614 1209 658 praesentibus
1224 615 1466 656 decernentes,
1485 615 1580 658 quod
1597 614 1664 659 ipsi
1681 617 1922 659 transsumpto

300 671 338 705 in
355 670 522 705 omnibus
539 673 574 705 et
589 681 653 714 per
668 669 801 711 omnia,
821 673 892 704 tam
910 669 948 704 in
965 669 1106 714 judicio
1138 681 1245 713 quam
1261 671 1374 711 extra,
1394 669 1487 706 sicut
1502 672 1537 705 et
1553 669 1792 715 originalibus
1807 670 1923 706 literis

301 724 493 770 praedictis
517 724 604 759 fides
634 723 679 759 sit
703 725 863 768 plenaria
880 724 1083 759 adhibenda
1113 724 1302 768 ipsumque
1324 726 1606 768 transsumptum
1623 725 1729 760 fidem
1753 724 1863 761 faciat
1883 724 1924 761 in

300 779 472 824 agendis3
502 790 610 823 super
633 779 763 823 quibus
786 779 952 814 omnibus
975 782 1134 814 nostram
1161 778 1412 814 auctoritatem
1439 779 1702 824 interponimus
1726 779 1863 824 pariter
1888 782 1924 816 et

298 834 494 868 decretum.
511 833 602 867 Acta
618 836 702 868 sunt
724 833 813 868 haec
829 833 867 867 in
884 832 1029 867 civitate
1045 832 1258 876 Argentina,
1277 831 1315 866 in
1331 831 1433 866 curia
1449 832 1682 867 habitationis
1698 835 1840 868 nostrae
1855 832 1925 868 sita

299 887 395 932 apud
421 887 609 922 ecclesiam
637 887 865 932 collegiatam
891 887 926 921 S.
953 886 1065 928 Petri,
1095 898 1190 921 anno
1214 887 1317 921 Dom.
1343 887 1661 927 MCCCLXXIIII,
1695 886 1821 923 indict.
1838 887 1922 929 XII,

301 942 530 986 pontificatus
546 942 639 976 dom.
660 941 827 986 Gregorii
851 953 963 986 papae
985 942 1039 977 XI
1063 941 1259 985 supradicti
1283 952 1378 976 anno
1403 944 1543 985 quarto,
1561 941 1620 977 die
1637 941 1784 978 Saturni
1800 943 1923 987 penul-

301 997 391 1032 tima
413 996 545 1031 mensis
569 996 787 1037 Decembris,
806 996 896 1031 hora
919 1006 1152 1040 vesperarum
1175 996 1231 1030 vel
1255 995 1369 1039 quasi,
1387 995 1633 1040 praesentibus
1656 996 1818 1032 discretis
1837 997 1925 1034 viris

297 1051 443 1086 domino
467 1051 631 1085 Johanne
654 1051 750 1086 dicto
774 1051 934 1092 Kochen,
953 1050 1127 1085 canonico
1143 1050 1373 1095 Augustensi,
1392 1053 1428 1085 et
1450 1050 1601 1086 Nicolao
1617 1052 1661 1087 de
1687 1053 1922 1097 Oppenheim,

297 1105 443 1140 vicariis
471 1105 572 1140 chori
601 1104 772 1141 ecclesiae
795 1105 1082 1150 Argentinensis,
1099 1105 1249 1141 testibus
1273 1105 1319 1140 ad
1345 1105 1541 1150 praemissa
1569 1106 1706 1143 vocatis
1732 1107 1869 1152 pariter
1890 1109 1926 1144 et

296 1160 444 1207 rogatis.

344 1209 540 1260 Gregorius
555 1215 754 1260 episcopm,
772 1228 896 1251 servus
919 1228 1105 1252 servorum
1123 1216 1201 1258 Dei,
1219 1216 1487 1252 venerabilibus
1510 1216 1683 1252 fratribus
1707 1215 1923 1258 Coloniensi,

300 1271 507 1306 Trevirensi
549 1275 584 1307 et
628 1272 900 1316 Moguntinensi
941 1272 1220 1317 archiepiscopis
1257 1284 1454 1317 eorumque
1500 1272 1737 1317 suffraganeis
1773 1272 1926 1317 aliisque

299 1326 579 1371 archiepiscopis
594 1329 629 1362 et
651 1327 827 1371 episcopis
844 1327 1021 1362 universis
1044 1339 1107 1372 per
1123 1327 1389 1369 Alamanniam,
1408 1327 1643 1363 Brabantiam
1659 1330 1695 1363 et
1715 1327 1925 1363 Flandriam

299 1381 496 1423 constituti,
515 1382 562 1417 ad
585 1394 673 1426 quos
696 1385 898 1426 praesentes
921 1383 1047 1418 literae
1070 1382 1311 1427 pervenerint,
1330 1383 1482 1418 salutem
1505 1385 1541 1418 et
1564 1382 1797 1427 apostolicam
1819 1383 1924 1418 bene·

297 1436 504 1472 dictionem.

341 1491 396 1526 Ex
413 1491 577 1537 injuncto
593 1492 695 1527 nobis
711 1504 754 1528 ex
771 1494 844 1528 alto
860 1492 1031 1538 pastorali
1047 1492 1166 1528 officio
1178 1492 1350 1537 angimur
1365 1495 1399 1528 et
1415 1496 1581 1528 tenemur
1596 1492 1802 1528 animarum
1817 1493 1925 1529 saluti

299 1546 504 1592 prospicere
527 1547 626 1582 circa
648 1548 881 1592 corrigendos
898 1560 1207 1592 quorumcunque,
1226 1547 1382 1582 maxime
1399 1547 1681 1584 exorbitantium
1704 1560 1726 1583 a
1749 1549 1830 1590 fide,
1849 1547 1926 1584 sine

301 1614 372 1647 qua
388 1613 492 1636 nemo
517 1602 660 1645 proficit
686 1602 731 1637 ad
751 1603 914 1644 salutem,
932 1614 1106 1642 excessus,
1126 1605 1161 1638 et
1176 1603 1223 1637 ad
1239 1614 1291 1644 ea,
1310 1614 1402 1646 quae
1425 1602 1725 1646 tranquillitatem
1741 1606 1778 1639 et
1800 1614 1926 1647 pacem

298 1669 340 1692 ac
357 1659 490 1692 statum
510 1668 720 1701 prosperum
745 1661 779 1693 et
807 1659 881 1693 Deo
905 1661 1050 1702 gratum
1075 1658 1209 1693 Christi
1236 1657 1397 1692 fidelium
1415 1658 1488 1693 Deo
1511 1659 1723 1693 devotorum
1746 1657 1926 1702 respicere

297 1712 547 1754 dinoscuntur,
576 1715 677 1748 tanto
707 1713 877 1748 libentius
900 1713 1033 1748 favoris
1064 1712 1252 1757 apostolici
1283 1712 1502 1756 praesidium
1528 1712 1709 1757 impertiri
1741 1713 1922 1754 debemus,

297 1769 431 1811 quanto
458 1778 502 1801 ex
532 1779 657 1802 eorum
689 1767 807 1812 quiete
831 1768 1014 1803 Altissimo
1045 1768 1240 1802 famulatus
1268 1767 1430 1802 devotius
1455 1767 1657 1803 exhibetur.
1688 1768 1783 1803 Sane
1811 1778 1927 1812 nuper

301 1820 516 1865 accepimus,
543 1823 639 1866 quod
665 1823 704 1857 in
731 1823 858 1858 vestris
886 1823 1092 1858 civitatibus
1119 1826 1154 1858 et
1181 1822 1402 1858 dioecesibus
1425 1825 1508 1858 sunt
1531 1823 1728 1858 nonnullae
1754 1834 1927 1868 personae

301 1887 477 1920 pauperes
499 1877 688 1920 utriusque
711 1890 826 1920 sexus,
845 1889 937 1922 quae
963 1877 1151 1912 humiliter
1177 1880 1212 1912 et
1237 1877 1384 1912 honeste
1410 1877 1449 1911 in
1472 1880 1683 1922 paupertate
1706 1881 1742 1913 et
1764 1878 1928 1914 castitate

302 1932 441 1974 vivunt,
474 1933 642 1967 ecclesias
669 1934 794 1968 devote
821 1934 1060 1977 frequentant,
1087 1933 1273 1967 Romanae
1299 1932 1470 1967 ecclesiae
1494 1944 1678 1976 eorunque
1700 1932 1870 1977 praelatis
1893 1935 1928 1968 et

304 1987 439 2023 curatis
455 1991 662 2023 reverenter
683 1988 866 2030 obediunt,
885 1989 995 2023 nullis
1017 1988 1201 2023 erroribus
1217 1999 1253 2022 se
1276 1987 1502 2029 involvendo,
1521 1989 1582 2022 sed
1602 1988 1752 2024 intimae
1767 1987 1928 2023 caritatis

304 2055 427 2078 amore
450 2043 519 2078 sibi
542 2043 698 2078 invicem
719 2044 917 2085 serviendo,
937 2055 979 2078 ac
1002 2043 1244 2078 desiderantes
1260 2042 1566 2087 quamplurimum
1583 2045 1619 2078 et
1640 2043 1750 2078 simul
1771 2053 1814 2077 ac
1835 2041 1926 2076 invi-

305 2109 383 2133 cem
399 2097 438 2132 in
453 2098 670 2134 humilitatis
686 2099 815 2142 spiritu
833 2099 1017 2134 Altissimo
1034 2099 1215 2134 famulari.
1236 2099 1356 2140 Quare
1372 2110 1436 2142 pro
1453 2101 1554 2142 parte
1569 2097 1776 2143 hujusmodi
1796 2108 1927 2142 paupe-

303 2164 386 2188 rum
424 2153 692 2197 praedictarum
730 2157 931 2189 vestrarum
969 2154 1156 2189 civitatum
1187 2157 1222 2189 et
1259 2153 1477 2189 dioecesium
1508 2153 1610 2188 nobis
1641 2153 1712 2188 fuit
1741 2152 1928 2188 humiliter

306 2207 559 2252 supplicatum,
578 2211 618 2244 ut
634 2208 721 2252 ipsis
737 2209 924 2244 serviendo
940 2209 979 2244 in
995 2211 1205 2253 paupertate
1222 2212 1256 2244 et
1272 2208 1435 2244 castitate
1450 2219 1492 2243 ac
1508 2208 1589 2243 aliis
1605 2207 1800 2243 virtutibus
1815 2207 1928 2242 libere

305 2263 511 2298 conversari
541 2275 584 2298 ac
615 2264 690 2298 Deo
727 2264 960 2299 laudabiliter
1003 2263 1183 2299 deservire
1214 2264 1368 2305 valeant,
1402 2263 1598 2298 concedere
1628 2263 1672 2297 de
1705 2261 1929 2307 benignitate

307 2317 503 2362 apostolica
525 2318 780 2363 dignaremur3
800 2319 885 2363 quia
912 2319 1026 2364 igitur
1053 2320 1096 2354 de
1118 2319 1192 2354 vita
1218 2322 1254 2354 et
1283 2318 1553 2354 conversatione
1575 2330 1618 2353 ac
1644 2320 1739 2353 statu
1768 2317 1929 2362 ipsorum

306 2384 506 2417 pauperum
535 2376 670 2408 certam
694 2368 859 2409 notitiam
884 2385 956 2408 non
979 2374 1163 2415 habemus,
1182 2373 1401 2409 fraternitati
1424 2375 1574 2414 vestrae,
1592 2373 1636 2407 de
1659 2383 1730 2416 qua
1753 2371 1792 2406 in
1813 2371 1871 2406 his
1893 2373 1929 2406 et

307 2427 389 2461 aliis
405 2426 596 2470 specialem
613 2427 651 2462 in
664 2428 817 2463 Domino
830 2428 1000 2462 fiduciam
1013 2427 1226 2469 obtinemus,
1241 2439 1306 2471 per
1317 2427 1512 2471 apostolica
1528 2426 1660 2470 scripta
1672 2425 1928 2461 committimus

307 2484 343 2516 et
365 2481 589 2523 mandamUS,
608 2485 783 2526 quatenus
799 2485 957 2517 vestrum
980 2482 1115 2527 singuli
1141 2482 1181 2516 in
1204 2482 1330 2517 vestris
1353 2481 1560 2517 civitatibus
1583 2484 1618 2516 et
1641 2481 1862 2516 dioecesibus
1884 2481 1929 2516 de

306 2536 514 2581 hujusmodi
545 2537 763 2580 pauperibus
793 2537 982 2580 utriusque
1009 2548 1113 2572 sexus
1142 2536 1277 2571 ibidem
1307 2535 1611 2571 commorantibus
1637 2538 1672 2570 et
1698 2536 1742 2570 de
1768 2536 1928 2579 ipsorum

307 2592 382 2627 vita
404 2594 440 2626 et
463 2592 733 2628 conversatione
759 2595 795 2628 et
818 2596 911 2628 statu
949 2596 984 2628 et
1011 2604 1058 2627 an
1085 2592 1224 2636 aliquos
1250 2603 1390 2627 errores
1412 2591 1451 2625 in
1474 2591 1544 2626 fide
1570 2590 1748 2625 catholica
1770 2593 1926 2632 teneant,

307 2646 501 2690 diligenter
527 2646 719 2690 inquiratis
742 2659 876 2691 nosque
903 2648 1064 2692 plenarie
1091 2647 1292 2682 informetis
1314 2650 1350 2682 et
1377 2658 1464 2690 quos
1489 2645 1684 2689 culpabiles
1708 2645 1926 2689 repereritis,

308 2701 499 2746 corrigatis
523 2706 558 2737 et
586 2702 745 2747 puniatis
762 2704 870 2748 juxta
892 2702 1084 2737 canonicas
1111 2701 1323 2742 sanctiones,
1354 2701 1435 2736 illos
1457 2703 1590 2740 autem,
1610 2711 1698 2743 quos
1721 2699 1950 2735 innocentes

308 2756 525 2801 repereritis,
555 2757 704 2792 foveatis
733 2769 776 2792 ac
818 2760 858 2792 ut
889 2757 963 2792 Deo
994 2756 1149 2792 invicem
1179 2756 1366 2792 serviendo
1397 2756 1435 2790 in
1465 2757 1676 2800 paupertate
1704 2756 1738 2790 et
1765 2754 1929 2790 castitate

310 2811 507 2855 ceterisque
522 2811 718 2847 virtutibus
739 2812 852 2846 libere
876 2811 1081 2846 conversari
1104 2822 1147 2846 ac
1164 2811 1306 2846 Christo
1332 2810 1564 2845 laudabiliter
1578 2808 1758 2845 deservire
1771 2809 1926 2850 valeant,

312 2864 506 2900 autoritate
529 2865 725 2909 apostolica
747 2865 931 2900 licentiam
959 2864 1186 2907 concedatis;
1215 2864 1496 2899 contradictores
1518 2875 1582 2908 per
1607 2875 1795 2899 censuram
1821 2863 1930 2898 eccle-

314 2920 507 2962 siasticam,
541 2920 780 2966 appellatione
816 2919 1022 2966 postposita,
1056 2919 1323 2965 compescendo,
1364 2931 1435 2955 non
1476 2919 1648 2961 obstante,
1680 2919 1709 2953 si
1749 2918 1930 2962 aliquibus
