2097 3466
789 240 922 275 ANNO
949 242 1048 275 1421
1661 240 1723 273 301

90 333 306 378 turpissimis
328 333 556 379 dogmatibus
573 333 727 369 intentes
744 334 999 378 opprimerent.
1018 334 1115 378 Ergo
1131 333 1216 368 dum
1231 332 1323 367 nihil
1341 332 1478 368 sinistri
1495 332 1726 377 suspicantur

90 395 236 440 jamque
262 389 411 425 Joannis
439 393 474 424 et
500 391 585 433 soeij
615 389 753 424 animos
782 401 843 433 spe
871 389 1056 430 devorant,
1083 388 1178 423 inter
1201 388 1405 432 pestilentes
1432 387 1597 432 magistri
1621 399 1725 422 voces

89 444 325 490 strepentium
349 443 508 489 undique
533 456 719 480 armorum
743 445 863 479 souitu
888 448 924 479 ot
940 443 1136 479 satellitum
1155 444 1374 478 clamoribus
1398 444 1665 487 percelluntur3
1691 446 1725 477 et

91 499 176 544 quia
193 500 332 535 nullum
350 499 466 544 patuit
482 500 670 545 effugium,
687 500 782 543 capti
800 511 923 534 omncs
940 500 1051 534 fuero.
1074 498 1142 533 Ubi
1169 502 1288 533 tamen
1305 499 1347 532 dc
1365 498 1536 543 conjectis
1554 498 1589 532 in
1607 508 1725 532 carce-

91 567 168 592 rem
183 556 404 591 deliberatur
417 555 534 590 sintne
549 555 671 599 poenis
688 567 811 589 omncs
829 555 975 599 paribus
991 554 1324 596 afficiendi,adsunt
1341 555 1385 588 ab
1402 554 1568 597 episcopo
1582 554 1728 588 Atreba-

92 611 183 647 tensi
197 611 386 656 legati‚qui
401 611 614 645 Atrebatum
629 622 688 645 eos
700 611 890 645 deducant.
902 610 955 644 lbi
970 609 1142 654 magister
1154 609 1309 644 infelicis
1326 609 1424 643 illius
1437 609 1580 644 scholae
1587 611 1601 653 j
1608 609 1727 643 udicio

91 666 249 711 episcopi
266 669 301 701 et
316 665 541 710 inquisitoris
560 665 642 699 fidei
662 665 816 699 flammis
831 665 1029 708 addicitur3
1049 665 1195 708 quidam
1213 664 1331 698 minus
1349 665 1509 708 corrupti
1527 664 1565 698 in
1582 665 1725 699 liberta-

36 753 39 755 .
91 723 164 756 tem
177 721 320 763 asserti3
339 720 504 755 nonnulli
519 725 690 764 perpetuo
706 721 889 765 ergastulo
913 720 1093 762 damuatig
1121 719 1267 763 quidam
1292 723 1432 754 tantum
1457 719 1594 763 aliquot
1615 730 1724 753 anno-

91 787 174 811 rum
191 775 365 818 custodia,
375 775 517 820 jejunio
531 780 566 810 et
583 776 887 820 peregrinatione.
904 775 1040 810 Ceteris
1058 776 1222 810 Duacum
1239 775 1408 816 reductis,
1428 775 1564 818 aliquot
1582 774 1728 819 ignibus

92 831 241 866 cremati
257 834 351 873 sunt,
370 831 516 874 quidam
533 831 589 865 vel
607 834 779 874 perpetua
795 831 851 865 vel
868 830 1088 874 temporaria
1104 830 1260 864 carceris
1284 841 1398 874 poena
1423 829 1582 864 coerciti.
1602 829 1672 864 Sed
1689 829 1727 863 hi

92 896 216 920 omnes
231 898 314 921 cum
332 886 475 930 publice
490 886 529 921 in
545 887 727 921 theatrum
745 887 1041 930 producerentur,
1060 886 1194 920 mirum
1213 886 1384 930 quiddam
1409 886 1552 921 accidit.
1571 885 1612 920 In
1628 888 1728 919 vasta

92 941 163 976 sori
179 952 264 976 area
287 942 359 976 duo
383 944 564 976 senatores
587 941 729 976 theatra
752 941 844 986 erigi
870 948 1097 983 curaverant,
1124 953 1237 976 unum
1260 941 1572 983 minus„alterum
1596 942 1724 986 majus.

93 996 213 1041 Igitur
227 1008 310 1032 cum
326 997 468 1041 publice
485 997 694 1032 concionem
710 997 836 1032 haberi
850 1000 884 1032 et
900 998 1087 1032 damnatos
1103 1008 1269 1032 errorum
1293 997 1417 1041 poenis
1433 996 1552 1031 addici
1577 995 1728 1040 placuis-

94 1054 158 1093 set,
176 1051 215 1086 in
231 1051 333 1086 illam
352 1063 432 1087 reos
449 1052 655 1086 machinam
679 1052 850 1087 satellites
865 1053 1040 1095 eduxere3
1066 1053 1111 1086 ab
1135 1052 1284 1093 vicario,
1310 1051 1536 1095 inquisitore,
1556 1051 1727 1086 senatori-

94 1107 173 1149 bus,
192 1107 234 1142 D.
259 1107 302 1142 D.
321 1106 443 1142 Amati
468 1110 502 1142 et
520 1107 620 1142 Petri
646 1107 830 1141 canonicis
846 1106 998 1150 aliisque
1015 1106 1103 1141 viris
1120 1107 1384 1148 ecclesiasticis,
1403 1106 1565 1150 patribus
1581 1105 1731 1140 domini-

96 1161 196 1197 canis
211 1164 247 1197 et
260 1162 499 1197 franciscanis
516 1174 558 1196 ac
574 1162 757 1197 nonnullis
774 1161 954 1196 nobilibus
971 1161 1059 1196 viris
1076 1162 1258 1197 theatrum
1275 1161 1442 1206 capacius
1459 1162 1633 1197 insessum
1647 1161 1727 1196 fuit.

96 1217 233 1252 Verum
257 1217 318 1252 vix
343 1217 516 1261 populum
545 1228 646 1252 sacer
671 1217 903 1251 concionator
925 1217 1062 1260 alloqui
1087 1217 1216 1261 coepit,
1243 1229 1325 1251 cum
1349 1220 1494 1261 repente
1519 1217 1646 1262 ingens
1663 1216 1732 1251 ista

95 1271 276 1314 machina,
310 1284 402 1316 quae
430 1275 612 1308 senatores
640 1272 801 1316 aliosque
831 1272 1040 1313 sustinebat,
1073 1272 1111 1306 in
1146 1272 1264 1307 medio
1295 1272 1472 1307 violenter
1502 1271 1733 1316 abrumpitur

97 1330 286 1372 totumque
302 1328 404 1363 humi
422 1340 626 1364 consessum
640 1328 803 1369 effundit,
822 1328 994 1373 malignis
1017 1331 1058 1363 ut
1073 1340 1094 1363 a
1110 1328 1241 1371 quibus
1257 1327 1418 1363 creditur
1433 1328 1620 1372 spiritibus
1644 1328 1731 1362 mali

97 1382 207 1428 hujus
225 1383 449 1418 auctoribus.
468 1383 523 1418 Ibi
540 1384 697 1418 decanus
715 1382 990 1418 christianitatis
1007 1394 1195 1426 oppressus
1211 1383 1370 1417 animam
1383 1383 1458 1428 egit
1474 1383 1632 1426 itemque
1644 1394 1734 1427 puer

97 1450 192 1474 unus
224 1439 386 1480 obrutus,
414 1439 596 1483 plerisque
619 1439 700 1481 alijs
724 1450 832 1473 crura
856 1439 913 1473 vel
936 1438 1108 1473 bracchia
1131 1450 1216 1472 casu
1243 1439 1438 1473 confracta.
1458 1439 1503 1473 Et
1526 1450 1609 1473 cum
1632 1441 1734 1473 extra

98 1494 225 1528 urbem
242 1494 364 1538 paullo
380 1497 460 1538 post
482 1494 629 1539 ignibus
652 1494 706 1528 rei
731 1495 972 1535 traderentur,
993 1494 1082 1528 adeo
1105 1494 1238 1528 mulier
1254 1494 1430 1538 quaedam
1455 1506 1496 1529 eo
1520 1493 1559 1528 in
1583 1505 1734 1528 numero

98 1549 294 1594 praefracti
319 1549 433 1584 animi
449 1552 485 1584 et
501 1549 702 1584 obstinatae
718 1549 913 1593 impietatis
936 1549 1084 1591 exstitit,
1102 1553 1144 1584 ut
1167 1549 1377 1594 priusquam
1393 1549 1548 1584 flammis
1570 1552 1735 1594 tangere-

96 1607 170 1648 tur,
199 1605 352 1649 seipsam
376 1605 543 1647 vinculis,
571 1606 701 1649 quibus
725 1606 806 1650 palo
832 1606 878 1639 ad
901 1606 1022 1640 fauces
1048 1605 1279 1650 alligabatnr,
1305 1604 1599 1649 strangulaverit.
1618 1605 1736 1639 Morte

99 1664 395 1706 consumptorum
421 1662 584 1696 fortunas
607 1660 862 1706 gubernatoris
885 1660 1044 1695 vicarius
1063 1661 1150 1695 fisco
1173 1660 1275 1695 ducis
1299 1660 1560 1705 (Burgundiae)
1584 1659 1733 1694 addixit.

100 1716 236 1752 Verum
252 1720 397 1752 senatus
413 1716 507 1751 nihil
531 1716 646 1751 Duaci
663 1716 858 1751 obnoxium
875 1716 961 1751 fisco
977 1727 1139 1751 asserens
1162 1717 1240 1760 ejus
1256 1716 1373 1750 edicto
1389 1715 1550 1760 graviter
1563 1716 1733 1760 obrogra·

100 1771 174 1816 vit3
192 1775 228 1808 et
239 1772 360 1808 statim
374 1772 418 1807 ab
433 1772 588 1817 Hugone
602 1772 835 1816 Lannoyano,
851 1771 1165 1807 Gallo-Flandriae
1177 1772 1370 1816 praefecto,
1385 1771 1601 1816 imperatum
1615 1782 1736 1806 severe

102 1829 167 1870 est,
184 1830 226 1862 ut
241 1826 435 1863 heredibus
449 1827 738 1862 restituerentur.

453 1904 495 1938 P.
514 1904 651 1939 Jezuiet
663 1903 695 1938 J.
712 1903 874 1946 Buzelin,
888 1904 1053 1938 Annales
1069 1903 1413 1944 Gallo-Flamina&
1429 1903 1474 1938 ad
1487 1914 1623 1937 annum
1637 1904 1734 1944 1420,

495 1959 561 1994 blz.
588 1961 651 1994 384
675 1970 721 1994 en
736 1961 811 1994 385.
830 1960 893 1994 Als
916 1960 1008 1994 bron
1031 1960 1127 2004 geeft
1149 1959 1193 1994 de
1209 1959 1385 2002 schrijver
1400 1970 1445 2003 op
1467 1959 1537 1993 den
1560 1958 1652 1992 rand
1667 1968 1738 1992 van

497 2015 564 2049 blz.
583 2017 647 2050 384
664 2026 709 2058 op
728 2026 734 2048 :
756 2015 892 2059 Reyisc.
919 2015 1034 2049 Duae.
1061 2016 1165 2059 May.
1184 2014 1247 2049 lib.
1265 2014 1342 2048 MS.
1362 2015 1492 2055 Duae„
1518 2014 1580 2048 dat
1596 2012 1626 2047 is
1645 2024 1651 2047 :
1671 2022 1737 2047 een

495 2069 812 2112 handschriftelijk
827 2069 981 2114 register
994 2081 1065 2104 van
1081 2070 1151 2104 den
1164 2069 1376 2113 magistraat
1388 2080 1458 2103 van
1475 2067 1635 2102 Dowaai.
1650 2067 1736 2101 Men

498 2123 601 2158 vindt
624 2135 711 2158 eene
727 2124 872 2159 kortere
898 2124 1124 2169 vermelding
1147 2123 1185 2158 in
1210 2123 1384 2158 Buzelin's
1419 2122 1737 2157 Gallo-Flandria

498 2189 607 2213 sacra
633 2184 664 2212 ec
682 2179 861 2223 profana,
880 2179 946 2214 blz.
966 2182 1040 2214 256.
1058 2199 1102 2204 —
1121 2179 1184 2214 Zie
1205 2179 1275 2214 ook
1302 2178 1520 2218 Henncbert,
1546 2176 1738 2211 kanunnik

497 2234 562 2268 der
577 2233 779 2269 hoofdkerk
803 2246 873 2269 van
898 2234 934 2269 St
960 2235 1122 2277 Omaars,
1150 2236 1316 2270 Histoire
1335 2234 1511 2279 qendrale
1535 2233 1580 2267 de
1604 2234 1738 2278 Zapro-

500 2291 604 2322 vince
621 2289 794 2331 (I’Artoz's‚
813 2290 892 2324 deel
907 2289 970 2331 III,
997 2291 1062 2324 blz.
1089 2292 1152 2325 348
1169 2302 1214 2324 en
1230 2292 1306 2331 349,
1325 2290 1382 2324 die
1405 2290 1458 2324 als
1481 2289 1647 2332 bisschop
1670 2299 1739 2322 van

498 2344 649 2379 Atrecht
672 2348 706 2379 te
729 2345 812 2379 dien
836 2345 922 2388 tijde
938 2345 1090 2380 Minm
1114 2346 1242 2380 Pomm
1257 2346 1411 2390 opgeeft.
1432 2345 1639 2380 Hennebert
1660 2347 1740 2388 zegt

498 2401 611 2435 onder
626 2401 784 2435 anderen
810 2413 816 2435 z
845 2416 860 2428 u
879 2402 998 2436 Avant
1020 2402 1233 2436 l'execution
1256 2402 1300 2436 de
1323 2402 1358 2435 la
1376 2401 1561 2441 Sentence,
1588 2411 1634 2434 on
1658 2400 1738 2434 leur

499 2455 643 2490 attacha
670 2455 731 2489 des
761 2455 861 2490 croix
879 2457 1010 2499 jannes
1037 2467 1099 2490 sur
1130 2457 1164 2490 la
1195 2455 1351 2500 poitrine
1385 2459 1420 2490 ct
1446 2455 1480 2490 le
1506 2456 1587 2498 dos;
1614 2455 1739 2490 s'etant

499 2509 722 2554 agenouilles
746 2511 877 2546 devant
900 2511 1079 2555 l'Eveque,
1107 2511 1150 2545 ils
1178 2514 1347 2556 recurent
1370 2511 1413 2545 de
1437 2522 1477 2545 ce
1501 2511 1617 2554 prelat
1640 2515 1674 2546 et
1697 2511 1740 2545 de

501 2564 740 2608 l'inquisiteur
763 2566 934 2609 quelques
950 2577 1059 2609 coups
1075 2566 1119 2601 de
1135 2577 1243 2610 vorge
1267 2577 1330 2600 sur
1344 2566 1379 2600 la
1403 2567 1485 2600 tete.
1506 2566 1618 2600 Leurs
1640 2576 1740 2600 mau-

503 2619 580 2653 vais
603 2619 710 2654 livres
734 2621 865 2661 furent,
893 2632 937 2655 en
961 2621 1040 2655 leur
1063 2624 1243 2665 presence,
1267 2621 1375 2655 lix-res
1398 2631 1469 2655 aux
1494 2621 1664 2656 fiammes.
1686 2621 1741 2655 On

505 2686 590 2718 posa
614 2686 676 2708 sur
698 2675 733 2708 la
749 2675 819 2709 tete
836 2675 896 2709 des
912 2675 1105 2718 supplicies
1121 2675 1181 2709 des
1198 2675 1321 2710 mitres
1344 2675 1516 2719 chargees
1539 2675 1584 2710 de
1606 2676 1741 2720 figures

504 2730 547 2764 de
564 2729 711 2764 diables.
732 2729 811 2765 Une
827 2731 968 2771 semme,
983 2731 1129 2774 appelee
1147 2730 1340 2765 Catherine
1364 2731 1562 2772 Mamarde,
1581 2735 1684 2775 apres
1708 2731 1743 2765 la

505 2784 643 2819 lecture
665 2785 708 2819 de
732 2796 796 2819 son
814 2787 1015 2829 jugement,
1044 2785 1195 2821 exhorta
1218 2798 1272 2820 ses
1296 2786 1488 2830 complices
1511 2788 1533 2821 a
1556 2789 1745 2830 supporter

506 2850 594 2873 avec
610 2850 767 2884 courage
783 2840 877 2875 deux
893 2839 1023 2875 heures
1039 2840 1082 2874 de
1099 2843 1282 2875 tourment
1298 2852 1390 2884 pour
1406 2841 1554 2876 meritcr
1569 2842 1605 2876 la
1628 2841 1746 2886 gloire

503 2895 699 2938 pr‹†-tendue
715 2896 759 2931 de
782 2895 922 2931 mourir
937 2907 982 2930 en
1005 2900 1171 2940 martyrs.
1198 2896 1248 2932 Le
1264 2896 1454 2931 fanatisme
1477 2896 1626 2932 conduit
1649 2897 1671 2931 a
1694 2907 1744 2931 un

504 2950 554 2985 tel
580 2951 843 2996 aveuglemeut,
876 2951 961 2995 qu‘il
988 2951 1176 2997 s'imagine
1205 2952 1308 2988 avoir
1334 2964 1388 2988 ses
1418 2951 1648 2994 revelatione
1679 2963 1744 2988 son

509 3006 686 3048 apostolat
708 3010 744 3042 et
766 3018 820 3042 ses
844 3006 1052 3051 triomphes.
1074 3023 1090 3038 n
