2097 3466
950 254 1080 287 ANNO
1110 254 1219 291 1295,
1247 255 1344 288 1348

337 361 454 385 torum
481 349 668 393 pravitatis
684 348 843 391 ejusdem
868 347 906 382 in
931 359 1043 391 regno
1061 347 1239 382 Franciae
1255 347 1444 393 condignis
1456 349 1642 385 desideriis
1654 354 1863 396 annuentes,
1881 355 1958 388 uni·

338 404 499 439 versitati
524 406 661 437 vestrae
686 402 901 437 auctoritate
927 413 996 445 qua
1022 402 1059 436 in
1084 402 1152 436 hac
1168 406 1270 446 parte
1293 403 1493 447 fungimur,
1519 404 1557 439 in
1580 404 1713 440 virtute
1736 407 1959 443 obedientiae
2003 425 2005 428 ⁴

337 460 498 493 districte
514 457 768 502 praecipiendo
785 457 1010 498 mandamus,
1028 460 1204 500 quatenus
1221 457 1461 501 depositiones
1484 458 1630 494 testium
1654 471 1760 504 super
1783 461 1960 504 pravitate

338 516 410 558 ipsa
437 519 513 557 jam
547 517 774 555 receptorum
798 524 819 546 a
845 512 946 547 vobis
970 512 1027 546 vel
1050 511 1340 556 recipiendorum
1371 513 1409 548 in
1440 517 1632 557 posterum,
1660 515 1746 558 quia
1773 515 1960 560 negotium

338 568 582 611 Inquisitionis
613 568 649 601 in
680 567 862 610 praedicto
896 578 1008 611 regno
1040 566 1216 602 Franciae
1253 567 1528 610 inquisitoribus
1558 569 1788 604 commissum
1819 570 1961 606 eosdem

336 624 545 667 contingere
569 622 781 663 dinoscitur,
815 622 852 657 in
884 633 924 657 eo
956 622 1093 657 scilicet
1123 623 1218 666 quod
1249 623 1490 666 depositiones
1519 625 1725 668 huJusmodi
1755 626 1894 661 faciunt
1915 626 1960 660 ad

339 678 610 713 instructionem
627 676 694 711 sibi
705 676 883 711 commissi
905 676 1042 720 negotii
1059 680 1099 710 ut
1115 687 1179 720 per
1195 688 1255 711 eas
1269 677 1312 712 de
1328 681 1423 713 statu
1436 689 1670 722 personarum
1687 679 1840 723 praefati
1856 679 1960 725 regni

337 732 468 767 habere
486 731 620 775 possint
647 730 813 765 notitiam
838 730 1049 774 pleniorem,
1070 731 1202 765 eisdem
1227 732 1284 766 vel
1305 731 1465 775 ipsorum
1490 736 1587 768 certo
1611 737 1647 768 et
1669 733 1740 768 fido
1764 732 1892 769 nuntio
1915 733 1960 768 ad

337 788 649 822 transcribendum
665 786 742 821 sine
758 785 982 820 difficultatis
998 786 1184 821 obstaculo
1201 786 1402 830 assignetis,
1420 792 1461 821 ut
1483 787 1591 822 iidem
1608 785 1839 831 inquisitores
1854 788 1959 832 depo-

335 842 526 876 sitionibus
542 842 627 885 ipsis
652 853 716 886 pro
732 842 812 876 loco
828 846 863 876 et
885 844 1046 885 tempore
1062 842 1116 876 uti
1141 842 1277 885 possint
1300 846 1426 878 contra
1450 854 1618 887 personas
1642 842 1818 888 praedicti
1841 842 1959 888 regni,

334 908 425 938 quae
444 907 505 939 per
518 895 757 939 depositiones
772 895 859 939 ipsis
875 897 1100 940 apparebunt
1115 896 1159 930 de
1171 896 1311 931 haeresi
1328 897 1525 940 culpabiles
1541 898 1597 933 vel
1613 901 1813 942 suspectae.

381 951 510 985 Datum
527 952 620 994 apud
637 950 770 985 Urbem
788 950 1116 994 Veterem,decim0
1131 954 1260 994 quarto
1276 951 1449 987 kalendas
1461 952 1575 994 Junii,
1593 964 1688 988 anno
1701 952 1847 988 Domini
1863 952 1961 988 MCC

337 1006 599 1049 septuagesimo
615 1006 734 1046 tertio,
753 1005 984 1048 pontificatus
999 1004 1136 1040 domini
1154 1005 1321 1049 Gregorii
1339 1016 1450 1049 papae
1467 1007 1598 1042 decimi
1614 1018 1708 1042 anno
1724 1007 1897 1043 secundo.

684 1072 837 1107 Archief
863 1073 927 1107 ‹ler
966 1072 1153 1115 Inquisitie
1182 1083 1252 1107 van
1286 1072 1540 1113 Carcassonne‚
1574 1074 1826 1119 Verzameling
1856 1074 1961 1114 Doat.

728 1127 808 1162 deel
832 1128 990 1169 XXXII,
1016 1128 1076 1162 fol.
1103 1130 1183 1171 101;
1217 1127 1413 1172 afgedrukt
1436 1129 1475 1165 in
1499 1129 1561 1166 het
1583 1130 1782 1175 Appendix
1805 1131 1853 1174 bij
1879 1131 1962 1174 Lea,

727 1183 806 1218 dcel
833 1183 861 1226 I,
885 1183 954 1217 blz.
981 1185 1057 1218 574.

1066 1304 1228 1355 157bis.

402 1438 539 1490 1296,
562 1437 856 1494 Ancwerpen.
878 1436 986 1481 Acte
1012 1451 1093 1481 van
1111 1440 1193 1482 Jan
1211 1439 1245 1490 I,
1268 1438 1425 1494 hertog
1442 1452 1527 1482 van
1550 1438 1756 1492 Brabant,
1783 1439 1961 1498 waarbij

337 1504 398 1561 hij
415 1505 466 1548 de
488 1506 807 1563 Antwerpsche
830 1507 1084 1563 Beggarden
1103 1507 1238 1550 onder
1260 1508 1371 1564 zijne
1392 1507 1694 1565 bescherming
1710 1511 1870 1553 neemt.

684 1597 908 1640 Diercxsens,
925 1598 1130 1643 Antverpia
1160 1598 1270 1642 (uitg.
1291 1610 1360 1634 van
1375 1599 1485 1641 1773),
1504 1599 1582 1634 deel
1606 1599 1633 1641 1,
1651 1599 1718 1635 blz.
1738 1601 1802 1635 347
1818 1611 1863 1636 en
1878 1602 1962 1636 348.

1066 1719 1234 1770 193bis.

403 1839 540 1890 1348,
563 1840 658 1883 Mei
680 1842 720 1891 1,
743 1840 970 1897 sz'ynon.
994 1841 1233 1884 Uittreksel
1258 1841 1319 1883 uit
1341 1840 1391 1882 de
1425 1839 1496 1883 bul
1530 1854 1615 1883 van
1647 1839 1846 1884 Clemens
1885 1841 1962 1892 VI,

338 1907 519 1965 waarbij
555 1908 614 1965 hij
648 1910 731 1952 Jan
763 1909 1037 1961 Schadelant,
1065 1913 1209 1953 rector
1244 1923 1328 1952 van
1352 1909 1429 1951 het
1451 1907 1967 1964 predikheerenklooster

341 1978 384 2018 te
408 1976 705 2034 Straatsburg,
733 1977 938 2022 ofschoon
961 1979 1122 2022 slechts
1145 1979 1202 2023 37
1218 1979 1318 2035 Jaar
1342 1977 1441 2030 oud,
1466 1977 1530 2020 als
1563 1976 1821 2033 inquisiteur
1847 1977 1892 2021 in
1914 1977 1967 2021 de

341 2045 544 2088 Duitsche
568 2046 725 2089 landen
750 2048 955 2091 aanstelt.

383 2150 455 2185 Pre
470 2150 612 2185 cunctis
628 2153 749 2186 nostre
765 2151 894 2186 mentis
902 2173 1065 2184 ........
1089 2149 1283 2193 inquisitor
1309 2149 1469 2185 heretice
1495 2147 1684 2194 pravitatis
1707 2159 1771 2192 per
1798 2147 1965 2183 Aleman-

341 2204 451 2245 niam,
477 2205 562 2240 licet
579 2205 729 2249 patiaris
746 2206 785 2240 in
801 2209 894 2241 etate
910 2206 1102 2246 defectum,
1130 2216 1212 2240 cum
1231 2204 1269 2239 in
1293 2203 1476 2239 tricesimo
1492 2203 1643 2248 septimo
1661 2203 1766 2239 etatis
1787 2205 1848 2239 tue
1871 2214 1968 2240 anno

340 2258 555 2294 constitutus
571 2271 646 2294 esse
661 2259 806 2301 dicaris,
822 2263 888 2295 etc.

384 2314 517 2349 Datum
546 2315 738 2357 Avinione,
757 2315 831 2350 kal.
849 2315 954 2357 Maii,
972 2314 1203 2359 pontificatus
1218 2314 1331 2350 nostri
1347 2325 1441 2349 anno
1458 2317 1505 2357 vj.

686 2381 799 2415 Aldus
814 2381 957 2416 ontleed
982 2382 1030 2424 bij
1048 2380 1087 2415 G.
1116 2380 1293 2424 Schmidt,
1319 2378 1530 2414 destliche
1562 2377 1767 2413 Urkunden
1789 2379 1967 2424 Reyesten

731 2446 800 2470 aus
816 2437 889 2470 den
903 2435 1048 2471 Jahren
1065 2436 1253 2470 4295-4352
1264 2435 1445 2478 (Provinz
1460 2433 1643 2476 ›Such-sen),
1658 2434 1724 2470 blz.
1741 2435 1816 2476 383,
1834 2439 1874 2469 ιι*
1891 2435 1967 2470 152.

729 2510 772 2515 —
790 2491 927 2525 Aldaar
950 2490 1067 2525 wordt
1090 2491 1262 2531 vermeld,
1279 2491 1341 2524 dat
1365 2489 1583 2523 Schadelant
1605 2488 1644 2523 in
1667 2488 1844 2533 volgende
1860 2493 1968 2532 jaren

730 2556 803 2588 nog
820 2545 978 2589 hoogere
995 2545 1197 2588 kerkelijke
1213 2544 1493 2588 waardigheden
1510 2543 1659 2578 bekleed
1684 2543 1782 2578 heeft
1797 2555 1804 2578 :
1824 2543 1875 2587 hij
1893 2555 1967 2578 was

731 2599 900 2643 bissehop
930 2611 1001 2635 van
1031 2599 1135 2634 Culm
1166 2599 1291 2641 (1358),
1322 2610 1393 2633 van
1422 2597 1644 2633 Hildesheim
1670 2598 1872 2642 (1363-65),
1898 2610 1969 2634 van

731 2654 882 2689 Worms
905 2654 1004 2698 (1365
1018 2657 1096 2696 -70)
1121 2666 1165 2689 en
1189 2666 1259 2689 van
1282 2655 1479 2699 Augsburg
1494 2653 1591 2696 (1371
1605 2653 1698 2696 -73).
1725 2652 1784 2696 Hij
1806 2652 1912 2689 stierf
1932 2655 1968 2688 te

732 2709 885 2744 Coblenz
901 2708 939 2743 in
959 2709 1055 2744 1373.
1071 2727 1115 2734 -
1132 2708 1229 2743 VoOr
1245 2712 1315 2753 ziJn
1331 2711 1389 2744 40(ὲ
1402 2713 1482 2753 jaar
1497 2707 1571 2743 kon
1588 2706 1756 2742 niemand
1772 2710 1825 2742 tot
1847 2706 1967 2751 inqui·

728 2762 841 2797 siteur
875 2763 1022 2798 worden
1053 2763 1275 2808 aangesteld,
1306 2764 1455 2807 volgens
1484 2762 1528 2797 de
1558 2760 1747 2805 beslissing
1777 2771 1848 2797 van
1878 2772 1967 2806 paus

731 2817 895 2852 Clemens
922 2817 963 2850 V.
981 2817 1054 2861 (Zie
1082 2817 1218 2862 hooger
1240 2829 1305 2852 ons
1328 2817 1376 2851 N?
1400 2816 1491 2858 170).
1520 2815 1677 2850 Daarom
1700 2815 1853 2851 schenkt
1878 2826 1967 2860 paus

728 2871 895 2906 Clemens
910 2871 959 2905 VI
984 2883 1053 2907 aan
1078 2872 1306 2913 Schadelant,
1325 2872 1383 2906 die
1407 2871 1538 2906 slechts
1560 2872 1602 2904 37
1619 2873 1703 2914 jaar
1726 2870 1798 2905 oud
1819 2882 1905 2915 was,
1923 2871 1967 2906 de

730 2926 966 2970 dispensatie.
989 2946 1033 2952 —
1049 2927 1110 2963 Zie
1127 2939 1214 2963 onze
1230 2934 1281 2962 nm
1298 2929 1373 2971 132,
1394 2929 1469 2971 141,
1488 2928 1562 2968 143,
1582 2927 1644 2961 144
1659 2936 1704 2961 en
1720 2927 1796 2962 156.
