2097 3466
806 212 937 247 ANNO
968 215 1065 247 1472
1685 214 1745 247 441

127 316 164 339 se
178 315 277 348 posse
301 304 426 340 audire
439 305 676 340 confessiones
694 305 1017 349 parrochianorum
1044 305 1260 340 secularium
1280 309 1315 341 et
1332 305 1541 341 beneficium
1558 303 1748 339 absolutio-

128 358 182 393 nis
198 358 413 402 impendere.
435 359 534 395 Licet.
550 359 710 394 habeatis
724 371 829 403 penes
856 372 916 393 vos
941 359 1153 404 magistrum
1180 360 1371 401 Andream,
1391 361 1623 404 proseesorcm
1647 369 1748 393 sacre

127 413 306 457 theologie
322 413 521 458 egregium,
541 418 576 448 et
592 415 682 448 sorte
706 414 794 448 auos
811 414 912 454 mihi,
932 415 992 448 sed
1010 426 1079 448 non
1107 415 1180 448 Deo
1209 414 1360 458 ignotos,
1387 413 1578 457 requisitus
1605 416 1750 457 paratus

126 479 204 502 sum
221 467 322 502 iuxta
350 469 497 502 verbum
523 468 615 503 beati
635 468 732 503 Petri
757 468 907 511 apostoli
935 468 978 503 do
1003 480 1044 502 ea
1071 468 1192 512 quein
1217 480 1273 502 me
1297 472 1347 503 est
1375 469 1443 503 tide
1467 472 1501 503 et
1525 480 1584 512 spe
1601 467 1748 502 reddero

126 523 302 558 rationem
318 551 324 557 .
344 551 350 557 .
368 552 373 557 .
390 551 395 557 .
411 525 468 566 (1).

172 578 343 614 Pertinax
360 591 446 623 ergo
463 579 608 613 illorum
626 579 735 613 trium
761 584 793 614 et
813 591 1109 623 quorumcunque
1126 579 1280 613 aliorum
1297 579 1456 618 assertio,
1475 579 1568 622 quod
1586 578 1748 612 sacerdos

127 645 198 668 non
221 633 355 667 habens
371 634 541 676 populum
559 633 770 673 subiectum,
788 633 873 676 quia
900 645 962 667 ne(-
980 633 1185 667 ordinarius
1200 638 1253 667 est
1278 644 1341 667 nec
1358 632 1619 676 priuilegiatus,
1640 631 1749 674 possit

127 687 179 723 uti
195 699 260 722 sua
277 691 447 731 potestate
464 687 610 732 ligando
627 692 661 722 et
677 688 847 722 soluendo
871 700 891 721 a
917 687 1071 731 peccatis
1100 688 1209 721 laicos
1234 687 1300 721 sibi
1321 689 1538 726 confitentes,
1556 690 1608 720 est
1626 686 1746 729 impia,

126 742 309 778 turbatiua
319 742 557 777 ecclesiastice
574 742 788 781 ihorarchie,
799 743 938 786 sapiens
951 754 1114 777 sanorem
1133 742 1332 776 scismatico
1343 742 1531 786 prauitatis
1541 746 1576 777 et
1586 747 1748 786 suspecta

125 798 169 833 de
185 797 279 832 mala
296 797 364 832 fido
380 797 572 841 primitatis
588 797 717 831 summi
736 797 935 837 monarchi,
956 797 992 831 id
1009 802 1061 832 cst
1077 801 1199 832 sancte
1215 797 1307 831 sedis
1324 797 1528 840 apostolice.

472 873 664 913 Carlerius,
685 873 762 908 dccl
780 873 825 914 ΙΙ,
841 873 1101 916 verhandeling
1120 876 1171 907 41.

885 1001 1008 1044 363.

193 1132 307 1175 Vo'o'r
329 1128 583 1173 November
619 1129 756 1178 1472,
781 1127 1038 1184 Kamerzjk.
1066 1127 1246 1170 Oordeel
1281 1140 1362 1169 van
1397 1126 1478 1168 den
1501 1124 1746 1182 Kamerijk-

125 1199 258 1243 schen
281 1199 419 1242 deken
442 1198 621 1250 Carlier,
653 1211 704 1253 op
728 1197 914 1239 verzoek
937 1211 1021 1239 van
1047 1210 1182 1239 eenen
1205 1196 1483 1251 kerkprelaat
1506 1195 1747 1250 uitgespro-

125 1269 226 1320 ken,
261 1282 365 1311 over
387 1268 461 1311 het
482 1268 607 1323 geval
633 1281 716 1309 van
741 1280 878 1309 eenen
914 1279 1114 1321 persoon,
1143 1265 1209 1307 die
1232 1265 1297 1308 uit
1321 1263 1747 1321 gewetensbezwaar

125 1337 343 1394 weigerde
361 1337 414 1380 de
431 1336 620 1392 dogma's
639 1335 715 1378 der
730 1334 851 1377 Kerk
871 1334 1005 1376 onder·
1023 1334 1126 1376 eede
1143 1337 1186 1377 te
1203 1333 1447 1376 bezweren.
1463 1359 1511 1364 —
1530 1332 1748 1375 Daardoor

124 1407 264 1451 alleen
288 1407 322 1449 is
345 1407 404 1462 hij
429 1406 552 1448 reeds
576 1404 786 1448 verdaeht
809 1405 852 1446 in
886 1404 971 1460 zijn
1005 1403 1162 1459 geloof.
1197 1403 1345 1445 Indien
1371 1403 1428 1459 hij
1464 1401 1544 1444 ook
1569 1401 1749 1444 staande

124 1476 274 1526 houdt,
297 1475 371 1518 dat
387 1488 485 1517 men
504 1475 622 1517 nooit
645 1487 743 1529 mag
765 1486 954 1523 zweren,
983 1472 1066 1515 dan
1090 1473 1125 1514 is
1147 1472 1210 1514 dit
1232 1485 1336 1514 eene
1359 1471 1528 1526 stellige
1550 1470 1743 1526 ketterij.

123 1546 166 1588 Is
187 1545 274 1602 zijn
298 1544 422 1600 geval
454 1543 624 1599 geheim
657 1542 883 1598 gebleven‚
913 1555 989 1583 zoo
1011 1540 1098 1584 kan
1122 1555 1217 1583 men
1243 1554 1328 1596 nog
1351 1545 1439 1583 wat
1461 1539 1618 1595 geduld
1645 1538 1747 1581 heb-

126 1613 223 1665 ben,
252 1627 376 1656 maar
397 1613 488 1655 niet
510 1616 553 1655 te
577 1612 700 1667 lang;
731 1614 852 1653 want
875 1624 954 1652 een
973 1610 1100 1652 enkel
1124 1609 1347 1652 kettersch
1365 1608 1538 1666 vonkje,
1561 1609 1632 1651 dat
1651 1621 1747 1650 men

124 1683 334 1726 verzuimt
356 1682 418 1725 uit
442 1685 485 1724 te
517 1681 698 1731 dooven‚
727 1680 812 1722 kan
850 1693 986 1721 eenen
1021 1679 1361 1736 sehrikkelijken
1399 1677 1536 1720 brand
1574 1690 1750 1720 veroor-

122 1751 276 1795 zaken.
298 1751 371 1794 Uit
391 1749 683 1804 vriendschap
707 1762 807 1804 mag
825 1762 923 1791 men
957 1748 1040 1790 den
1063 1748 1272 1804 plichtige
1305 1748 1395 1790 niet
1429 1760 1600 1802 sparen,
1628 1750 1750 1788 want

123 1821 249 1864 God’s
267 1834 340 1864 eer
362 1822 477 1862 staat
500 1832 552 1874 op
576 1820 653 1861 het
669 1818 784 1874 spel;
813 1831 891 1860 een
915 1817 1190 1860 verkankerd
1214 1817 1272 1859 lid
1292 1818 1411 1859 moet
1433 1829 1529 1858 men
1552 1816 1751 1871 integen-

125 1890 217 1933 deel
236 1888 490 1946 uitsninen‚
518 1888 627 1931 doch
658 1891 745 1930 met
778 1885 1132 1942 omzichtigheid.
1159 1887 1219 1928 De
1240 1885 1444 1928 bedoelde
1465 1897 1648 1940 persoon
1671 1897 1750 1926 zou

124 1959 230 2002 door
251 1958 304 2001 de
336 1956 751 2014 geloofsrechtbank
789 1955 944 2012 scherp
976 1958 1149 1998 moeten
1188 1954 1451 1998 onderzoeht
1480 1953 1670 2004 worden,
1697 1966 1749 1996 en

123 2028 352 2084 ingevolge
385 2027 525 2084 zijner
557 2024 846 2069 antwoorden
885 2024 972 2067 kan
1007 2038 1105 2067 men
1139 2023 1223 2066 dan
1256 2027 1343 2066 met
1379 2023 1479 2065 hem
1514 2022 1747 2073 handelen,

125 2095 284 2139 zonder
317 2097 358 2138 al
391 2095 442 2138 de
482 2108 666 2151 gewone
705 2094 1034 2137 rechtsvormen
1069 2097 1111 2136 te
1149 2095 1321 2135 moeten
1359 2092 1401 2134 in
1439 2091 1540 2134 aoht
1576 2104 1746 2133 nemen.

125 2167 258 2209 Komt
280 2165 338 2222 hij
365 2167 429 2208 tot
452 2164 604 2207 inkeer·
627 2177 680 2206 en
701 2164 791 2219 legt
809 2163 868 2220 hij
893 2163 976 2205 den
999 2160 1276 2218 gevraagden
1301 2161 1376 2204 eed
1400 2160 1456 2210 af,
1478 2160 1562 2203 dan
1584 2159 1671 2202 kan
1688 2158 1748 2215 hij

126 2235 189 2278 als
211 2233 529 2290 boetedoening
563 2232 750 2289 gestraft
774 2231 954 2274 worden
988 2245 1095 2274 naar
1116 2231 1191 2274 het
1214 2229 1501 2287 goeddunken
1532 2228 1609 2272 der
1639 2229 1753 2271 vica-

125 2303 497 2360 rissen-generaal
519 2316 604 2346 van
627 2302 702 2344 het
724 2300 903 2344 bisdom.

173 2413 308 2448 Contra
336 2425 500 2448 errorem
534 2414 688 2449 dicentis
719 2415 817 2459 quod
852 2425 927 2449 non
958 2413 1112 2448 auderet
1144 2414 1272 2446 iurare
1303 2409 1477 2445 articulos
1507 2409 1597 2454 fidei
1621 2410 1753 2452 saqitte

124 2471 282 2515 potentis
298 2475 402 2504 acute
431 2469 610 2504 catholice
632 2469 768 2503 scilicet
795 2471 961 2504 rationes
978 2481 1061 2503 cum
1080 2471 1322 2512 torqueantur
1344 2465 1453 2499 illum
1474 2467 1620 2510 penitus
1637 2465 1751 2497 extin-

124 2523 285 2569 yuendo,
302 2525 367 2569 [ad
379 2526 595 2559 instantiam
613 2524 812 2559 cuiusdam
823 2524 1004 2570 presulis]
1019 2525 1076 2567 (2).

171 2579 236 2614 Ille
254 2579 315 2624 qui
332 2579 423 2614 dixit
439 2591 476 2614 se
494 2591 565 2614 non
583 2580 714 2615 audere
740 2580 862 2615 iurare
890 2580 984 2623 quod
1010 2579 1171 2614 Christus
1198 2577 1243 2612 sit.
1267 2579 1370 2612 natus
1396 2577 1440 2611 de
1457 2574 1619 2620 Virgine,
1637 2572 1752 2608 cruci-

129 2634 231 2674 fixus,
257 2637 339 2675 etc„
365 2637 417 2669 est
445 2635 549 2668 valde
580 2635 616 2668 in
641 2634 709 2669 fide
739 2638 923 2678 suspectus
951 2632 1038 2676 quin
1063 2633 1155 2667 male
1178 2631 1293 2676 sapiat
1316 2631 1360 2665 de
1382 2642 1436 2671 ea,
1455 2641 1522 2674 que
1538 2632 1590 2664 tot
1605 2627 1752 2663 testibus

129 2689 280 2733 probata
296 2693 359 2730 est,
379 2701 442 2733 per
471 2690 661 2733 apostolos
680 2689 930 2734 euangelistas,
957 2700 1021 2732 per
1044 2688 1208 2722 martires
1225 2685 1514 2724 innumerabiles,
1540 2695 1603 2727 per
1619 2683 1751 2717 confes-

177 2836 223 2877 (1)
240 2835 328 2870 Hier
343 2836 442 2879 volgt
458 2836 527 2870 dan
556 2847 619 2870 9911
644 2836 859 2880 godgeleerd
883 2836 1013 2880 betoog
1033 2836 1085 2870 als
1107 2835 1290 2869 antwoord
1315 2846 1359 2878 op
1381 2834 1425 2867 de
1447 2832 1602 2877 gestelde
1625 2843 1747 2875 vraag.

177 2890 223 2930 (2)
242 2890 330 2924 Deze
347 2890 514 2925 woorden
532 2894 633 2924 staan
648 2890 721 2925 niet
733 2901 801 2924 aan
818 2891 840 2924 ‘t
857 2890 963 2924 hoosd
981 2901 1049 2923 van
1061 2889 1113 2924 dit
1126 2889 1220 2929 stuk,
1235 2899 1336 2922 maar
1349 2888 1384 2922 in
1397 2888 1440 2935 de
1455 2886 1703 2921 inhoudstafel.
