2097 3466
803 208 936 244 ANNO
963 210 1061 244 1411
1704 213 1767 245 277

137 316 213 341 esse
229 303 349 340 Patris
361 306 396 339 et
408 307 549 348 tempus
561 304 778 349 novaelegis
789 315 865 340 esse
878 304 963 340 Filii
977 307 1013 340 ct
1025 315 1090 349 pro
1103 314 1199 339 nunc
1211 305 1351 347 tempus
1363 313 1437 337 esse
1455 301 1610 346 Spiritus
1629 302 1764 344 Sancti,

136 360 232 405 quod
254 359 381 394 dicunt
401 370 476 394 esse
499 363 638 403 tempus
656 360 794 401 Heliae,
813 371 883 403 quo
901 360 1182 395 removebuntur
1197 357 1409 401 scripturae,
1429 357 1479 391 ita
1496 361 1536 391 ut
1558 368 1650 400 quae
1666 358 1766 401 prius

135 418 307 458 tanquam
322 425 408 449 vera
431 413 668 454 habebantur,
682 416 759 459 jam
784 415 998 456 refutentur,
1017 413 1126 449 etiam
1150 416 1186 447 et
1210 411 1389 447 catholica
1413 411 1589 452 doctrina,
1616 411 1709 448 sicut
1733 418 1768 448 et

134 468 333 504 catholicae
356 468 535 509 veritates,
554 481 645 513 quac
662 474 925 504 consueverunt
950 468 1150 513 praedicari
1174 467 1218 502 de
1242 470 1464 510 paupertate.
1483 466 1707 502 continentia
1729 472 1765 503 et

133 522 338 559 obedientia
352 535 360 565 ;
391 534 544 566 quarum
573 523 749 558 virtutum
784 524 1000 568 oppositum,
1031 526 1071 557 ut
1100 524 1276 562 asserunt,
1304 525 1358 555 est
1387 521 1667 564 praedicandum
1699 523 1767 558 hoe

132 580 293 622 tempore
308 576 465 621 Spiritus
483 576 617 612 Sancti.
639 578 706 612 Hic
723 578 804 613 dico
825 579 920 622 quod
937 578 1025 613 talia
1043 587 1229 621 nunquam
1247 575 1370 610 audivi
1389 587 1453 610 nee
1471 576 1515 610 ab
1533 577 1686 620 Acgidio
1703 589 1767 613 nce

133 633 178 667 ab
204 632 298 667 aliis.
328 633 403 667 Nec
430 632 696 676 approbassem,
716 633 745 667 si
776 633 1006 674 audii-mem,
1032 643 1115 667 cum
1142 631 1307 675 implicat
1332 630 1666 666 contradictionem.
1687 631 1767 666 Una

132 687 229 723 enim
245 687 378 723 veritas
394 687 573 722 catholica
589 688 693 723 alteri
712 700 783 723 non
800 689 1055 724 contrariatur.

177 757 194 771 ‚-
210 740 302 777 Item
316 741 476 777 delatum
492 745 545 778 est
561 742 678 778 eidem
694 744 790 787 quod
806 743 979 787 quicquid
995 743 1046 778 eis
1069 741 1268 786 inspiratur
1283 752 1344 776 seu
1362 741 1408 776 ad
1428 741 1525 776 intra
1541 741 1762 786 suggeritur,

131 795 323 831 aestimant
352 796 448 840 quod
478 796 525 832 sit
553 808 575 832 a
607 797 745 841 Spiritu
778 798 923 834 Sancto.
958 798 1062 833 Unde
1093 797 1245 832 multum
1279 797 1379 831 fatua
1401 796 1626 840 saepedictus
1650 796 1764 831 laicus

131 851 272 895 saepius
298 851 500 887 attentavit.
519 852 613 887 Nam
640 856 786 896 propter
809 853 991 896 quandam
1018 854 1151 888 factam
1178 851 1246 886 sibi
1274 851 1548 895 inspirationem
1575 851 1642 887 ivit
1668 855 1764 887 totus

130 907 248 942 nudus
263 907 419 952 quadam
434 907 513 942 vice
536 918 600 951 per
622 907 769 952 longam
793 908 890 943 viam
917 911 1063 952 portans
1088 919 1196 951 super
1219 910 1328 951 caput
1351 918 1453 941 suam
1475 907 1663 941 scutellam
1679 919 1763 941 cum

130 963 300 998 carnibus
323 963 552 998 deferendam
576 963 721 998 cuidam
746 964 907 1008 pauperi.
928 964 997 999 Hic
1019 964 1102 999 dico
1125 964 1221 1008 quod
1248 963 1356 998 credo
1378 963 1447 998 hoc
1472 963 1548 998 fore
1571 974 1698 998 verum
1721 963 1765 998 de

129 1018 295 1064 Aegidio,
314 1018 400 1062 quia
412 1030 476 1062 per
492 1018 628 1053 nullius
644 1019 937 1055 informationem
954 1020 1088 1055 fatetur
1103 1031 1139 1054 se
1156 1030 1231 1053 esse
1246 1019 1448 1062 deceptum.

174 1091 191 1105 v
207 1075 298 1111 Item
321 1075 480 1110 delatum
496 1078 550 1110 est
571 1075 718 1110 domino
735 1075 986 1111 Cameracensi
1010 1075 1106 1120 quod
1129 1074 1311 1109 mirantur
1325 1075 1421 1118 quod
1437 1073 1568 1117 aliquis
1584 1085 1622 1109 se
1643 1073 1764 1118 signat

128 1130 233 1175 signo
249 1133 394 1165 sanctae
417 1129 535 1165 crucis
559 1133 718 1174 petentes
733 1143 740 1165 :
760 1130 854 1165 Estis
870 1142 932 1165 vos
947 1130 1067 1165 adhuc
1083 1128 1373 1164 benedicendus?
1399 1128 1468 1164 Hic
1483 1128 1565 1164 dico
1582 1129 1677 1172 quod
1693 1129 1762 1164 hoc

129 1184 252 1220 audivi
268 1195 290 1219 a
305 1185 381 1219 solo
397 1184 552 1229 Aegidio
568 1187 729 1229 tempore
745 1185 939 1229 praeterito
955 1187 989 1220 et
1007 1196 1079 1219 non
1095 1184 1140 1218 ab
1156 1184 1240 1218 alio.

171 1256 189 1270 n
214 1239 305 1275 Item
319 1240 479 1275 delatum
495 1243 548 1275 est
563 1240 710 1275 domino
736 1240 985 1275 Cameracensi
1009 1240 1055 1274 ad
1079 1239 1337 1283 quaestionem,
1356 1250 1427 1282 qua
1443 1239 1632 1283 quaeritur
1648 1239 1692 1274 ab
1709 1239 1761 1274 eis

128 1295 216 1340 quid
231 1296 500 1340 responderent,
519 1295 548 1330 si
572 1295 624 1330 eis
650 1295 923 1339 imponerentur
947 1294 1176 1330 credulitates
1192 1294 1483 1338 supradictorum
1507 1294 1758 1337 articulorum,

128 1352 386 1396 raeponderent
409 1351 504 1395 quod
527 1354 715 1396 negarent.
735 1350 804 1385 Hic
827 1351 908 1386 dico
936 1350 1032 1394 quod
1059 1349 1122 1394 qui
1145 1350 1240 1384 male
1267 1349 1356 1394 agit,
1376 1349 1452 1384 odit
1478 1349 1597 1384 lucem
1627 1352 1663 1385 et
1689 1361 1762 1385 non

127 1406 227 1441 venit
242 1406 288 1441 ad
303 1406 434 1440 lucem.
461 1405 507 1440 Et
530 1417 595 1449 per
624 1417 844 1449 consequens
870 1416 935 1450 per
960 1406 1070 1441 talem
1100 1404 1370 1449 responsionem
1400 1405 1593 1441 ostendunt
1623 1417 1659 1441 se
1685 1418 1760 1442 esse

126 1461 245 1502 falsos,
265 1460 295 1494 si
310 1463 363 1495 est
378 1459 440 1501 ita,
459 1460 555 1503 quod
571 1462 692 1495 tamen
707 1459 849 1504 ignoro.

171 1532 188 1546 n
212 1515 302 1550 Item
318 1518 572 1559 persuaserunt
587 1515 785 1550 imitatores
801 1515 1006 1559 praedictae
1022 1517 1139 1551 sectae
1162 1518 1198 1551 et
1221 1515 1414 1560 praecipue
1431 1516 1601 1552 mulieres
1627 1518 1757 1563 aliqui-

127 1571 192 1604 bus
209 1569 329 1614 probis
345 1569 433 1605 viris
449 1570 544 1613 quod
560 1570 604 1604 de
619 1574 738 1605 cetero
762 1581 828 1605 nec
853 1570 997 1614 publice
1025 1582 1091 1606 nec
1114 1571 1254 1606 occulte
1278 1571 1529 1615 praedicarent
1556 1573 1758 1609 castitatem

125 1627 189 1659 aut
204 1624 451 1668 virginitatem
468 1635 534 1659 nec
557 1625 891 1660 recommendarent
915 1624 1187 1666 continentiam,
1205 1629 1402 1660 asserentes
1426 1626 1564 1661 nullam
1588 1638 1662 1662 esse
1686 1628 1757 1663 vir-

126 1678 261 1723 ginem,
279 1690 354 1714 una
370 1682 511 1714 tantum
525 1679 681 1723 dempta,
701 1691 809 1723 quam
825 1679 953 1715 dicunt
969 1691 1044 1715 esse
1067 1679 1294 1724 sapientiam.
1312 1680 1412 1716 Istud
1435 1692 1508 1716 non
1531 1682 1696 1726 pervenit
1716 1684 1763 1719 ad

125 1744 231 1768 aures
242 1745 340 1768 meas
353 1734 392 1769 in
407 1734 570 1770 veritate.

170 1804 187 1819 n
210 1789 302 1825 Item
317 1789 477 1825 delatum
491 1793 544 1826 est
559 1790 706 1825 domino
722 1801 802 1826 meo
820 1791 1073 1826 Cameracensi
1090 1791 1186 1835 quod
1201 1791 1246 1826 de
1262 1792 1475 1837 purgatorio
1488 1796 1571 1828 sunt
1587 1794 1762 1829 contrarii

123 1843 307 1886 ecclesiae,
325 1844 494 1880 similiter
510 1845 554 1880 de
570 1844 724 1887 inferno,
744 1849 778 1881 et
802 1845 937 1881 habent
961 1847 1142 1890 quendam
1165 1847 1387 1891 singularem
1403 1848 1551 1883 modum
1573 1852 1609 1884 et
1636 1850 1761 1884 fictum

123 1899 294 1943 loquendi
309 1900 353 1934 de
376 1900 441 1935 illa
463 1900 627 1936 materia.
648 1900 717 1936 Hic
743 1900 825 1936 dico
856 1901 952 1945 quod
974 1901 1013 1936 in
1037 1901 1106 1936 ista
1132 1901 1285 1937 materia
1309 1914 1375 1937 nec
1389 1903 1502 1938 alium
1519 1904 1666 1939 modum
1693 1916 1760 1940 nec

124 1955 237 1990 alium
253 1967 396 1991 sensum
414 1967 522 1999 quam
538 1957 685 1991 modum
701 1959 738 1992 et
753 1968 896 1992 sensum
912 1968 1036 1992 sacrae
1053 1957 1254 2001 scripturae
1278 1957 1393 1993 habeo
1421 1970 1487 1994 nec
1510 1959 1643 1995 habere
1664 1961 1758 1995 volo.

123 2010 166 2046 In
182 2010 239 2045 his
254 2010 422 2046 omnibus
436 2023 494 2046 me
509 2011 682 2046 submitto
698 2012 743 2046 ad
760 2011 1021 2047 correctionem
1038 2015 1072 2048 et
1089 2013 1325 2048 directionem
1341 2014 1629 2049 reverendissimi
1647 2016 1760 2060 patris

122 2064 163 2100 in
179 2064 322 2100 Christo
339 2065 477 2100 domini
495 2065 561 2100 Dei
578 2066 699 2110 gratia
718 2066 986 2102 Cameracensis
1002 2067 1171 2111 episcopi.
1194 2083 1209 2097 »ν

169 2121 442 2157 Sententialiter
457 2121 495 2156 in
514 2121 559 2155 iis
579 2122 724 2165 scriptis
742 2122 1035 2157 condemnamus
1055 2122 1191 2158 Verum
1215 2134 1323 2167 super
1349 2122 1430 2157 aliis
1458 2124 1762 2168 propositionibus

123 2177 191 2212 tibi
215 2177 403 2221 impositis,
422 2188 469 2211 an
486 2177 629 2212 eosdem
645 2178 945 2222 dogmatizaveris
962 2178 1076 2219 velne,
1095 2178 1282 2213 veritatem
1307 2178 1518 2223 diligentius
1537 2181 1758 2224 perscrutari

123 2231 287 2273 fecimus,
305 2231 542 2267 denuntiante
559 2232 666 2266 fama.
685 2233 729 2267 Et
745 2232 830 2267 licet
842 2236 969 2268 contra
986 2236 1020 2267 te
1036 2244 1143 2276 super
1159 2233 1228 2267 hoc
1241 2233 1378 2267 clamor
1390 2234 1556 2278 famaque
1568 2235 1759 2271 vehemens

123 2299 196 2323 non
208 2287 353 2331 quidem
366 2287 410 2322 de
422 2287 620 2328 malevolis,
630 2288 691 2322 sed
704 2299 726 2322 a
739 2287 898 2331 providis
911 2290 947 2323 et
960 2288 1119 2323 honestis
1131 2288 1338 2329 invaluerit,
1351 2301 1422 2324 non
1435 2293 1555 2325 tamen
1569 2302 1676 2335 super
1689 2291 1760 2326 hiis

123 2342 323 2387 plenariam
339 2341 588 2386 probationem
604 2342 829 2387 attingimus.
849 2342 989 2378 Idcirco
1005 2346 1047 2378 ut
1058 2343 1109 2378 ibi
1123 2343 1374 2388 purgationem
1390 2345 1543 2389 recipias
1555 2346 1617 2381 ubi
1635 2358 1755 2383 nosce-

122 2398 173 2433 ris
188 2398 406 2439 diffamatus,
423 2401 458 2433 te
474 2409 582 2441 super
598 2397 671 2432 illis
692 2398 1009 2442 propositionibus,
1024 2410 1178 2443 quarum
1195 2403 1299 2434 tenor
1313 2400 1477 2444 sequitur
1492 2404 1527 2436 ct
1543 2405 1595 2437 est
1611 2402 1692 2438 talis
1707 2415 1714 2438 ε

166 2453 375 2499 Sequuntur
392 2455 666 2498 propositiones
684 2453 816 2496 falsae,
846 2464 1022 2488 erroneae
1045 2460 1078 2488 et
1101 2453 1318 2496 haereticae,
1338 2466 1430 2500 quas
1446 2466 1511 2500 eyo
1529 2457 1647 2500 frater
1673 2458 1760 2492 Wil-

123 2507 512 2552 helmusjudicialiter
523 2508 698 2552 abjurat-i
715 2513 747 2542 et
769 2507 892 2543 adhuc
907 2509 1051 2553 abjuro,
1071 2510 1117 2543 de
1133 2510 1265 2555 quibus
1283 2512 1458 2554 imposita
1474 2516 1524 2545 est
1541 2512 1637 2546 mihi
1653 2524 1760 2548 cano-

121 2566 208 2599 nica
222 2567 409 2609 ριινθαείο,
428 2565 517 2609 quia
533 2575 644 2608 super
661 2565 709 2598 iis
727 2569 856 2599 contra
873 2576 930 2599 me
945 2566 1017 2609 suit
1033 2566 1137 2610 fama
1149 2565 1302 2611 publica
1318 2571 1349 2599 et
1366 2566 1556 2602 vehemens
1571 2571 1733 2614 suspicio
1748 2582 1760 2605 :

166 2633 182 2647 κ
202 2619 339 2655 Prima.
353 2619 459 2661 Quod
475 2621 620 2665 expedit
636 2621 761 2656 multis
777 2633 927 2666 peccare
940 2626 1086 2667 propter
1101 2622 1325 2658 occasionem
1341 2623 1585 2668 dispositionis
1596 2625 1642 2661 ad
1655 2626 1759 2662 bene-

122 2674 308 2720 placitum.

167 2746 184 2761 n
203 2730 380 2766 Secunda.
401 2731 505 2773 Quod
522 2735 623 2767 actus
649 2732 802 2768 coeundi
819 2733 1036 2769 naturaliter
1059 2737 1094 2769 et
1117 2733 1181 2769 tali
1208 2733 1407 2770 intentione
1422 2739 1539 2779 posset
1561 2736 1641 2772 fieri
1664 2738 1760 2782 quod

121 2786 258 2821 valeret
271 2789 412 2821 tantum
428 2787 522 2822 sicut
540 2787 656 2822 oratio
673 2799 794 2822 coram
813 2788 898 2823 Deo.

167 2855 183 2870 n
205 2840 341 2876 Tertia.
361 2841 579 2886 Quicunque
605 2853 687 2877 cum
705 2843 804 2878 cultu
822 2856 971 2888 operum
993 2845 1234 2890 poenitentiae
1252 2847 1464 2892 jejunando,
1482 2847 1618 2882 orando
1641 2850 1677 2883 et
1699 2849 1759 2883 ab·

125 2894 318 2932 straheudo
334 2897 430 2942 quod
444 2900 597 2934 naturae
609 2897 821 2935 delectabile
832 2902 896 2942 est,
911 2899 996 2936 licet
1007 2899 1046 2936 in
1058 2900 1127 2936 hoc
1138 2913 1175 2937 se
1187 2902 1391 2945 mortificet,
1403 2911 1524 2939 tamen
1535 2914 1609 2939 non
1620 2902 1760 2949 indiget
