2097 3466
319 238 380 271 148
928 231 1059 268 ANNO
1085 234 1198 273 1290,
1227 233 1325 267 1294

1065 370 1179 413 156.

383 500 518 548 1290,
555 499 668 541 ιῙιιηί
686 499 762 549 22,
793 499 982 543 Oro-ieta.
1026 498 1103 541 Bul
1138 510 1222 540 van
1254 496 1458 539 Nikolaas
1480 495 1540 538 IV
1573 495 1741 551 gericht
1762 496 1828 538 tot
1849 494 1954 538 den.

318 569 434 625 prior
458 567 718 624 provinciaal
741 568 817 610 der
833 567 1144 623 predikheeren
1165 566 1207 608 in
1232 564 1464 621 Frankrijk
1483 577 1550 606 om
1567 564 1667 606 hem
1689 566 1732 606 te
1754 563 1933 607 bevelen

317 651 388 680 zes
406 636 609 680 broeders
630 637 767 693 zijner
783 636 885 678 orde
908 636 971 678 als
994 634 1271 690 inquisiteurs
1294 647 1398 676 over
1419 631 1495 676 dat
1515 632 1767 689 koninkrijk
1789 645 1872 675 aan
1889 635 1933 675 te

319 706 490 748 stellen.
537 705 607 749 Dit
649 704 830 762 gebeurt
872 717 924 760 op
965 716 1186 759 aanvraag
1222 716 1307 745 van
1344 701 1508 758 koning
1548 701 1713 758 Philips
1754 700 1817 745 IV
1850 699 1934 744 den

320 774 530 818 Schoone.
1079 775 1083 778 ’

364 889 464 924 Prae
476 891 612 924 cunctis
625 892 756 925 mentis
770 895 970 925 nostrae.
984 890 1118 924 Datum
1132 888 1233 933 apud
1251 888 1380 924 Urbem
1397 888 1568 930 Veterem,
1584 888 1622 922 X
1630 886 1812 922 kalendas
1824 886 1932 928 Julii,

317 944 553 989 pontificatus
569 948 687 980 nostri
703 957 801 980 anno
816 948 932 979 tertio.

666 1021 800 1066 Ripou,
826 1021 903 1056 decl
926 1021 971 1062 11,
997 1021 1063 1056 blz.
1090 1022 1142 1055 29.
1172 1019 1360 1062 (Potthast,
1386 1019 1452 1054 blz.
1480 1021 1574 1060 1873,
1601 1026 1639 1054 nr
1662 1019 1796 1061 23297.)
1817 1036 1862 1043 —
1884 1017 1937 1053 De

710 1075 985 1119 bewoordingen
1009 1075 1111 1109 dezer
1134 1074 1195 1107 bul
1219 1075 1287 1116 zijn
1311 1073 1428 1108 schier
1443 1073 1598 1108 dezelfde
1619 1073 1670 1107 als
1692 1072 1750 1108 die
1765 1084 1835 1107 van
1859 1072 1935 1108 Cle-

712 1142 811 1165 mens
834 1130 883 1164 1V
907 1132 960 1171 (26
984 1128 1158 1163 Februari
1184 1129 1291 1169 1266),
1317 1128 1418 1163 reeds
1444 1128 1482 1162 in
1505 1127 1563 1162 die
1586 1139 1656 1162 van
1683 1128 1878 1172 Gregorius
1900 1127 1937 1162 X

712 1187 766 1227 (29
781 1184 884 1229 April
901 1185 996 1226 1273)
1013 1192 1285 1227 overgenomen.
1304 1183 1365 1218 Zie
1388 1183 1524 1227 hooger
1547 1194 1633 1218 onze
1652 1189 1704 1218 ῐιΐ8
1722 1185 1782 1219 141
1799 1194 1844 1218 en
1862 1184 1935 1218 144.

1073 1330 1187 1376 157.

386 1459 524 1511 1294,
546 1458 683 1515 April
707 1459 779 1508 14,
803 1456 1031 1514 (Utreelzc).
1058 1457 1321 1501 Uittreksels
1344 1457 1408 1500 uit
1439 1457 1491 1500 de
1514 1458 1720 1515 synodale
1744 1459 1940 1501 statuten

326 1541 411 1571 van
434 1529 515 1571 Jan
539 1528 579 1570 II
602 1541 683 1570 van
708 1527 851 1584 Zyrik,
875 1526 1214 1583 prins-hisschop
1237 1541 1320 1570 van
1345 1527 1544 1578 Utrecht,
1572 1540 1675 1570 over
1696 1527 1748 1570 de
1779 1525 1942 1570 behan-

326 1597 471 1652 deling
494 1596 569 1639 der
591 1595 770 1639 ketters.
799 1621 854 1626 —
879 1598 936 1638 De
959 1595 1157 1651 bisscliop
1186 1595 1354 1638 beveelt
1377 1608 1429 1651 op
1454 1595 1568 1638 sti-af
1599 1610 1684 1638 van
1717 1595 1799 1638 den
1836 1594 1941 1638 ban-

324 1665 450 1708 vloek
473 1679 553 1707 aan
577 1665 687 1721 zijne
710 1664 1054 1721 geestelijkheid,
1081 1665 1155 1707 dat
1186 1664 1339 1706 zekere
1371 1664 1644 1706 overtreders
1678 1665 1754 1706 der
1782 1664 1941 1707 kerke-

324 1733 427 1789 lijke
464 1737 643 1784 wetten,
686 1733 943 1775 waaronder
980 1733 1030 1775 de
1067 1733 1251 1785 ketters,
1294 1746 1473 1775 namens
1510 1733 1592 1775 den
1635 1732 1835 1788 bisschop
1877 1732 1942 1775 als

324 1802 667 1858 gebanvloekten
687 1802 878 1857 plechtig
903 1806 968 1843 ter
986 1801 1151 1845 kerken
1177 1804 1345 1844 moeten'
1365 1801 1643 1856 nitgeroepen
1671 1802 1862 1853 worden,
1889 1815 1942 1844 en

326 1872 389 1913 dit
411 1871 636 1913 tweemaal
659 1871 689 1912 ’s
707 1871 844 1927 jaars,
871 1877 913 1913 te
932 1874 1073 1912 weten
1096 1870 1177 1912 den
1201 1874 1372 1912 eersten
1391 1870 1558 1926 zondag
1576 1884 1658 1912 van
1677 1870 1752 1913 het
1770 1870 1945 1913 Advent

327 1953 380 1982 en
434 1939 514 1981 den
558 1939 725 1994 zondag
768 1953 824 1981 na
865 1939 1278 1994 Asschewoensdag.
1327 1939 1424 1981 Van
1467 1934 1563 1980 hen'
1601 1952 1757 1994 mogen
1809 1952 1944 1994 geene

328 2007 576 2050 offeranden
613 2007 788 2049 worden
823 2021 1132 2062 aangenoinen.
1174 2009 1231 2064 Zij
1269 2010 1436 2049 moeten
1471 2007 1552 2048 ook
1585 2021 1667 2050 van
1691 2007 1775 2049 alle
1799 2021 1943 2050 sacra-

328 2081 501 2119 menten
525 2090 577 2118 en
602 2089 684 2117 van
709 2076 759 2118 de
782 2075 1020 2131 begraving
1048 2077 1090 2118 in
1114 2076 1164 2118 de
1189 2075 1370 2132 gewijde
1394 2075 1522 2117 aarde
1550 2074 1723 2118 beroofd
1745 2076 1939 2118 worden.

327 2147 385 2188 De
418 2145 623 2199 priesters
654 2145 796 2186 zullen
830 2145 905 2187 het
930 2145 1173 2202 Latijnsche
1204 2144 1385 2200 rijmpje,
1414 2143 1487 2186 dat
1511 2144 1561 2186 de
1584 2143 1944 2202 hisschoppelijke

329 2214 525 2269 gevallen
550 2218 728 2268 opsomt,
755 2226 839 2254 aan
861 2214 890 2255 ’t
908 2213 1008 2256 volk
1031 2227 1082 2268 op
1106 2213 1187 2255 den
1212 2212 1475 2268 predikstoel
1496 2213 1726 2255 voorlezen
1749 2226 1803 2255 en
1825 2213 1870 2257 in
1892 2213 1944 2256 de

332 2282 596 2324 moedertaal
620 2282 856 2337 uitleggen.

374 2404 491 2439 XXV.
511 2404 598 2438 Item
621 2402 860 2447 praecipimus
883 2403 948 2437 sub
972 2414 1085 2447 poena
1108 2403 1486 2439 excommunicationis
1491 2431 1598 2437 .....
1625 2403 1822 2439 haereticos
1834 2431 1942 2446 .....

331 2459 399 2493 nisi
423 2459 467 2492 ad
485 2458 662 2502 gremium
678 2458 803 2491 matris
819 2458 989 2492 ecclesiae
1006 2463 1233 2493 revertantur
1248 2462 1282 2492 et
1305 2459 1548 2499 absolvantur,
1566 2457 1620 2492 bis
1645 2457 1683 2491 in
1706 2469 1802 2493 anno
1823 2461 1943 2494 aucto-

330 2513 436 2547 ritato
468 2516 587 2547 nostra
617 2512 826 2546 denunciari
866 2512 1007 2555 publice
1037 2512 1379 2553 excommunicatos,
1420 2511 1587 2547 videlicet
1610 2513 1726 2556 prima
1757 2514 1946 2549 Dominica

331 2570 501 2602 adventus
519 2567 661 2601 Domini
678 2570 713 2601 et
729 2566 916 2601 Dominica
933 2571 1008 2610 post
1028 2567 1183 2608 Cineres,
1199 2567 1364 2601 videlicet
1381 2567 1565 2600 Invocavz't
1582 2578 1649 2601 me.
1668 2569 1743 2603 Nec
1755 2569 1799 2603 ab
1813 2569 1945 2604 eisdem

332 2624 528 2658 oblationes
558 2622 732 2665 recipiant
771 2634 835 2656 nce
866 2622 999 2656 eisdem
1034 2622 1275 2656 ecclesiastica
1304 2624 1528 2656 sacramenta
1558 2621 1808 2658 ministrentur
1836 2627 1871 2659 et
1900 2623 1946 2659 ad

330 2679 548 2721 sepulturam
565 2676 839 2711 ecclesiasticam
857 2676 1004 2711 minime
1020 2677 1266 2711 admittantur.

375 2733 459 2767 Item
479 2732 725 2776 praecipimus,
745 2734 785 2764 ut
808 2731 957 2774 quilibet
979 2735 1123 2766 curatus
1147 2731 1277 2766 habeat
1299 2742 1420 2765 versus
1437 2731 1480 2765 de
1509 2730 1648 2765 casibus
1672 2731 1944 2776 episcopalibus,

329 2787 372 2820 (16
389 2787 516 2830 quibus
532 2786 596 2820 soli
621 2786 688 2829 ipsi
713 2794 748 2820 et
772 2786 974 2829 superiores
989 2787 1121 2821 habent
1137 2787 1320 2821 absolvere
1337 2798 1397 2821 seu
1423 2786 1478 2820 illi
1502 2785 1564 2829 qui
1587 2787 1632 2821 ab
1656 2787 1789 2822 eisdem
1813 2788 1946 2823 habent

328 2847 535 2887 potestatem
551 2856 558 2885 ς
577 2846 611 2876 et
635 2841 750 2885 primo
767 2853 869 2877 casus
892 2840 1060 2887 legantur
1082 2842 1121 2877 in
1146 2843 1259 2878 latina
1282 2845 1317 2878 et
1340 2845 1461 2887 postea
1484 2842 1611 2886 lingua
1627 2845 1790 2878 materna
1813 2843 1945 2887 populo

331 2901 554 2941 exponantur
577 2896 635 2931 isti
658 2908 802 2932 versus:
