2097 3466
294 248 333 282 10
983 241 1118 276 ANNO
1145 243 1244 277 1076

292 340 414 375 dolore
440 337 548 381 positi
574 347 713 371 sumus.
749 334 842 370 Nam
869 335 1068 379 plurimum
1088 345 1270 377 veremur,
1294 334 1324 370 si
1352 334 1426 369 illis
1448 333 1661 370 miserrimis
1686 339 1724 371 et
1752 335 1916 380 perditis-

292 394 392 429 simis
408 392 496 427 viris
526 390 711 426 audientia
733 389 850 425 sancti
876 389 1028 426 Concilii
1052 388 1158 433 (sicut
1183 388 1253 433 ipsi
1275 389 1320 424 de
1347 400 1461 433 poena
1485 389 1603 424 securi
1627 390 1822 434 postulant)
1837 401 1915 435 per·

294 450 471 488 mittatur,
504 458 587 482 cum
616 446 660 481 de
690 449 791 481 tanta
825 444 1119 490 praesumptione
1149 444 1304 479 revictos
1335 443 1460 488 puniri
1492 445 1643 480 minime
1682 446 1914 489 concedetur,

293 504 507 549 gravissima
523 503 693 537 scandala
716 503 756 537 in
772 503 935 537 omnium
967 501 1130 535 fidelium
1153 500 1286 544 populo
1310 500 1497 545 generari.
1519 501 1624 536 Certe
1639 512 1728 545 quos
1743 501 1919 537 videbunt

294 557 491 602 impunitos
515 561 550 592 et
576 568 804 601 nequaquam
832 568 853 591 a
883 556 939 593 sui
966 555 1101 600 gradus
1126 555 1265 590 honore
1291 554 1461 599 dejectos,
1491 556 1633 591 eosdem
1663 557 1844 600 putabunt
1871 558 1918 593 ab

295 615 394 649 omni
419 612 581 648 Concilio
599 615 662 647 aut
684 611 783 646 vinci
821 623 895 647 non
922 611 1082 656 potuisse
1109 613 1172 645 aut
1209 610 1427 654 justificatos
1465 622 1551 653 esse,
1585 614 1762 655 eruntque
1788 612 1842 656 (ut
1867 611 1920 648 ita

295 669 426 711 dicam)
443 668 637 703 novissima
652 671 776 711 pejora
794 666 994 710 prioribus.

340 725 437 768 Ergo
454 726 679 767 majestatem
695 727 796 757 tuam
813 733 935 757 omnes
952 723 1137 756 exoratam
1153 720 1340 758 vellemus.
1357 722 1398 755 ut
1413 719 1562 756 interim
1586 719 1735 756 illorum
1752 720 1917 766 impiam,

296 779 510 823 sacrilegam
544 782 579 813 et
627 778 803 812 nefariam
844 777 1079 813 assertionem
1110 776 1237 811 audire
1277 775 1569 818 contemneretis,
1613 776 1727 811 donec
1771 780 1920 822 accepta

298 835 485 870 Romanae
510 834 604 869 sedis
631 833 848 868 auctoritate
865 833 910 867 ad
940 843 1108 877 praesens
1130 831 1212 866 illos
1236 834 1314 875 post
1337 830 1560 866 audientiam
1584 830 1782 866 damnandi
1808 834 1921 876 potes·

298 893 408 925 tatem
432 888 630 924 haberetis.
661 887 889 931 Quamquam
916 886 1125 931 hujusmodi
1151 885 1316 921 homines
1338 895 1567 929 nequaquam
1588 888 1752 930 oporteat
1787 885 1919 928 audiri,

299 955 413 988 neque
442 948 516 978 tam
548 947 601 978 est
631 954 696 988 pro
723 943 798 977 illis
829 942 1034 977 Concilium
1063 941 1313 977 advocandum
1343 952 1452 984 quam
1483 941 1527 975 de
1558 940 1708 976 illorum
1739 941 1919 986 supplicio

299 999 574 1044 exquirendum.
594 999 698 1033 Tunc
724 998 858 1041 quippe
884 996 1062 1032 haeretici
1090 996 1262 1031 audiendi
1292 997 1451 1037 fuerunt,
1481 995 1626 1040 quando
1658 999 1693 1031 et
1715 995 1784 1031 hae
1820 995 1922 1040 ipsae

300 1060 334 1090 et
364 1053 572 1098 hujusmodi
601 1053 842 1097 quaestiones,
860 1054 984 1096 utpote
1007 1063 1099 1095 quae
1123 1051 1284 1086 nondum
1300 1051 1345 1086 ad
1371 1062 1533 1096 unguem
1550 1051 1732 1087 discussae
1754 1050 1922 1092 fuissent,

299 1111 338 1146 in
356 1110 507 1145 dubium
523 1109 649 1145 venire
665 1111 869 1153 potuerant,
888 1112 929 1142 ut
945 1118 1009 1151 per
1024 1118 1258 1152 congressum
1275 1107 1484 1142 certaminis
1501 1109 1703 1151 patesceret
1731 1109 1815 1141 utra
1841 1117 1926 1150 pars

300 1170 412 1201 staret
435 1176 502 1209 pro
520 1165 725 1200 defensione
743 1163 917 1199 veritatis.
937 1163 1040 1204 Quod
1064 1163 1161 1198 idem
1177 1173 1274 1198 nunc
1290 1163 1451 1206 profecto
1475 1161 1557 1197 fieri
1580 1173 1653 1197 non
1668 1165 1821 1206 oportet,
1838 1162 1925 1206 quia

301 1220 548 1257 celeberrimis
571 1223 778 1255 sanctorum
802 1222 949 1263 patrum
977 1219 1161 1262 Conciliis,
1186 1222 1264 1253 tum
1300 1217 1409 1253 etiam
1433 1217 1698 1253 venerabilium
1732 1217 1923 1253 doctorum

301 1277 510 1313 clarissimis
525 1276 713 1312 sententiis
742 1276 793 1311 ita
809 1275 931 1311 omnia
946 1278 1030 1310 sunt
1061 1275 1232 1318 eliquata,
1251 1277 1292 1309 ut
1307 1286 1353 1309 ne
1368 1274 1562 1309 minimum
1577 1273 1724 1317 quidem
1750 1273 1926 1310 resederit

302 1334 346 1370 de
362 1334 459 1369 omni
477 1334 576 1368 faece
591 1331 844 1367 dubitationis.
866 1331 1004 1366 Deinde
1030 1330 1192 1365 recitatis
1209 1329 1250 1364 S.
1273 1329 1405 1365 Leonis
1420 1341 1545 1374 papae,
1565 1328 1707 1374 Cyrilli,
1725 1328 1922 1371 Ambrosii,

301 1388 511 1433 Augustini,
538 1386 678 1428 Basilii,
705 1385 863 1427 Eusebii,
891 1384 1025 1419 Hilarii
1055 1389 1090 1419 et
1122 1384 1292 1420 Toletani
1324 1384 1481 1419 Concilii
1510 1383 1688 1419 verbatim
1720 1383 1923 1425 sententiis,

302 1444 433 1488 quibus
449 1443 672 1477 demonstrat
695 1452 836 1476 errores
851 1438 1064 1484 Berengarii
1081 1443 1159 1484 jam
1182 1438 1292 1474 fuisse
1309 1439 1578 1481 condemnatos,
1595 1439 1648 1474 sic
1663 1439 1808 1474 tandem
1824 1449 1927 1483 pero-

302 1505 380 1537 rat:
414 1500 649 1543 quamobrem
666 1497 874 1532 Brunonem
889 1499 926 1531 et
951 1495 1217 1540 Berengarium
1235 1499 1313 1539 jam
1337 1494 1658 1530 anathematizatos
1681 1494 1922 1530 arbitramur.

304 1556 407 1599 Quod
437 1556 468 1591 si
496 1556 549 1590 ita
572 1557 636 1596 est,
676 1564 758 1588 vere
789 1552 862 1587 illis
894 1551 1048 1587 Concilii
1072 1551 1259 1586 audientia
1281 1551 1494 1595 deneganda
1517 1554 1597 1595 est3
1627 1553 1663 1587 et
1690 1561 1774 1586 cum
1797 1550 1927 1586 vestris

304 1623 458 1656 cumque
472 1610 605 1646 nostris
629 1607 806 1653 episcopis
829 1612 864 1642 et
886 1607 930 1651 (si
953 1607 1005 1641 ita
1020 1606 1123 1641 vobis
1144 1605 1300 1650 videtur)
1317 1617 1400 1641 cum
1416 1605 1534 1641 amico
1550 1608 1669 1641 vestro
1693 1605 1925 1650 imperatore,

304 1679 387 1702 cum
415 1667 493 1711 ipso
521 1677 625 1710 papa,
657 1675 749 1708 quae
778 1662 940 1698 vindicta
983 1661 1023 1696 in
1069 1660 1152 1696 illos
1183 1664 1376 1705 statuatur,
1408 1661 1700 1697 deliberandum.
1736 1661 1801 1696 Est
1829 1660 1928 1697 enim

299 1727 450 1768 justum,
476 1727 517 1757 ut
541 1731 696 1766 quorum
723 1730 851 1754 manus
883 1721 967 1754 sunt
997 1720 1125 1753 contra
1156 1728 1291 1759 omneS,
1319 1716 1484 1752 omnium
1514 1728 1644 1753 manus
1674 1719 1803 1753 contra
1834 1715 1931 1762 ipsos

305 1778 524 1813 excitentur.

651 1832 743 1866 Dom
758 1831 934 1875 Bouquet‚
944 1828 1095 1866 Recueil
1111 1828 1174 1863 des
1184 1827 1383 1862 historiens
1399 1827 1460 1862 des
1471 1826 1609 1864 Gaulos
1620 1832 1653 1862 et
1665 1827 1710 1862 de
1723 1827 1761 1862 Ia
1771 1827 1927 1869 France',

695 1887 774 1922 deel
796 1885 862 1928 XI,
888 1886 960 1920 blz.
989 1886 1146 1921 497·498.
1165 1902 1210 1909 —
1233 1882 1329 1918 Over
1355 1882 1414 1918 die
1437 1882 1597 1926 ketterij,
1628 1881 1681 1918 zie
1710 1881 1753 1917 O.
1782 1881 1928 1925 Delarc,

697 1942 767 1976 Les
784 1941 949 1985 oriyines
965 1940 1010 1974 de
1033 1939 1200 1974 l'lzeresie
1216 1938 1261 1973 de
1276 1938 1466 1982 Berenyer
1487 1937 1526 1972 in
1548 1938 1593 1973 de
1608 1938 1730 1974 Revue
1747 1937 1811 1973 des
1827 1947 1930 1982 ques-

697 1998 791 2032 tions
808 1994 1044 2040 historiques,
1063 1994 1143 2030 deel
1158 1993 1244 2036 XX,
1261 1993 1332 2028 blz.
1355 1994 1418 2030 115
1433 1992 1566 2036 (1876).

1098 2121 1152 2166 6.

370 2248 507 2298 1076,
534 2245 788 2291 November
812 2247 885 2296 10,
913 2246 1069 2288 Rome.
1096 2244 1175 2288 Bul
1198 2257 1282 2287 van
1305 2243 1541 2300 Gregorius
1557 2242 1653 2294 VII,
1675 2241 1847 2298 gericht
1866 2242 1932 2284 tot

307 2316 459 2369 Adela,
486 2317 639 2373 gravin
658 2330 740 2359 van
760 2315 1049 2365 Vlaanderen,
1073 2327 1177 2357 over
1199 2314 1251 2356 de
1273 2313 1526 2370 ontuchtige
1545 2312 1753 2369 priesters
1773 2324 1826 2354 en
1849 2310 1932 2353 den

309 2385 588 2429 ketterschen
612 2384 887 2428 aartsdiaken
922 2382 1159 2426 Hubertus.
1187 2407 1243 2413 --
1265 2383 1324 2424 De
1347 2396 1451 2438 paus
1474 2381 1643 2424 beveelt
1665 2381 1774 2424 haar
1795 2394 1933 2436 geene

310 2454 562 2510 ontuchtige
595 2454 800 2509 priesters
832 2457 876 2496 te
907 2465 1062 2494 nemen
1095 2464 1163 2493 om
1194 2450 1246 2492 de
1279 2450 1359 2493 mis
1397 2455 1437 2493 te
1458 2451 1596 2501 lezen,
1623 2448 1729 2492 daar
1748 2450 1839 2493 hun
1871 2448 1934 2492 dit

310 2528 463 2579 streng
495 2522 712 2566 verboden
740 2523 790 2564 is.
819 2521 912 2566 Ook
932 2521 998 2564 zal
1021 2520 1073 2577 zij
1098 2520 1127 2563 ’t
1159 2533 1236 2562 oor
1253 2520 1343 2562 niet
1366 2521 1519 2562 leenen
1549 2532 1633 2561 aan
1655 2517 1706 2560 de
1728 2516 1934 2560 woorden

310 2605 395 2634 van
433 2592 515 2634 den
551 2590 825 2636 aartsdiaken
861 2589 965 2647 (van
1001 2588 1232 2646 Terwaan)
1269 2587 1505 2640 Hubertus,
1543 2586 1612 2629 die
1649 2585 1754 2628 door
1796 2599 1934 2629 eenen

313 2660 577 2716 pauselijken
600 2661 744 2716 legaat
760 2662 804 2702 te
823 2657 1056 2701 Montreuil
1079 2657 1142 2699 als
1165 2656 1312 2699 ketter
1333 2656 1454 2699 werd
1480 2653 1774 2698 veroordeeld.

358 2768 554 2813 Gregorius
571 2768 769 2812 episeopus,
784 2777 907 2801 servus
924 2774 1110 2800 servorum
1127 2764 1205 2806 Dei,
1221 2765 1359 2806 Adilae,
1379 2762 1597 2800 Flandrensi
1612 2761 1827 2804 comitissae,
1841 2761 1934 2796 salu-

314 2832 386 2860 tem
402 2830 437 2859 et
453 2824 687 2868 apostolicam
703 2822 1004 2857 benedictionem.

359 2878 530 2913 Pervenit
553 2878 596 2911 ad
620 2889 724 2913 aures
746 2883 897 2919 nostras,
916 2878 1009 2921 quod
1033 2877 1179 2921 quidam
1196 2879 1354 2911 vestrum
1371 2875 1539 2911 dubitant
1553 2877 1677 2909 utrum
1693 2883 1806 2908 necne
1822 2882 1937 2906 sacer·

315 2934 414 2970 dotes
441 2945 482 2969 ac
508 2935 638 2969 levitae
665 2946 726 2970 seu
753 2933 876 2975 ceteri,
905 2932 966 2977 qui
994 2933 1106 2969 sacris
1133 2931 1308 2967 altaribus
1335 2930 1601 2971 administrant,
1630 2929 1669 2965 in
1699 2927 1938 2964 fornicatione
