2097 3466
766 254 902 292 ANNo
925 254 1030 292 1112
1686 253 1732 292 12

131 349 303 392 Quodam
338 349 449 385 etiam
480 353 658 395 tempore,
692 350 779 386 dum
809 362 945 387 novum
974 362 1092 396 >genus
1123 353 1295 395 quaestus
1336 360 1430 386 nova
1473 349 1730 386 adinventione

88 405 374 448 machinaretur,
391 406 573 450 quandam
598 405 798 451 imaginem
822 419 849 441 s.
870 406 1014 442 Mariae
1037 406 1171 450 (stupet
1193 406 1337 441 animus
1360 406 1495 450 dicere)
1513 406 1551 440 in
1570 406 1731 442 medium

87 461 334 497 multitudinis
358 461 464 497 iussit
495 461 631 504 afferri,
664 466 700 497 et
723 463 898 498 accedens
921 471 1142 506 manumque
1166 462 1341 507 imaginis
1377 472 1488 497 manu
1513 462 1731 507 contingens

87 517 154 552 sub
166 520 253 562 typo
268 516 368 552 illius
384 529 412 553 s.
433 517 591 552 Mariam
607 517 677 553 sibi
693 518 940 562 desponsavit.
971 517 1247 552 Sacramentum
1265 526 1301 552 et
1316 517 1481 552 solennia
1497 517 1561 552 illa
1572 517 1728 562 despon-

87 573 238 609 sationis
250 574 372 616 verba,
390 576 431 609 ut
445 574 557 619 vulgo
570 573 652 609 fieri
681 574 783 615 solet,
802 574 972 609 universa
984 573 1163 618 sacrilego
1177 585 1239 609 ore
1254 573 1458 617 proferens:
1475 587 1491 602 u
1509 572 1576 615 En,
1594 573 1726 618 inquit,

88 628 327 672 dilectissimi,
344 629 526 674 virginem
551 629 708 664 Mariam
731 628 824 663 mihi
848 629 1088 673 desponsavi;
1111 639 1176 663 vos
1206 629 1389 672 sponsalia
1420 632 1455 664 et
1483 636 1649 674 sumptus
1680 628 1726 663 ad

88 685 234 730 nuptias
250 685 432 721 exhibete.
454 703 471 721 n
491 686 685 730 Exponens
717 686 807 720 duos
837 685 987 728 loculos,
1014 696 1129 720 unum
1158 696 1179 719 a
1204 684 1354 727 dextris,
1381 685 1494 720 alium
1519 697 1541 719 a
1571 683 1729 720 sinistris

88 741 280 786 imaginis:
300 755 316 769 α
337 740 428 781 Huc.
450 741 580 785 inquit,
599 741 754 776 offerant
770 741 854 783 viri,
872 741 962 776 illuc
979 740 1167 784 mulieres3
1186 740 1340 775 viderim
1357 751 1467 782 nunc,
1487 741 1606 776 utrius
1621 751 1729 776 sexus

87 796 206 832 maior
227 797 327 833 circa
350 809 408 832 me
432 801 468 832 et
495 807 662 841 sponsam
686 808 804 831 meam
822 797 960 832 ferveat
975 796 1121 831 caritas.
1141 811 1158 826 „
1176 795 1222 830 Et
1246 807 1328 831 ecce
1346 807 1430 830 cum
1454 796 1669 831 muneribus
1693 800 1728 832 et

88 852 334 888 oblationibus
364 853 532 888 certatim
560 853 637 887 ruit
664 852 916 887 insanissimus
942 852 1112 896 populus.
1138 849 1312 887 Mulieres
1335 851 1483 886 inaures
1513 856 1549 887 et
1579 852 1732 888 monilia

88 907 294 952 iaciebant3
321 911 356 943 et
379 908 431 942 sic
448 918 522 943 non
537 907 615 942 sine
633 907 862 942 insanissimo
886 906 1080 951 sacrilegio
1106 905 1289 941 infinitam
1313 906 1498 941 contraxit
1520 907 1727 950 pecuniam.

90 962 160 998 Sed
183 966 219 998 et
242 963 344 998 faber
367 962 542 998 ferrarius
565 961 726 1006 quidam,
749 963 896 997 nomine
920 961 1116 1010 Manasses,
1136 972 1243 1005 quem
1268 972 1353 996 cum
1376 961 1553 996 scelerato
1580 961 1730 998 homine

89 1020 200 1055 etiam
216 1020 351 1055 avobis
372 1020 558 1055 detentum
585 1019 802 1061 audivimus,
831 1019 994 1062 exemplo
1019 1019 1231 1063 nequissimi
1260 1018 1429 1063 magistri
1461 1018 1727 1053 fraternitatem

87 1075 283 1119 quandam,
293 1086 402 1118 quam
414 1075 521 1110 Gilda
531 1076 644 1120 vulgo
657 1075 852 1119 appellant,
863 1074 1090 1117 instituerat3
1103 1073 1142 1108 in
1154 1084 1226 1117 qua
1242 1073 1434 1108 duodecim
1446 1073 1543 1108 viros
1558 1074 1597 1108 in
1611 1073 1731 1112 figura

87 1130 280 1165 duodecim
296 1130 542 1174 apostolorum
570 1136 605 1165 et
621 1142 733 1165 unam
749 1134 892 1165 tantum
909 1130 1083 1165 feminam
1100 1130 1139 1164 in
1155 1129 1277 1174 figura
1295 1129 1334 1163 B.
1357 1128 1497 1164 Mariae
1514 1128 1704 1164 constituit
1719 1141 1728 1173 3

91 1196 196 1232 quae,
210 1189 252 1220 ut
267 1186 401 1227 ferunt,
419 1197 483 1230 per
498 1185 663 1231 singulos
680 1185 829 1220 illorum
844 1185 1036 1220 duodecim
1063 1183 1421 1226 circumducebatur,
1439 1192 1474 1219 et
1491 1184 1536 1219 ad
1554 1184 1728 1219 iniuriam

90 1245 342 1276 sacrosanctae
361 1240 526 1286 Virginis
542 1240 682 1277 nefaria
705 1240 945 1285 turpitudine,
959 1239 1064 1284 quasi
1080 1239 1125 1275 ad
1143 1239 1458 1275 confirmationem
1476 1240 1728 1283 fraternitatis,

88 1295 246 1342 singulis
266 1296 502 1331 miscebatur.

133 1351 329 1396 Presbyter
347 1353 456 1387 etiam
472 1350 633 1396 quidam,
649 1351 934 1387 Everwacherus
957 1351 1148 1390 nominea
1166 1351 1385 1387 sacerdotali
1396 1351 1576 1396 dignitate
1589 1356 1729 1396 aposta-

89 1410 170 1443 tans
193 1407 341 1443 nefandi
357 1406 515 1442 hominis
528 1406 739 1451 magisterio
762 1408 946 1450 adhaesit3
964 1406 1028 1451 qui
1041 1412 1077 1442 et
1091 1406 1198 1442 illum
1219 1406 1374 1442 Romam
1387 1412 1609 1451 prosecutus,
1622 1408 1730 1443 mari-

89 1461 180 1497 tima
190 1461 281 1505 loca,
291 1469 458 1506 quartam
470 1463 610 1498 scilicet
620 1468 759 1507 partem
771 1464 998 1507 episcopatus
1011 1462 1138 1504 nostri,
1151 1462 1415 1498 Teruwanensi
1427 1464 1609 1509 episcopio
1624 1465 1729 1510 regni

87 1516 266 1552 Franciae
305 1519 522 1554 auctoritate
553 1517 691 1554 domini
731 1529 845 1562 papae
874 1516 1113 1553 atterminare
1142 1521 1293 1553 conatus
1322 1523 1400 1562 est3
1427 1530 1534 1562 quem
1566 1521 1676 1554 etiam
1709 1532 1730 1554 a

87 1573 280 1609 sanctitate
295 1579 416 1610 vestra
427 1576 614 1610 detentum
631 1574 837 1610 audivimus
852 1578 887 1609 et
903 1573 1020 1619 gavisi
1033 1585 1169 1609 sumus.
1190 1574 1289 1609 Idem
1307 1575 1504 1619 presbyter,
1526 1585 1590 1619 per
1606 1575 1731 1610 omnia

89 1626 304 1664 Tanchelmi
341 1633 508 1671 assertor.
535 1629 694 1666 decimas
725 1631 881 1666 fratrum
910 1630 1083 1666 ecclesiae
1107 1643 1135 1666 s.
1162 1629 1263 1666 Petri
1290 1629 1441 1673 invasit,
1475 1631 1728 1675 presbyterum

86 1682 250 1727 ipsorum
265 1689 407 1720 armata
422 1696 535 1720 manu
551 1685 596 1720 ab
613 1685 721 1720 altari
739 1691 774 1720 et
790 1685 941 1721 ecclesia
958 1685 1082 1721 eiecit.

133 1736 282 1774 Infinita
296 1745 392 1782 sunt,
407 1741 564 1782 domine,
583 1741 731 1776 illorum
748 1744 897 1783 scelera,
907 1752 1063 1785 quorum
1080 1740 1240 1785 plurima
1256 1752 1322 1786 pro
1340 1741 1527 1786 epistolari
1550 1742 1728 1778 brevitate

87 1797 362 1839 suppressimus.
391 1796 469 1832 Hoc
491 1797 537 1832 ad
560 1808 741 1832 summam
767 1796 899 1832 dixisse
923 1796 1080 1832 sufficiat
1103 1808 1160 1832 res
1177 1796 1320 1831 divinas
1350 1796 1389 1831 in
1414 1801 1559 1832 tantum
1587 1798 1728 1834 venisse

89 1854 348 1896 contemptum,
363 1855 404 1887 ut
420 1856 609 1897 reputetur
625 1852 797 1894 sanctior,
813 1852 1029 1896 cuicumque
1046 1852 1159 1887 fuerit
1174 1852 1327 1887 ecclesia
1342 1852 1556 1896 despectior.

133 1904 228 1946 Quia
244 1905 372 1949 igitur,
381 1910 503 1941 sancte
513 1910 627 1951 pater,
640 1905 764 1940 divina
776 1905 1028 1942 misericordia
1040 1906 1231 1941 ecclesiam
1249 1918 1352 1942 suam
1370 1907 1508 1942 diutius
1522 1907 1726 1952 periclitari

88 1971 162 1997 non
191 1962 372 1997 sustinens
415 1962 498 1997 illos
532 1962 571 1998 in
601 1974 730 1997 manus
760 1967 898 1997 vestras
942 1961 1106 2004 tradidit,
1147 1973 1320 2007 rogamus
1353 1966 1389 1998 et
1420 1964 1650 1999 obsecramus
1688 1964 1727 1999 in

88 2016 257 2059 Domino,
280 2028 325 2052 ne
355 2028 427 2062 qua
456 2017 598 2053 ratione
624 2018 668 2053 de
698 2018 867 2053 manibus
897 2017 1026 2052 vestris
1057 2017 1259 2052 elabantur.
1289 2017 1360 2059 Qui
1385 2018 1415 2052 si
1439 2019 1552 2063 elapsi
1576 2019 1725 2060 fuerint,

88 2071 344 2108 denuntiamus
357 2072 458 2108 vobis
474 2078 509 2108 et
520 2074 598 2108 sine
613 2073 713 2108 omni
730 2073 971 2117 ambiguitate
985 2076 1211 2114 attestamur,
1229 2073 1390 2108 futuram
1404 2074 1727 2118 irrecuperabilem

90 2127 263 2163 ecclesiae
286 2133 430 2164 nostrae
457 2129 636 2164 iacturam
653 2133 688 2165 et
716 2129 945 2164 infinitarum
970 2129 1170 2173 perniciem
1198 2130 1422 2165 animarum.
1445 2130 1548 2171 Vere,
1568 2131 1726 2174 domine,

89 2183 347 2229 gravissimum
371 2197 494 2220 casum
519 2186 671 2221 ecclesia
696 2191 820 2222 nostra
843 2185 1047 2227 sustinebit,
1067 2185 1097 2219 si
1122 2186 1304 2229 quomodo
1331 2187 1484 2221 evadere
1507 2187 1590 2222 illos
1613 2190 1728 2222 conti·

89 2240 199 2283 gerit,
223 2251 379 2283 quorum
404 2251 522 2276 sermo
546 2240 649 2276 iuxta
672 2242 886 2285 Apostolum
911 2244 952 2276 ut
990 2251 1122 2275 cancer
1145 2241 1259 2285 serpit
1283 2246 1318 2276 et
1341 2242 1564 2285 simplicium
1588 2243 1729 2277 animos

90 2294 308 2330 blandiendo
325 2296 482 2339 perimit.
504 2296 610 2331 Nunc
633 2307 776 2340 quoque
793 2296 838 2330 ob
861 2294 930 2330 hoc
954 2296 1073 2339 ipsum
1099 2295 1346 2331 Antichristus
1370 2302 1492 2332 noster
1507 2297 1727 2332 monachum

91 2350 264 2385 mentitus
294 2352 474 2396 extemplo
503 2352 544 2396 (l.
575 2352 752 2396 exemplo)
780 2352 909 2396 capitis
939 2352 1050 2393 illius,
1084 2352 1188 2387 cuius
1215 2353 1420 2388 membrum
1449 2354 1566 2388 factus
1596 2359 1660 2396 est,
1686 2354 1725 2389 in

90 2405 263 2450 angelum
288 2405 379 2441 lucis
402 2419 439 2442 se
462 2407 750 2451 transfiguravit,
770 2411 811 2441 ut
833 2418 874 2442 eo
898 2406 1061 2442 securius
1083 2406 1266 2449 illuderet,
1285 2419 1357 2451 quo
1374 2409 1553 2443 versutius
1568 2410 1725 2452 speciem

90 2461 293 2496 sanctitatis
315 2462 484 2498 simulate
507 2464 731 2506 sumpsisset.
754 2462 954 2507 Rogamus,
972 2462 1131 2504 domine,
1150 2467 1190 2498 ut
1202 2463 1297 2498 iusta
1314 2464 1566 2509 indignatione
1579 2476 1729 2500 movea-

91 2516 183 2553 mini
199 2518 371 2554 adversus
386 2519 614 2555 detestandos
626 2519 857 2562 dissipatores
870 2519 1055 2554 ecclesiae.
1069 2519 1314 2564 Augustinus:
1333 2534 1348 2548 u
1365 2520 1518 2561 Quando
1534 2521 1613 2556 vult
1629 2521 1726 2556 Deus

90 2573 275 2610 concitare
290 2579 483 2619 potestates
499 2574 670 2610 adversus
685 2575 947 2617 schismaticos,
966 2576 1137 2611 adversus
1164 2575 1356 2618 hereticos,
1375 2577 1547 2612 adversus
1575 2578 1725 2622 dissipa-

90 2631 188 2664 tores
204 2630 388 2672 ecclesiae,
403 2630 576 2666 adversus
600 2630 846 2666 exsufflatores
871 2631 1019 2673 Christi,
1039 2642 1111 2666 non
1128 2631 1320 2673 mirentur,
1339 2632 1425 2676 quia
1439 2632 1535 2668 Deus
1551 2633 1726 2676 concitat,

91 2689 133 2719 ut
154 2696 174 2719 a
192 2683 282 2719 Sara
297 2686 510 2721 verberetur
533 2687 650 2730 Agar.
671 2685 874 2729 Cognoscat
896 2699 933 2721 se
956 2686 1068 2730 Agar,
1097 2690 1208 2730 ponat
1243 2687 1434 2727 cervicem.
1454 2692 1659 2724 revertatur
1683 2690 1728 2724 ad

91 2739 276 2775 dominam
293 2740 513 2781 suam-Quid
527 2742 815 2784 mirantur,quia
826 2746 1100 2776 commoventur
1115 2746 1306 2785 potestates
1317 2742 1538 2778 christianae
1555 2744 1727 2779 adversus

93 2795 319 2831 detestandos
339 2795 571 2840 dissipatores
588 2795 783 2831 ecclesiae?
807 2797 902 2840 Ergo
919 2807 991 2830 non
1009 2797 1260 2831 moverentur?
1280 2797 1324 2831 Et
1335 2798 1516 2840 quomodo
1533 2799 1727 2834 redderent

91 2851 270 2886 rationem
287 2852 331 2885 de
345 2851 496 2895 imperio
511 2850 605 2885 suo?
630 2850 794 2886 Pertinet
818 2850 886 2885 hoc
909 2851 954 2884 ad
980 2862 1083 2895 reges
1107 2850 1335 2893 christianos,
1356 2858 1395 2886 ut
1411 2854 1634 2896 temporibus
1650 2854 1725 2888 suis

92 2913 259 2950 pacatam
274 2906 388 2941 velint
410 2910 564 2942 matrem
587 2917 689 2940 suam
714 2906 915 2948 ecclesiam,
934 2906 1029 2940 unde
1052 2905 1293 2950 spiritualiter
1321 2908 1397 2942 nati
1420 2914 1521 2943 sunt.
1552 2909 1726 2953 Legimus

93 2960 256 2999 Danielis
282 2961 439 2999 visiones
469 2965 505 2998 et
534 2965 636 3007 gesta
663 2961 900 3006 prophetica;
925 2965 998 2997 tres
1022 2962 1128 3006 pueri
1149 2962 1189 2997 in
1211 2962 1298 3008 igne
1322 2963 1564 3000 laudaverunt
1594 2964 1724 3001 Deum.

1573 3045 1595 3078 2
