2097 3466
833 282 965 316 ANNO
995 285 1094 316 1515
1720 284 1784 317 502»

142 375 320 420 inricht.
347 401 404 407 —
427 375 562 418 Karel
586 373 704 417 heeft
727 373 811 416 den
845 387 952 430 paus
985 373 1170 428 onlangs
1204 372 1396 428 gebeden
1431 389 1535 420 eene
1557 377 1784 421 aszonder-

140 444 246 502 lijke
267 444 490 501 provincie
513 444 590 487 der
619 442 937 498 predikheeren
962 442 1004 484 in
1029 442 1142 499 ziJne
1165 442 1517 489 Nederlandsche
1539 450 1781 502 gewesten,

141 513 209 556 die
235 513 340 556 door
373 512 676 568 naburigheid,
706 512 794 554 taal
819 525 874 554 en
898 511 1131 567 regeering
1154 510 1402 556 verbonden
1428 515 1531 572 zijn,
1559 519 1625 558 tot
1657 516 1786 559 stand

138 585 181 626 te
203 581 415 638 brengen.
442 583 662 624 Daarover
684 579 805 624 heeft
828 581 879 623 de
904 580 1132 623 kardinaal
1169 579 1446 625 beschermer
1468 584 1547 626 der
1580 584 1683 627 orde
1707 598 1786 627 een

139 652 321 707 gunstig
343 651 517 694 oordeel
542 649 836 706 uitgebracht.
865 650 966 692 Dien
994 654 1067 691 ten
1092 650 1274 705 gevolge
1298 649 1454 695 besluit
1478 653 1530 695 de
1563 668 1686 710 paus,
1713 653 1788 696 dat

139 719 191 762 de
213 719 430 763 kloosters
448 733 532 762 van
552 719 682 769 Gent,
707 719 860 775 Rijsel,
885 718 1135 774 Valencijn,
1158 719 1350 770 Dowaai‚
1374 721 1563 778 Brugge,
1586 723 1783 778 Ieperen,

138 787 510 844 Winoksbergen,
538 788 741 838 Atrecht‚
768 787 807 830 S*
839 787 1032 837 Omaam,
1058 787 1258 837 Utrecht,
1296 789 1518 842 Haarlem,
1547 791 1782 842 Zierikzee,

139 858 231 900 Den
253 858 394 913 Haag,
419 857 692 907 Rotterdam‚
721 857 965 913 NiJmegen,
986 855 1155 907 Zutfen,
1178 857 1493 911 Leeuwarden,
1511 860 1785 917 Groningen,

137 925 321 978 Kalkar‚
359 927 536 977 ZonIe,
580 925 906 977 Windesheim‚
947 926 1140 976 Leuven,
1179 927 1470 984 Antwerpen,
1509 929 1786 979 Maastricht‚

139 995 172 1037 ’s
193 994 554 1051 Hertogenbosch
584 1009 637 1037 en
662 995 854 1042 Brussel,
888 994 1147 1050 mitsgaders
1182 994 1233 1037 de
1265 997 1787 1054 augustijnenkloosters‚

138 1063 206 1107 die
230 1064 313 1107 den
348 1065 467 1120 regel
499 1064 576 1106 der
608 1063 929 1119 predikheeren
966 1064 1138 1119 volgen,
1168 1068 1254 1107 met
1293 1065 1345 1107 de
1373 1070 1545 1110 zusters
1583 1081 1669 1110 van
1707 1068 1791 1111 den

139 1133 304 1176 derden
329 1134 451 1190 regel
484 1147 569 1176 van
609 1132 670 1176 St.
711 1133 974 1183 Dominicus,
1011 1147 1096 1175 van
1121 1133 1172 1176 de
1204 1134 1444 1186 Fransche,
1470 1136 1703 1181 Saksische
1736 1151 1791 1180 en

138 1203 346 1246 Duitsche
384 1202 655 1258 provincien‚
693 1216 816 1245 waar
856 1202 909 1258 zij
949 1215 1137 1258 vroeger
1175 1216 1258 1246 aan
1291 1202 1631 1258 toebehoorden‚
1672 1206 1792 1263 asge-

138 1271 345 1315 scheiden
367 1271 550 1315 worden
575 1285 643 1314 om
666 1271 719 1314 de
742 1271 916 1314 nieuwe
938 1270 1295 1315 Nederlandsche
1323 1274 1546 1329 provincie
1576 1275 1656 1318 der
1689 1276 1792 1319 orde

138 1341 202 1384 uit
238 1343 283 1385 te
321 1341 495 1385 maken.
525 1340 680 1384 Totdat
704 1354 783 1383 een
817 1340 1086 1396 provinciaal
1120 1354 1227 1383 voor
1260 1341 1364 1385 deze
1387 1343 1608 1400 afdeeling
1632 1359 1793 1402 aange-

138 1410 252 1454 steld
275 1410 440 1462 worde‚
471 1410 538 1453 zal
557 1423 636 1452 een
656 1410 832 1461 vicaris,
855 1409 1099 1465 aangeduid
1123 1410 1229 1453 door
1251 1411 1302 1454 de
1321 1413 1462 1467 priors
1481 1413 1558 1456 der
1575 1413 1792 1458 kloosters

146 1492 229 1522 van
261 1479 392 1529 Gent,
431 1480 716 1536 Antwerpen,
746 1479 935 1522 Utrecht
967 1493 1021 1522 en
1058 1479 1304 1536 Nijmegen,
1340 1482 1417 1525 het
1449 1482 1569 1527 ambt
1601 1484 1645 1527 in
1678 1485 1793 1542 ziJne

145 1548 288 1605 plaats
310 1562 610 1592 waarnemen.

188 1700 329 1737 Dilecto
345 1700 421 1736 filio
439 1701 602 1736 Thomae
625 1701 669 1736 de
686 1700 754 1736 Vio
769 1701 954 1745 Caietano,
973 1701 1135 1745 generali
1162 1700 1338 1745 magistro
1355 1701 1492 1737 ordinis
1516 1703 1672 1740 fratrum
1689 1716 1789 1750 prae-

143 1757 360 1799 dicatorum,
381 1758 454 1792 Leo
472 1768 566 1801 papa
582 1757 630 1791 X.

189 1812 327 1848 Dilecte
345 1812 411 1853 fili,
429 1813 583 1847 salutem
601 1814 637 1846 et
652 1811 888 1855 apostolicam
906 1810 1206 1846 benedictionem.

189 1868 301 1903 Decet
325 1868 533 1903 Romanum
560 1867 779 1911 pontificem,
807 1866 867 1901 cui
894 1867 1075 1902 Dominici
1100 1867 1222 1912 gregis
1247 1868 1464 1904 universalis
1489 1881 1577 1904 cura
1601 1871 1793 1907 commissa

145 1926 208 1965 est,
236 1923 282 1957 iis
310 1923 510 1964 intendere,
539 1923 670 1967 quibus
695 1923 872 1967 profectui
904 1926 939 1958 et
967 1923 1076 1958 statui
1105 1923 1361 1968 religiosarum
1387 1937 1635 1970 personarum,
1665 1939 1791 1963 earum

144 1978 371 2022 praesertim,
391 1990 483 2022 quae
501 1978 610 2013 verbo
624 1980 659 2013 et
671 1978 835 2020 exemplo
848 1977 1056 2012 animarum
1073 1977 1181 2013 saluti
1197 1978 1381 2020 insistunt,
1401 1981 1615 2023 consulitur,
1634 1983 1792 2018 maxime

144 2031 175 2066 si
199 2031 236 2067 id
260 2032 324 2067 fiat
348 2044 421 2067 non
445 2033 560 2067 solum
579 2032 678 2077 pacis
695 2036 731 2068 et
753 2032 944 2076 religionis
967 2033 1054 2074 zelo,
1081 2033 1142 2068 sed
1164 2033 1274 2069 etiam
1292 2035 1576 2071 clarissimorum
1600 2037 1791 2072 hominum

144 2087 205 2131 pia
218 2090 254 2122 et
269 2087 412 2122 sincera
428 2088 697 2123 intercessione.

190 2141 284 2177 Sane
310 2141 368 2176 his
405 2143 532 2178 diebus
563 2144 716 2178 dilectus
744 2143 840 2177 filius
869 2142 1001 2177 nobilis
1028 2143 1085 2178 vir
1113 2143 1276 2185 Carolus,
1310 2144 1478 2189 princeps
1516 2146 1789 2190 Hispaniarum,

145 2197 324 2233 archidux
341 2198 522 2240 Austriae‚
542 2199 646 2234 nobis
669 2198 800 2242 exponi
823 2199 909 2234 fecit
927 2199 1116 2242 plerosque
1140 2199 1265 2234 domos
1282 2200 1419 2235 ordinis
1437 2201 1728 2245 praedicatorum
1752 2203 1791 2237 in

143 2253 254 2289 terris
280 2253 349 2288 sibi
377 2254 559 2298 subjectis,
585 2266 667 2289 cum
692 2256 1025 2296 majorumsuorum
1043 2254 1236 2297 diligentia
1264 2262 1373 2299 atque
1398 2268 1489 2291 cura
1507 2268 1572 2301 per
1588 2257 1791 2302 legitimam

146 2308 376 2353 superiorum
389 2309 646 2345 auctoritatem
661 2321 683 2343 a
695 2309 952 2353 jurisdictione
965 2309 1129 2353 priorum
1144 2310 1425 2353 provincialium
1438 2315 1625 2356 exemptae
1641 2313 1792 2349 fuissent

147 2376 331 2408 unamque
349 2364 565 2400 Hollandiae
582 2365 903 2409 congregationem
922 2364 1202 2407 constituissent,
1221 2366 1420 2409 plurimum
1445 2366 1483 2401 in
1499 2367 1596 2402 vitae
1611 2368 1792 2413 regularis

148 2419 379 2455 observantia
403 2419 607 2463 profecisse,
634 2420 685 2455 ita
709 2424 749 2454 ut
774 2419 883 2455 ctiam
901 2419 995 2455 aliae
1012 2420 1189 2463 quaedam
1206 2421 1334 2455 domus
1357 2422 1518 2465 ejusdem
1535 2422 1673 2457 ordinis
1689 2426 1792 2458 extra

145 2478 262 2510 terras
289 2474 376 2509 dicti
410 2475 585 2519 principis
618 2475 847 2516 constitutae,
881 2478 982 2510 tanta
1024 2475 1202 2519 religione
1241 2476 1393 2511 allectae
1425 2488 1508 2511 cum
1541 2477 1723 2520 prioribus
1753 2477 1791 2511 in

146 2532 270 2567 eadem
288 2531 573 2576 congregatione
592 2531 795 2571 unirentur,
815 2534 849 2566 ct
867 2543 949 2565 cum
974 2531 1102 2565 domus
1118 2531 1328 2576 hujusmodi
1346 2531 1553 2575 saepissime
1570 2544 1591 2566 a
1608 2532 1791 2576 prioribus

147 2587 443 2631 provincialibus,
464 2598 619 2630 quorum
637 2587 674 2621 in
690 2586 887 2630 provinciis
900 2586 1070 2627 existunt,
1091 2590 1237 2630 propter
1253 2588 1361 2622 talem
1375 2588 1638 2632 exemptionem
1656 2589 1791 2624 fuerint

146 2643 367 2679 molestatae.
388 2642 532 2677 videtur
555 2642 637 2676 talis
654 2642 819 2676 molestia
835 2645 1030 2683 cessatura,
1049 2642 1078 2675 si
1096 2654 1139 2676 ex
1157 2641 1290 2677 eisdem
1309 2643 1476 2677 domibus
1494 2655 1586 2677 nova
1603 2643 1791 2687 provincia

147 2697 450 2739 constitueretur-3
469 2708 573 2740 quae,
593 2697 622 2730 si
639 2696 749 2732 etiam
774 2696 850 2731 illic
869 2696 1007 2731 vicinas
1025 2700 1060 2731 et
1084 2696 1122 2730 in
1139 2697 1264 2732 eodem
1284 2697 1443 2733 idiomate
1458 2698 1690 2742 dominioque
1707 2710 1789 2733 con-

145 2752 331 2787 venientes
348 2753 650 2795 complecteretur
671 2755 706 2786 et
729 2753 870 2796 justum
899 2752 1090 2786 domorum
1115 2764 1306 2787 numerum
1335 2753 1380 2788 ad
1405 2754 1693 2788 constituendam
1711 2766 1789 2798 pro-

146 2807 304 2842 vinciam
321 2812 413 2842 essct
428 2807 599 2841 habitura
615 2810 651 2841 et
667 2807 795 2841 domus
820 2806 919 2851 ipsae
942 2806 1081 2848 faciliu,
1101 2807 1344 2851 libentiusque
1361 2807 1399 2842 in
1416 2808 1472 2842 liis
1493 2820 1586 2851 quae
1601 2808 1791 2854 religionis

147 2865 242 2902 sunt,
261 2865 388 2896 mutuo
406 2862 720 2904 scscjumrent....

191 2916 295 2951 Idem
317 2915 440 2960 itaque
465 2917 631 2960 princeps
655 2916 756 2951 nobis
780 2916 970 2952 humiliter
993 2916 1188 2960 supplicari
1214 2916 1299 2952 fecit
1323 2920 1363 2953 ut
1387 2929 1470 2952 cum
1493 2917 1672 2959 domibus,
1697 2929 1790 2962 quae

151 2971 445 3017 congregationis
471 2970 686 3006 Hollandiae
702 2974 737 3007 ct
753 2971 906 3006 dominii
930 2971 986 3006 sui
1010 2971 1185 3006 hactenus
1210 2971 1368 3013 suerunt,
1387 2971 1478 3007 alias
1493 2971 1532 3007 in
1548 2971 1709 3008 dominio
1725 2984 1790 3009 suo
