2097 3466
363 247 426 282 300
1043 255 1174 290 ANNO
1202 257 1297 290 1421

359 343 661 398 voorgelezen.
689 345 749 403 Zij
768 347 946 391 werden
969 349 1159 393 verklikt
1178 363 1247 402 en,
1271 349 1352 393 den
1371 349 1454 406 dag
1471 363 1555 393 van
1578 349 1976 409 Mariaboodsehap,

361 425 411 465 op
435 410 557 455 bevel
591 427 674 456 van
699 414 781 458 den
805 418 1059 473 magistraat
1082 419 1122 462 al
1145 422 1188 462 te
1211 433 1360 462 zamen
1393 419 1705 475 aangehouden
1739 433 1792 462 en
1825 421 1980 477 geker-

360 480 480 522 kerd.
504 480 564 536 Op
585 482 669 526 last
686 497 767 527 van
787 485 867 528 den
891 486 1092 542 bissehop
1111 501 1194 530 van
1213 489 1399 531 Atreeht
1418 489 1630 530 Martinus
1649 487 1783 531 Pore'e
1803 490 1980 534 werden

359 549 412 604 zij
454 549 640 607 dadelijk
674 566 782 594 naar
814 553 880 596 die
913 555 1006 598 stad
1040 557 1240 612 gevoerd.
1278 556 1473 599 Enkelen
1510 556 1686 599 werden
1724 558 1981 616 onschuldig

358 618 605 668 verklaard‚
642 621 833 665 anderen
865 627 928 667 tot
961 625 1240 681 levenslange
1273 626 1654 681 gevangensehap,
1681 626 1872 670 anderen
1894 641 1980 684 nog

357 688 424 728 tot
459 686 634 729 kortere
666 691 916 747 opsluiting,
944 696 1098 736 vasten
1133 707 1184 736 en
1209 693 1498 736 bedevaarten
1530 694 1981 747 veroordeeld3maa1·

358 754 445 796 hun
472 755 715 809 hoofdman‚
744 760 810 802 die
833 774 913 803 van
954 762 1181 819 Valeneijn
1205 777 1313 812 was,
1342 762 1460 804 werd
1483 766 1549 805 tot
1579 763 1661 805 den
1698 762 1979 820 brandstapel

358 836 600 867 verwezen.
624 827 682 868 De
704 829 910 885 overigen
936 831 1092 873 voerde
1116 845 1211 873 men
1231 845 1337 874 naar
1358 831 1531 873 Dowaai
1555 834 1698 887 terug,
1720 833 1980 877 waaronder

356 891 407 933 de
431 906 566 936 eenen
591 894 822 948 verbrand,
850 898 901 940 de
935 900 1124 942 anderen
1161 899 1347 957 tijdelijk
1387 899 1434 942 of
1469 900 1726 956 levenslang
1747 913 1978 958 gevangen

356 961 531 1003 werden
556 963 797 1018 gehouden.
835 967 962 1010 Allen
995 972 1187 1011 moesten
1215 973 1259 1011 te
1292 969 1465 1011 Dowaai
1502 982 1554 1024 op
1587 969 1639 1011 de
1661 975 1812 1024 groote
1834 970 1979 1014 markt

358 1029 462 1072 door
483 1030 564 1074 den
591 1032 846 1087 inquisiteur
867 1035 1093 1091 bepredikt
1115 1037 1290 1079 worden
1332 1037 1375 1080 in
1412 1037 1683 1094 bijzijnvan
1721 1037 1774 1080 de
1809 1038 1980 1082 kanun-

357 1098 505 1149 niken,
532 1099 873 1158 kloosterlingen
899 1119 950 1148 en
981 1106 1472 1161 magistraatspersonen
1498 1106 1575 1148 der
1607 1106 1725 1157 stad;
1752 1120 1886 1158 maar,
1915 1108 1978 1150 als

357 1167 407 1209 de
432 1168 785 1226 predikingjuist
815 1173 921 1229 ging
952 1173 1184 1230 beginnen,
1213 1175 1295 1217 viel
1329 1175 1404 1217 het
1437 1175 1620 1230 stellage
1657 1175 1891 1232 plotseling
1913 1176 1973 1228 in,

355 1249 530 1292 waarop
553 1238 605 1280 de
628 1239 873 1284 overheden
898 1243 1037 1297 plaats
1071 1257 1282 1298 genomen
1321 1243 1507 1293 hadden,
1543 1243 1696 1286 zoodat
1733 1257 1781 1287 er
1812 1244 1978 1289 dooden

355 1303 507 1347 bleven
532 1320 582 1348 en
610 1309 701 1350 veel
724 1309 1012 1364 gekwetsten.
1040 1313 1150 1355 Kort
1171 1312 1334 1354 daarna
1358 1312 1533 1354 werden
1559 1311 1610 1354 de
1633 1311 1802 1355 ketters
1828 1312 1978 1357 buiten

354 1373 405 1415 de
429 1373 524 1417 stad
556 1379 621 1419 tot
654 1378 808 1432 pulver
829 1379 1061 1432 verbrand‚
1099 1380 1276 1437 waarbij
1303 1394 1407 1423 eene
1430 1394 1582 1423 vrouw
1614 1380 1709 1422 zich
1741 1381 1848 1424 door
1867 1381 1975 1425 hare

351 1441 725 1500 hardnekkigheid
769 1448 1120 1492 onderscheidde.
1170 1450 1294 1493 Eerst
1340 1463 1492 1491 waren
1534 1449 1586 1491 de
1638 1449 1855 1504 goederen
1898 1450 1975 1494 der

354 1513 687 1557 veroordeelden
711 1520 785 1558 ten
820 1516 918 1560 bate
952 1517 1028 1560 der
1060 1518 1272 1562 schatkist
1296 1533 1380 1562 van
1414 1519 1496 1561 den
1519 1518 1678 1573 hertog
1701 1518 1866 1574 Philips
1889 1532 1973 1562 van

355 1582 641 1637 Bourgondie'‚
669 1584 799 1639 graaf
814 1599 898 1628 van
922 1587 1216 1639 Vlaanderen‚
1241 1588 1559 1643 aangeslagen;
1587 1600 1709 1629 maar
1731 1600 1784 1642 op
1807 1590 1976 1643 protest

353 1663 435 1692 van
470 1650 551 1692 den
583 1653 838 1708 magistraat
858 1669 943 1698 van
966 1657 1140 1699 Dowaai
1164 1656 1339 1698 werden
1361 1656 1414 1712 zij
1448 1669 1530 1698 aan
1559 1655 1610 1697 de
1632 1655 1813 1712 wettige
1835 1655 1976 1712 erfge-

354 1732 508 1762 namen
532 1724 872 1778 teruggegeven.

394 1827 436 1862 In
459 1827 658 1864 haereticos
674 1831 805 1874 partim
822 1832 997 1873 Atrebati,
1016 1833 1148 1876 partim
1166 1832 1278 1867 Duaei
1296 1832 1587 1866 animadversum
1603 1833 1655 1865 est
1675 1829 1847 1875 graviter.
1866 1830 1977 1867 Juxta

353 1882 514 1916 Duaeum
532 1883 577 1917 ad
590 1888 729 1926 portam
746 1886 949 1921 Morelliam
967 1887 1005 1921 in
1016 1887 1103 1922 villa
1115 1887 1134 1921 J
1138 1888 1263 1922 oannis
1277 1887 1414 1921 Fierini
1426 1886 1620 1920 Duacensis
1637 1885 1809 1930 oppidani
1823 1897 1975 1922 conven-

352 1940 409 1972 tus
425 1938 631 1981 frequenter
644 1941 803 1975 occultos
819 1942 1005 1985 agitabant
1021 1942 1218 1977 octodecim
1243 1953 1394 1976 numero
1417 1941 1498 1975 viri.
1519 1941 1653 1975 Eorum
1679 1939 1817 1984 aliquot
1838 1940 1974 1982 Duaeo,

353 1993 412 2034 alij
438 1992 616 2034 alicunde,
644 1994 856 2030 Valencenis
880 1997 1041 2031 omnium
1065 1997 1248 2040 magister,
1274 1995 1521 2030 adveniebant.
1549 1995 1603 2029 Ex
1625 1994 1846 2029 Judaeorum
1873 1994 1977 2029 libris

353 2047 473 2081 faedos
489 2059 626 2083 errores
640 2051 848 2093 praesertim
861 2051 1055 2086 hauserant
1071 2051 1185 2094 iisque
1198 2051 1287 2086 alios
1299 2051 1539 2095 adjunxerant
1551 2061 1571 2084 e
1586 2051 1696 2092 varijs
1711 2049 1976 2085 haereticorum

351 2101 453 2136 libris
469 2103 683 2148 desumptos,
702 2110 742 2141 ut
758 2107 951 2151 praecipua
975 2108 1056 2143 fidei
1081 2108 1278 2142 catholicae
1302 2109 1471 2152 dogmata
1487 2106 1740 2141 convellerent.
1769 2104 1814 2139 Et
1829 2115 1900 2148 quo
1916 2104 1975 2138 fir-

352 2157 445 2192 mius
462 2159 656 2194 memoriae
672 2160 863 2205 infigerent
881 2174 971 2205 quae
987 2163 1219 2204 docebantur,
1235 2175 1276 2197 ea
1290 2162 1449 2206 quotidie
1461 2161 1627 2196 manibus
1636 2160 1800 2195 terebant
1814 2171 1857 2194 ae
1869 2159 1976 2194 certis

352 2213 477 2248 diebus
494 2219 703 2258 praeceptor
718 2228 917 2252 sermonem
934 2219 979 2252 ad
995 2230 1118 2253 omnes
1141 2219 1306 2253 habebat.
1327 2219 1414 2252 Erat
1430 2217 1467 2251 in
1483 2217 1647 2261 partibus
1669 2215 1818 2251 Joannjs
1833 2215 1976 2251 villicus

353 2270 550 2313 avebatque
567 2271 722 2306 maxime
737 2284 842 2306 suum
860 2273 980 2317 impijs
997 2274 1179 2308 erroribus
1192 2274 1320 2308 herum
1336 2273 1508 2307 imbuere.
1529 2272 1599 2307 Sed
1614 2272 1644 2306 is
1657 2271 1877 2306 firmioribus
1892 2271 1976 2306 fidei

354 2324 552 2358 catholicae
568 2325 777 2361 tibicinibus
794 2328 976 2362 nitebatur
992 2340 1099 2371 quam
1116 2331 1156 2362 ut
1172 2327 1277 2362 facile
1291 2327 1328 2361 in
1342 2327 1566 2370 turpissimos
1579 2337 1718 2360 errores
1733 2326 1974 2369 pessumdare-

353 2382 424 2413 tur.
446 2380 534 2414 Cum
552 2379 667 2424 igitur
682 2381 837 2416 Joannes
854 2382 898 2416 ab
915 2382 1037 2416 villico
1054 2382 1196 2426 saepius
1213 2382 1429 2416 invitaretur
1444 2384 1485 2416 ut
1501 2383 1621 2415 coetus
1638 2391 1763 2415 eorum
1779 2380 1977 2415 celebraret

353 2437 387 2467 ct
404 2434 719 2476 perdiscendorum
736 2437 945 2480 dogmatum
962 2448 1108 2470 suorum
1125 2437 1244 2480 gratia
1257 2436 1470 2480 magistrum
1488 2447 1506 2470 e
1522 2435 1661 2479 pulpito
1674 2435 1859 2469 docentem
1875 2433 1975 2469 audi-

352 2491 418 2528 ret,
436 2488 467 2523 is
482 2500 664 2524 assensum
688 2491 841 2534 denique
865 2491 1030 2534 praebuit
1053 2503 1123 2525 non
1147 2491 1268 2525 animo
1285 2493 1418 2533 pestem
1441 2489 1644 2530 hauriendi,
1662 2489 1724 2523 sed
1746 2500 1817 2532 quo
1832 2488 1975 2523 facilius

353 2554 492 2577 errores
508 2544 787 2588 deprehenderet
801 2557 843 2579 ac
859 2545 897 2579 in
913 2545 1075 2580 omnium
1099 2545 1382 2580 familiaritatem
1406 2544 1607 2578 insinuatus
1619 2543 1816 2587 adjudices
1839 2543 1973 2578 indicio

354 2600 499 2634 certiori
531 2601 695 2635 deferret,
722 2601 843 2635 Alium
867 2601 975 2635 etiam
999 2601 1113 2635 civem
1130 2601 1197 2635 sibi
1214 2601 1350 2635 socium
1374 2599 1550 2645 adjunxit,
1569 2601 1610 2634 ut
1636 2599 1803 2633 simulata
1829 2597 1975 2633 bibendi

354 2656 502 2689 auribus
529 2668 668 2691 errores
712 2657 883 2691 aviditate
914 2657 1012 2691 testis
1044 2659 1247 2700 suppeteret
1280 2667 1417 2696 eorum,
1450 2666 1541 2698 quae
1578 2654 1718 2689 viderat
1754 2654 1973 2690 audieratve.

354 2711 569 2745 Annuntiati
586 2711 763 2746 maximae
781 2712 926 2756 Virgini
943 2715 1067 2754 partus
1085 2711 1159 2745 dies
1175 2711 1343 2751 delectus
1371 2722 1440 2754 quo
1464 2709 1679 2754 magistrum
1694 2719 1768 2743 una
1790 2720 1873 2743 cum
1888 2708 1974 2743 dici-

354 2765 447 2807 pulis
471 2766 636 2799 omnibus
660 2769 918 2810 congregatum
944 2769 1093 2808 uterque
1117 2766 1314 2800 celebraret
1339 2765 1434 2799 dicto
1457 2767 1563 2799 antea
1585 2764 1675 2798 loco.
1702 2763 1837 2798 Verum
1860 2763 1974 2807 prius-

355 2831 461 2862 quam
479 2831 520 2854 co
536 2820 554 2854 J
560 2831 691 2854 oannes
708 2832 789 2854 cum
806 2820 902 2854 socio
919 2820 1042 2864 pedem
1060 2820 1219 2860 inferret,
1239 2820 1284 2853 ad
1302 2818 1479 2852 vicarium
1500 2817 1752 2863 gubernatoris
1763 2820 1799 2853 et
1813 2817 1976 2853 scabinos

355 2873 475 2916 oppidi
493 2886 568 2908 rem
585 2886 726 2909 omnem
743 2875 882 2909 occulte
899 2875 1076 2909 detulerat
1099 2885 1140 2908 ae
1164 2873 1361 2917 plurimum
1385 2885 1444 2907 eos
1467 2873 1662 2908 obtestatus
1684 2873 1813 2915 fuerat,
1832 2875 1872 2908 ut
1887 2875 1974 2908 tem-

355 2929 487 2974 pestive
515 2941 596 2963 cum
624 2941 756 2975 magna
779 2930 973 2965 satellitum
998 2940 1106 2964 manu
1131 2929 1254 2963 villam
1279 2928 1583 2964 circumvenirent
1598 2927 1798 2973 impiosque
1813 2927 1975 2963 homines
