2097 3466
356 251 419 286 288
1037 249 1171 286 ANNO
1182 252 1267 285 -141
1277 252 1296 285 8

356 342 486 377 vicinis
509 341 712 386 praedictis,
742 342 850 378 etiam
878 342 907 377 si
938 343 1018 377 loca
1045 342 1123 386 ipsa
1149 345 1252 378 extra
1273 341 1562 386 jurisdictionem
1584 341 1745 377 eamdem
1766 341 1864 377 ultra
1887 341 1977 378 duas

358 397 472 432 dietas
488 397 694 438 consistant,
712 397 810 432 circa
832 397 1108 441 extirpationem
1131 401 1167 433 et
1189 397 1448 433 correctionem
1473 408 1638 432 errorum
1660 409 1704 432 ac
1725 397 1913 433 haeresum
1934 407 1978 432 ac

357 451 564 494 hujusmodi
587 454 704 486 sectae
726 451 927 495 pestiferae,
944 450 983 485 in
1006 452 1165 486 favorem
1188 451 1300 496 ipsius
1316 451 1400 486 fidei
1424 450 1654 493 orthodoxae,
1672 450 1866 496 diligenter
1885 449 1977 486 invi-

355 507 471 552 gilent
492 510 528 542 et
549 518 671 543 omnes
693 507 885 542 infamatos
901 518 962 542 seu
979 510 1160 550 suspectos
1175 507 1271 542 dicta
1301 506 1471 551 pestifera
1493 506 1574 541 labe
1603 505 1670 541 sub
1697 504 1886 541 confessati
1908 504 1977 541 cri-

356 562 476 604 minis,
507 561 901 602 excommunicationis,
930 560 1182 605 suspensionis,
1216 560 1400 596 interdicti
1430 563 1494 596 aut
1519 560 1592 595 alia
1618 559 1839 595 formidabili
1863 568 1980 605 poena
2034 570 2038 575 ·

357 616 532 651 canonica
546 617 603 652 vel
629 616 752 661 legali,
778 619 895 660 prout,
914 616 1056 659 quando
1093 618 1130 651 et
1157 615 1457 659 quemadmodum
1484 615 1535 650 eis
1560 614 1727 651 videatur
1749 615 1917 660 expedire
1943 617 1981 651 et

355 670 442 705 facti
465 671 666 714 requireret
680 671 846 715 qualitas,
871 670 917 705 ad
940 669 1102 715 singulos
1125 669 1332 715 hujusmodi
1355 669 1528 706 articulos
1550 681 1614 714 per
1630 671 1879 715 juramentum
1901 680 1978 705 cor-

355 726 528 769 poraliter
542 725 766 770 praestitum,
786 725 891 760 tactis
914 725 1150 760 sacrosanctis
1166 725 1364 770 evangeliis
1386 736 1448 760 seu
1477 728 1683 760 sanctorum
1698 724 1874 770 reliquiis,
1890 723 1980 759 ima-

355 781 440 825 gine
462 781 639 823 crucifixi,
657 780 854 816 secundum
878 780 1116 823 quorumdam
1142 780 1305 815 locorum
1328 780 1604 822 observantiam,
1622 781 1729 825 juxta
1750 777 1982 824 infrascripta

354 835 634 880 interrogatoria
664 836 710 870 ad
740 834 936 879 quemlibet
973 834 1169 869 articulum
1207 834 1458 870 convenientia
1495 835 1710 879 respondere
1749 833 1976 878 compellant.

356 890 429 924 Nos
445 889 542 925 enim
558 893 683 924 contra
699 901 821 925 omnes
844 893 880 924 et
903 889 1064 934 singulos
1079 889 1378 934 archiepiscopos,
1396 889 1580 934 episcopos
1595 892 1631 924 et
1653 889 1783 925 electos
1805 891 1842 924 et
1862 885 1980 932 inqui-

354 944 492 985 sitores,
511 944 573 988 qui
589 955 696 988 super
711 944 923 988 extirpando
939 943 1142 979 haereticae
1158 943 1346 988 pravitatis
1361 944 1537 979 fermento
1560 946 1596 979 et
1618 943 1852 988 expurgando
1876 951 1982 977 suum

354 997 591 1039 territorium,
625 997 830 1033 districtum
861 1010 922 1032 seu
953 998 1073 1032 locum
1111 998 1156 1032 de
1186 997 1319 1032 talibus
1349 997 1454 1032 malis
1489 999 1526 1032 et
1561 996 1743 1032 sceleratis
1776 995 1983 1031 hominibus

356 1053 581 1098 negligentes
604 1053 739 1088 fuerint
762 1064 824 1088 seu
851 1054 998 1088 remisse
1014 1053 1167 1097 egerint,
1186 1064 1299 1097 usque
1315 1053 1361 1088 ad
1383 1053 1622 1097 privationem
1645 1063 1707 1088 seu
1725 1050 1984 1096 depositionem

355 1108 573 1152 pontificalis
587 1108 776 1152 dignitatis
799 1108 992 1152 procedere
1015 1107 1235 1142 intendimus
1256 1111 1292 1143 et
1318 1108 1551 1152 procedemus
1580 1119 1623 1143 ac
1641 1106 1788 1152 procedi
1809 1106 1983 1141 faciemus

356 1164 516 1208 aliosque
532 1164 610 1198 loco
626 1163 774 1198 illorum
790 1163 1058 1205 substituemus,
1077 1162 1139 1206 qui
1155 1162 1370 1207 pravitatem
1386 1163 1606 1198 haereticam
1625 1162 1762 1207 possint
1783 1164 1820 1198 et
1839 1162 1984 1197 valeant

360 1218 592 1259 confundere,
620 1221 656 1252 et
681 1217 771 1252 alias
794 1229 926 1261 poenas
949 1220 1075 1252 contra
1093 1217 1180 1252 tales
1209 1228 1231 1251 a
1254 1218 1341 1261 jure
1370 1217 1526 1253 inflictas
1555 1219 1590 1252 et
1616 1217 1707 1252 alias
1728 1216 1925 1262 graviores,
1953 1215 1985 1251 si

355 1272 532 1316 expediat,
563 1272 779 1317 infligendas
800 1273 1034 1316 procedemus
1060 1271 1277 1316 procedique
1307 1272 1480 1307 faciemus
1501 1274 1608 1317 juxta
1625 1271 1722 1317 Juris
1743 1274 1780 1308 et
1801 1270 1888 1307 facti
1909 1270 1982 1307 exi-

355 1328 515 1372 gentiam
532 1339 575 1362 ac
597 1327 805 1371 hujusmodi
829 1327 957 1371 culpae
979 1331 1014 1363 et
1036 1327 1198 1362 criminis
1220 1327 1437 1363 foeditatem.

400 1384 557 1419 Tenores
580 1394 665 1418 vero
695 1383 903 1418 eorumdem
938 1383 1176 1418 articulorum
1199 1395 1261 1418 seu
1290 1383 1543 1428 capitulorum,
1572 1384 1617 1419 de
1650 1383 1782 1428 quibus
1807 1394 1917 1429 supra
1942 1383 1984 1419 fit

355 1438 503 1480 mentio,
522 1441 722 1483 sequuntur
736 1449 801 1482 per
815 1437 979 1473 ordinem
994 1437 1035 1472 in
1048 1437 1138 1473 haec
1153 1439 1264 1473 verba
1279 1450 1287 1472 :

808 1502 928 1537 Tenor
944 1501 1183 1538 articulorum
1199 1502 1218 1537 J
1222 1502 1349 1537 oannis
1363 1503 1523 1539 Wicleff.

401 1562 431 1595 1.
451 1558 659 1594 Substantia
675 1557 778 1602 panis
792 1557 991 1594 materialis
1006 1560 1042 1593 et
1064 1557 1231 1593 similiter
1253 1558 1452 1594 substantia
1473 1558 1551 1594 vini
1573 1557 1771 1595 materialis
1795 1561 1983 1596 remanent

357 1615 397 1650 in
412 1617 636 1650 sacramento
653 1613 789 1648 altaris.

400 1673 431 1705 2.
451 1669 663 1705 Accidentia
679 1668 783 1713 panis
799 1679 872 1703 non
884 1670 1031 1704 manent
1047 1668 1087 1703 in
1099 1668 1224 1703 eodem
1239 1672 1474 1705 sacramento.

399 1728 431 1761 3.
451 1725 614 1761 Christus
630 1735 703 1759 non
725 1727 778 1759 est
801 1723 841 1758 in
867 1724 992 1759 eodem
1019 1726 1242 1759 sacramento
1265 1723 1420 1759 identice
1435 1727 1471 1760 et
1493 1723 1641 1760 realiter
1661 1723 1702 1760 in
1715 1723 1864 1769 propria
1879 1730 1980 1769 prae·

355 1780 471 1816 sentia
487 1779 677 1824 corporali.

400 1840 432 1870 4.
452 1835 491 1870 Si
507 1835 692 1879 episcopus
708 1835 766 1870 vel
788 1834 952 1870 sacerdos
975 1833 1105 1870 existat
1127 1834 1166 1869 in
1188 1837 1334 1878 peccato
1357 1834 1514 1878 mortali,
1534 1846 1607 1871 non
1629 1834 1784 1879 ordinat,
1802 1846 1876 1872 non
1898 1845 1980 1872 con-

356 1894 485 1933 secrat,
504 1902 577 1926 non
593 1890 750 1932 conficit,
768 1901 841 1925 non
855 1888 1022 1934 baptizat.

399 1949 431 1982 5.
450 1948 532 1982 Non
549 1949 601 1981 est
616 1946 806 1981 fundatum
821 1945 861 1980 in
877 1944 1076 1989 evangelio,
1095 1945 1191 1989 quod
1207 1945 1370 1981 Christus
1385 1946 1532 1982 missam
1548 1946 1781 1983 ordinaverit.

399 2004 432 2036 6.
452 2001 547 2036 Deus
563 2001 668 2036 debet
683 2000 828 2035 obedire
844 1999 999 2035 diabolo.

402 2058 434 2090 7.
454 2054 492 2090 Si
508 2055 615 2090 homo
638 2054 749 2090 fuerit
770 2054 890 2090 debite
912 2054 1100 2096 contritus,
1118 2054 1234 2090 omnis
1257 2055 1430 2091 confessio
1446 2055 1602 2092 exterior
1623 2059 1678 2094 est
1701 2056 1772 2092 sibi
1798 2056 1980 2102 superflua

357 2114 392 2146 et
408 2111 558 2146 inutilis.

401 2168 432 2201 8.
452 2165 490 2200 Si
514 2177 606 2210 papa
629 2165 676 2200 sit
697 2165 894 2209 praescitus
916 2160 1094 2200 etmalus
1119 2168 1155 2200 et
1176 2176 1241 2209 per
1264 2176 1482 2210 consequens
1503 2167 1706 2202 membrum
1734 2165 1882 2209 diaboli,
1906 2177 1980 2202 non

356 2220 465 2255 habet
480 2223 689 2264 potestatem
704 2231 812 2264 super
828 2220 948 2255 fideles
964 2219 1032 2254 sibi
1048 2221 1093 2255 ab
1109 2219 1232 2264 aliquo
1247 2220 1368 2255 datam
1383 2220 1451 2255 nisi
1468 2221 1560 2256 forte
1575 2232 1598 2255 a
1614 2221 1776 2257 Caesare.

401 2278 433 2310 9.
453 2275 539 2310 Post
554 2275 744 2310 Urbanum
760 2275 810 2310 VI
833 2286 905 2310 non
928 2278 981 2310 est
1006 2275 1138 2319 aliquis
1159 2275 1386 2319 recipiendus
1408 2275 1447 2310 in
1470 2287 1610 2320 papam,
1634 2277 1696 2312 sed
1718 2275 1912 2312 vivendum
1925 2277 1980 2312 est

358 2341 458 2365 more
474 2330 694 2365 Graecorum
710 2330 775 2364 sub
790 2330 933 2374 legibus
947 2330 1113 2374 propriis.

401 2388 454 2421 10.
475 2386 607 2421 Contra
623 2385 839 2428 scripturam
853 2396 993 2419 sacram
1009 2388 1072 2426 est,
1091 2385 1186 2429 quod
1207 2385 1278 2420 viri
1301 2384 1532 2421 ecclesiastici
1554 2386 1711 2422 habeant
1725 2385 1974 2431 possessiones.

402 2443 454 2475 11.
474 2441 604 2475 Nullus
633 2440 814 2484 praelatus
845 2440 949 2475 debet
986 2439 1144 2484 aliquem
1185 2440 1512 2483 excommunicare,
1545 2441 1615 2475 nisi
1645 2440 1746 2485 prius
1774 2439 1865 2475 sciat
1894 2449 1977 2475 eum

358 2495 710 2531 excommunicatum
733 2506 755 2529 a
778 2495 873 2538 De03
897 2498 933 2530 et
963 2494 1025 2538 qui
1055 2494 1106 2529 sic
1128 2495 1426 2537 excommunicat,
1451 2496 1493 2532 fit
1517 2507 1562 2531 ex
1591 2496 1660 2531 hoe
1688 2494 1894 2531 haereticus
1918 2493 1977 2530 vel

355 2550 696 2585 excommunicatus

403 2607 455 2640 12.
474 2605 664 2640 Praelatus
686 2603 1001 2640 excommunicans
1021 2603 1206 2646 clericum,
1231 2605 1293 2649 qui
1315 2604 1511 2650 appellavit
1531 2604 1578 2641 ad
1599 2615 1722 2650 regem
1743 2604 1802 2641 vel
1823 2603 1870 2640 ad
1893 2613 1975 2640 oon-

358 2660 483 2695 cilium
498 2660 615 2705 regni,
633 2671 675 2695 eo
690 2659 767 2704 ipso
783 2659 937 2694 traditor
951 2661 1004 2694 est
1017 2659 1114 2704 regis
1129 2663 1165 2695 et
1179 2659 1295 2705 regni.

403 2718 455 2751 13.
473 2715 532 2752 Illi
555 2715 617 2759 qui
643 2715 831 2750 dimittunt
853 2714 1062 2758 praedicare
1090 2715 1165 2750 sive
1197 2715 1362 2751 radicare
1387 2716 1537 2751 verbum
1570 2715 1636 2751 Dei
1663 2717 1809 2760 propter
1834 2725 1974 2750 excom-

358 2769 640 2804 municationem
655 2768 854 2810 hominum,
869 2771 954 2804 sunt
968 2768 1268 2804 excommunicati
1290 2772 1326 2805 et
1347 2769 1387 2804 in
1399 2769 1465 2805 Dei
1474 2768 1616 2815 judicio
1630 2769 1821 2806 traditores
1836 2767 1971 2805 Christi

355 2822 596 2859 habebuntur.

399 2882 452 2915 14.
471 2879 572 2915 Licet
586 2877 698 2914 alicui
720 2878 872 2914 diacono
894 2878 952 2914 vel
974 2878 1181 2922 presbytero
1203 2878 1413 2923 praedicare
1434 2880 1586 2917 verbum
1607 2878 1686 2924 Dei,
1703 2879 1838 2924 absque
1851 2879 1974 2915 aucto-
2013 2900 2016 2904 ·

355 2933 462 2972 ritate
478 2933 571 2972 sedis
586 2933 802 2979 apostolicae
816 2933 892 2970 sive
905 2932 1064 2978 episcopi
1079 2933 1260 2971 catholici.
