2097 3466
325 244 386 275 166
1007 239 1138 273 ANNO
1164 241 1259 273 1311

322 334 482 369 custodes
505 333 550 367 ad
575 333 877 368 incarceratorum
896 343 960 376 pro
983 331 1079 366 dicto
1096 331 1246 366 crimine
1262 331 1458 367 custodiam
1484 345 1547 376 per
1569 331 1752 377 episcopos
1769 335 1836 376 vel,
1856 335 1938 370 sede

323 392 483 428 vacante,
503 399 564 430 per
587 386 783 430 capitulum
800 386 992 429 deputandi
1017 388 1051 420 et
1073 397 1197 420 eorum
1214 386 1369 421 ministri
1394 399 1514 422 coram
1538 388 1643 423 dictis
1666 389 1939 433 inquisitoribus

325 444 380 478 vel
397 441 596 477 substitutis
612 442 656 475 ab
672 441 723 476 eis
740 444 896 484 prestent
912 440 1027 475 simile
1039 442 1298 484 ¹juramentum.

370 498 508 533 Notarii
537 509 678 541 quoque
701 497 945 541 Inquisitionis
969 508 1089 531 coram
1106 496 1270 540 episcopo
1294 499 1329 531 et
1352 497 1563 540 inquisitore
1586 499 1642 532 vel
1670 498 1869 534 substitutis
1894 500 1939 534 ab

323 554 374 588 eis
385 554 562 596 jurabunt
577 564 680 586 suum
697 552 854 587 officium
873 552 1025 586 fideliter
1040 562 1217 586 exercere.
1238 552 1283 586 Et
1304 552 1398 586 idem
1417 553 1475 587 fiet
1492 553 1536 587 de
1551 552 1632 587 aliis
1648 553 1807 597 personis
1822 564 1939 588 neces-

324 608 427 643 sariis
444 608 488 641 ad
505 607 703 651 predictum
723 607 879 641 officium
896 606 1153 649 exequendum.

370 663 502 696 Verum
521 662 605 705 quia
623 661 727 695 nimis
749 665 801 696 cst
822 673 932 705 grave
949 661 993 695 ad
1010 660 1342 696 exterminationem
1366 661 1552 704 pravitatis
1570 661 1726 705 predicto
1747 674 1818 697 non
1834 674 1942 707 agere

326 718 419 761 quod
444 716 554 760 ipsius
571 716 776 761 contagiosa
792 717 986 751 enormitas
999 718 1178 761 agendum
1199 717 1362 760 requirit,
1381 728 1491 761 grave
1508 728 1648 761 quoque
1664 721 1699 753 et
1713 718 1943 754 damnatione

327 771 576 816 dignissimum
608 771 790 806 maliciose
822 771 1020 806 insontibus
1051 772 1199 806 candem
1235 771 1418 815 imponere
1449 773 1678 815 pravitatem,
1711 773 1878 818 episcopo
1907 776 1943 810 et

326 825 531 868 inquisitori
557 825 725 869 predictis
748 837 789 860 ac
815 826 894 860 aliis
918 827 963 861 ad
987 826 1072 861 dicti
1097 826 1342 861 executionem
1360 826 1469 861 officii
1493 827 1749 863 substituendis
1763 829 1808 863 ab
1831 828 1882 864 eis
1904 829 1943 864 in

327 880 460 915 virtute
476 883 596 915 sancte
612 881 811 916 obedientie
827 884 863 916 et
885 882 951 915 sub
976 881 1269 916 interminatione
1285 881 1546 916 maledictionis
1570 885 1690 918 eterne
1713 883 1941 927 precipimus,

327 938 367 970 ut
382 935 433 968 sic
449 934 601 970 discrete
616 939 651 970 ct
667 939 828 979 prompte
854 939 979 971 contra
995 940 1178 979 suspectos
1198 937 1255 971 vel
1271 936 1472 971 diffamatos
1488 937 1532 971 de
1548 937 1753 980 hujusmodi
1768 937 1944 982 pravitate

327 990 532 1034 procedant,
566 990 659 1033 quod
686 989 868 1024 maliciose
896 993 959 1025 aut
986 990 1233 1025 fraudulenter
1263 992 1399 1025 tantam
1427 990 1544 1024 labem
1571 1002 1632 1025 seu
1664 992 1759 1035 quod
1784 991 1878 1036 ipsos
1904 991 1944 1027 in

327 1044 536 1080 executione
553 1044 661 1079 officii
678 1044 925 1088 Inquisitionis
939 1045 1121 1088 impediat,
1141 1045 1229 1079 falso
1253 1044 1363 1078 alicui
1380 1056 1452 1079 non
1475 1045 1683 1089 imponant3
1701 1047 1795 1090 quod
1811 1047 1840 1082 si
1856 1047 1942 1089 odii,

329 1099 446 1144 gratie
469 1100 525 1133 vel
552 1098 696 1140 amoris,
722 1098 814 1133 lucri
842 1102 904 1133 aut
931 1099 1107 1133 commodi
1132 1099 1337 1143 temporalis
1368 1099 1515 1133 obtentu
1546 1103 1671 1135 contra
1694 1101 1879 1145 justiciam
1907 1104 1944 1138 et

331 1153 585 1189 conscientiam
602 1165 702 1188 suam
727 1153 913 1188 omiserint
935 1157 1061 1189 contra
1078 1166 1291 1198 quemquam
1317 1154 1519 1197 procedere,
1538 1154 1601 1188 ubi
1623 1155 1733 1191 fuerit
1756 1157 1945 1200 proceden-

330 1210 415 1244 dum
432 1220 538 1252 super
553 1208 758 1252 hujusmodi
774 1208 961 1252 pravitate,
981 1212 1044 1243 aut
1064 1210 1210 1244 obtentu
1227 1209 1350 1243 eodem
1366 1208 1579 1252 pravitatem
1595 1208 1710 1253 ipsam
1725 1211 1782 1246 vel
1796 1211 1944 1256 impedi-

329 1266 489 1298 mentum
501 1263 610 1297 officii
627 1263 682 1297 sui
698 1263 808 1298 alicui
824 1263 1050 1307 imponendo,
1069 1275 1151 1298 cum
1168 1275 1274 1307 super
1289 1263 1358 1298 hoc
1373 1267 1666 1307 presumpserunt
1683 1276 1825 1309 quoquo
1839 1265 1945 1300 modo

329 1330 470 1359 vexare,
487 1321 607 1362 preter
629 1317 718 1352 alias
740 1329 848 1362 penas
871 1330 936 1362 pro
961 1318 1134 1362 qualitate
1149 1319 1254 1362 culpe
1276 1318 1508 1362 imponendas
1531 1318 1663 1353 eisdem
1679 1319 1864 1365 episcopus
1883 1322 1946 1356 aut

330 1373 494 1418 superior
516 1372 755 1416 suspensionis
770 1373 815 1407 ab
840 1372 957 1407 officio
973 1383 1037 1416 per
1060 1372 1268 1413 triennium,
1287 1371 1351 1406 alii
1375 1383 1460 1407 vero
1476 1373 1856 1410 excommunicationis
1872 1385 1946 1410 sen-

332 1430 462 1467 tentias
477 1441 519 1465 eo
533 1430 609 1474 ipso
625 1430 830 1472 incurrant;
848 1441 869 1463 a
882 1441 953 1474 qua
965 1429 1108 1473 quidem
1124 1429 1504 1464 excommunicationis
1519 1428 1704 1471 sententia,
1724 1428 1786 1473 qui
1798 1429 1946 1465 eandem

330 1485 563 1526 incurrerint,
593 1483 662 1519 nisi
691 1496 756 1529 per
786 1485 990 1520 Romanum
1020 1484 1224 1529 pontificem
1255 1487 1445 1528 nequeant,
1478 1487 1729 1530 praeterquam
1757 1485 1796 1520 in
1821 1485 1948 1521 mortis

331 1539 486 1574 articulo
509 1542 544 1574 et
569 1541 656 1574 tunc
682 1539 924 1575 satisfactione
947 1538 1129 1583 premissa,
1156 1539 1391 1574 absolutionis
1414 1539 1628 1575 beneficium
1655 1539 1828 1582 obtinere,
1846 1540 1946 1575 nullo

331 1596 371 1631 in
386 1596 456 1630 hac
471 1597 572 1638 parte
588 1595 779 1640 privilegio
795 1596 1025 1640 suffragante.

376 1651 459 1686 Alia
474 1662 559 1685 sane
575 1662 643 1694 que
665 1650 761 1684 circa
784 1650 996 1694 premissum
1019 1649 1265 1694 Inquisitionis
1282 1648 1440 1684 officium
1464 1660 1486 1684 a
1508 1648 1638 1684 nostris
1664 1651 1748 1684 sunt
1770 1648 1949 1694 predeces-

330 1706 470 1741 soribus
500 1705 675 1747 instituta,
709 1707 883 1749 quatenus
910 1705 1065 1749 presenti
1096 1705 1239 1740 decreto
1270 1716 1342 1739 non
1375 1704 1533 1746 obviant,
1566 1703 1660 1739 sacri
1691 1703 1948 1749 approbatione

330 1759 474 1796 concilii
489 1761 658 1795 roborata
674 1759 712 1794 in
729 1771 793 1794 sua
808 1760 973 1794 volumus
989 1758 1158 1794 firmitate
1173 1770 1331 1793 manere.

374 1816 542 1850 Nolentes
568 1815 792 1858 splendorem
819 1814 964 1849 solitum
989 1813 1131 1858 negocii
1154 1813 1237 1848 fidei
1262 1825 1326 1857 per
1348 1815 1449 1848 actus
1476 1812 1687 1848 indiscretos
1710 1815 1746 1848 et
1767 1812 1949 1857 improbos

330 1869 538 1912 quorumvis
562 1868 816 1912 inquisitorum
831 1869 988 1904 heretice
1005 1867 1191 1912 pravitatis
1216 1867 1317 1911 quasi
1341 1867 1519 1902 tenebrosi
1543 1867 1634 1902 fumi
1650 1866 1806 1911 caligine
1829 1867 1947 1902 obfus-

331 1923 418 1965 cari,
437 1924 505 1958 hoc
521 1935 621 1958 sacro
637 1923 790 1958 concilio
814 1925 1046 1967 approbante,
1065 1922 1254 1958 statuimus
1278 1922 1387 1957 nullis
1410 1925 1553 1964 extunc,
1572 1921 1641 1957 nisi
1665 1921 1726 1966 qui
1750 1922 1947 1966 quadrage-

330 1979 460 2013 simum
476 1978 579 2014 etatis
602 1990 737 2013 annum
760 1977 958 2022 attigerint,
977 1977 1134 2013 officium
1155 1976 1402 2021 Inquisitionis
1418 1976 1577 2021 predicte
1601 1976 1776 2011 committi
1798 1975 1947 2020 inquisi-

329 2035 467 2068 toribus
482 2047 490 2076 ;
509 2036 543 2067 ct
558 2035 631 2068 tam
648 2032 807 2077 ipsorum
823 2044 930 2076 quam
947 2032 1194 2077 episcoporum
1211 2043 1273 2067 seu
1290 2031 1545 2075 capitulorum,
1564 2032 1646 2066 sede
1660 2033 1822 2073 vacante,
1839 2042 1948 2076 supra

326 2087 395 2122 hoc
425 2087 603 2131 deputatis
627 2087 880 2122 commissariis
908 2088 1192 2131 quibuscumque
1229 2086 1426 2121 districtius
1458 2086 1687 2131 injungentes
1714 2097 1758 2121 ne
1784 2088 1947 2129 pretextu

327 2142 437 2176 officii
462 2142 707 2185 Inquisitionis
724 2142 909 2185 quibusvis
924 2142 1039 2177 modis
1065 2141 1203 2176 illicitis
1219 2143 1263 2176 ab
1280 2141 1461 2185 aliquibus
1486 2139 1676 2185 pecuniam
1700 2143 1945 2185 extorqueant,

330 2208 395 2231 nec
411 2197 564 2232 scienter
576 2200 750 2232 attentent
766 2197 998 2232 ecclesiarum
1011 2198 1105 2231 bona
1117 2197 1162 2230 ab
1179 2196 1393 2231 clericorum
1410 2195 1580 2231 delictum
1594 2194 1746 2239 predicti
1761 2195 1948 2231 occasione

329 2251 437 2286 officii
454 2251 539 2285 fisco
555 2251 663 2286 etiam
679 2251 827 2286 ecclesie
843 2251 1023 2295 applicare
1038 2264 1047 2294 3
1076 2251 1170 2294 quod
1197 2251 1227 2285 si
1250 2262 1351 2285 secus
1373 2250 1412 2284 in
1436 2249 1492 2284 his
1508 2251 1565 2285 vel
1587 2262 1712 2286 eorum
1729 2251 1842 2286 altero
1859 2252 1947 2287 fece-

326 2306 411 2345 rint,
437 2305 818 2341 excommunicationis
844 2305 1019 2341 sententie
1045 2318 1105 2340 eos
1131 2307 1317 2351 subjacere
1341 2305 1566 2340 decernimus
1592 2305 1670 2349 ipso
1698 2306 1804 2347 facto,
1830 2318 1853 2340 a
1875 2318 1948 2350 qua

326 2372 398 2395 non
416 2360 549 2403 possint
563 2360 710 2400 absolvi,
730 2364 958 2404 preterquam
981 2360 1020 2394 in
1042 2360 1167 2395 mortis
1183 2359 1349 2401 articulo,
1367 2360 1481 2394 donec
1504 2359 1576 2394 illis
1600 2371 1622 2394 a
1644 2359 1773 2404 quibus
1796 2363 1947 2396 extorse-

324 2416 410 2458 rint,
440 2417 543 2460 plene
569 2416 806 2451 satisfecerint
835 2417 879 2451 de
909 2416 1062 2459 pecunia
1092 2416 1144 2450 sic
1174 2418 1324 2457 extorta,
1354 2414 1464 2449 nullis
1494 2414 1707 2459 privilegiis,
1740 2415 1854 2459 pactis
1884 2418 1946 2451 aut

326 2472 597 2507 remissionibus
612 2483 719 2515 super
733 2471 802 2506 hoc
819 2471 996 2506 valituris.

367 2526 507 2561 Notarii
524 2537 608 2561 vero
631 2530 666 2562 et
682 2526 851 2561 officiales
873 2526 960 2561 dicti
989 2525 1096 2561 officii
1130 2538 1268 2561 necnon
1299 2527 1428 2560 fratres
1455 2527 1490 2560 et
1521 2524 1609 2560 socii
1637 2523 1895 2568 inquisitorum
1910 2528 1947 2562 et

323 2581 649 2616 commissariorum
658 2580 828 2624 ipsorum,
842 2580 902 2624 qui
913 2580 1026 2615 dictos
1035 2581 1264 2624 inquisitores
1274 2583 1337 2615 aut
1351 2578 1613 2615 commissarios
1627 2582 1762 2614 secrete
1779 2579 1946 2616 noverint

321 2635 410 2670 talia
426 2635 654 2677 commisisse,
673 2635 703 2669 si
719 2635 1004 2679 indignationem
1028 2635 1093 2670 Dei
1117 2638 1153 2670 et
1179 2635 1371 2679 apostolice
1394 2634 1485 2669 sedis
1503 2634 1618 2669 vitare
1635 2633 1816 2668 voluerint
1832 2633 1926 2668 offen

322 2702 409 2730 sam,
439 2690 532 2734 ipsos
555 2691 715 2734 graviter
740 2702 893 2735 arguere
916 2694 952 2725 et
975 2691 1158 2735 corrigere
1182 2691 1347 2725 studeant
1368 2690 1408 2725 in
1431 2692 1579 2731 secreto,
1599 2689 1695 2733 quod
1717 2687 1748 2722 si
1763 2688 1885 2724 taliter
1900 2701 1943 2725 ea

323 2745 503 2786 sciverint,
522 2748 563 2780 ut
577 2757 619 2780 ea
635 2746 787 2789 probare
803 2746 954 2786 valeant,
974 2745 1003 2779 si
1030 2745 1076 2780 sit
1092 2756 1180 2788 opus
1203 2745 1269 2779 hec
1286 2744 1433 2788 prelatis
1448 2743 1705 2788 inquisitorum
1720 2745 1756 2778 et
1779 2743 1941 2778 commis-

322 2800 499 2835 sariorum
515 2801 708 2835 eorundem
724 2801 769 2834 ad
792 2812 880 2843 quos
903 2800 1106 2843 pertinebit,
1125 2799 1298 2834 nunciare
1321 2799 1474 2834 sollicite
1497 2799 1668 2842 debeant3
1687 2797 1749 2842 qui
1773 2797 1939 2841 equidem

321 2854 450 2898 prelati
463 2854 691 2898 inquisitores
706 2857 742 2889 et
753 2854 1014 2889 commissarios
1027 2854 1204 2898 predictos
1217 2866 1295 2889 reos
1308 2854 1392 2889 inde
1404 2856 1563 2897 repertos
1578 2854 1623 2888 ab
1636 2852 1764 2888 officiis
1777 2863 1943 2887 amovere

317 2911 352 2946 et
367 2912 503 2943 amotos
518 2909 608 2943 alias
623 2908 752 2953 punire
768 2908 885 2945 debite
897 2920 958 2945 seu
971 2908 1154 2952 corrigere
1165 2911 1375 2952 teneantur3
1390 2907 1536 2954 prelatis
1548 2909 1668 2944 autem
1680 2905 1939 2953 inquisitorum
