<?xml version="1.0" encoding="UTF-8"?>
<!DOCTYPE html PUBLIC "-//W3C//DTD XHTML 1.0 Transitional//EN"
    "http://www.w3.org/TR/xhtml1/DTD/xhtml1-transitional.dtd">
<html xmlns="http://www.w3.org/1999/xhtml" xml:lang="en" lang="en">
 <head>
  <title>
</title>
<meta http-equiv="Content-Type" content="text/html;charset=utf-8" />
  <meta name='ocr-system' content='tesseract 3.04.00' />
  <meta name='ocr-capabilities' content='ocr_page ocr_carea ocr_par ocr_line ocrx_word'/>
</head>
<body>
  <div class='ocr_page' id='page_1' title='image "./corpusdocumentor01fruoft_0300.png"; bbox 0 0 2097 3466; ppageno 0'>
   <div class='ocr_carea' id='block_1_1' title="bbox 325 241 1364 282">
    <p class='ocr_par' dir='ltr' id='par_1_1' title="bbox 325 241 1364 282">
     <span class='ocr_line' id='line_1_1' title="bbox 325 241 1364 282; baseline -0.001 -4"><span class='ocrx_word' id='word_1_1' title='bbox 325 244 385 278; x_wconf 65' lang='lat'>⁴250</span> <span class='ocrx_word' id='word_1_2' title='bbox 914 241 1044 277; x_wconf 82' lang='lat' dir='ltr'>ANNO</span> <span class='ocrx_word' id='word_1_3' title='bbox 1070 253 1100 275; x_wconf 81' lang='lat' dir='ltr'>c.</span> <span class='ocrx_word' id='word_1_4' title='bbox 1127 243 1238 282; x_wconf 67' lang='lat'>1380,</span> <span class='ocrx_word' id='word_1_5' title='bbox 1266 243 1364 277; x_wconf 78' lang='lat'>1383</span> 
     </span>
    </p>
   </div>
   <div class='ocr_carea' id='block_1_2' title="bbox 1081 378 1202 423">
    <p class='ocr_par' dir='ltr' id='par_1_2' title="bbox 1081 378 1202 423">
     <span class='ocr_line' id='line_1_2' title="bbox 1081 378 1202 423; baseline 0.008 -1"><span class='ocrx_word' id='word_1_6' title='bbox 1081 378 1202 423; x_wconf 86' lang='lat'><strong>234.</strong></span> 
     </span>
    </p>
   </div>
   <div class='ocr_carea' id='block_1_3' title="bbox 322 506 1945 907">
    <p class='ocr_par' dir='ltr' id='par_1_3' title="bbox 322 506 1945 907">
     <span class='ocr_line' id='line_1_3' title="bbox 389 506 1943 566; baseline 0.004 -17"><span class='ocrx_word' id='word_1_7' title='bbox 389 508 646 551; x_wconf 77' lang='lat' dir='ltr'>Omstreeks</span> <span class='ocrx_word' id='word_1_8' title='bbox 682 508 819 559; x_wconf 87' lang='grc'><em>1380,</em></span> <span class='ocrx_word' id='word_1_9' title='bbox 864 506 1059 551; x_wconf 69' lang='grc' dir='ltr'>ίΤίνεσΙιί.</span> <span class='ocrx_word' id='word_1_10' title='bbox 1093 506 1332 549; x_wconf 87' lang='lat' dir='ltr'>Uittreksel</span> <span class='ocrx_word' id='word_1_11' title='bbox 1359 506 1424 550; x_wconf 87' lang='lat' dir='ltr'>uit</span> <span class='ocrx_word' id='word_1_12' title='bbox 1455 506 1507 549; x_wconf 92' lang='lat' dir='ltr'>de</span> <span class='ocrx_word' id='word_1_13' title='bbox 1538 507 1711 566; x_wconf 88' lang='lat' dir='ltr'>kronijk</span> <span class='ocrx_word' id='word_1_14' title='bbox 1743 523 1829 553; x_wconf 83' lang='lat' dir='ltr'>van</span> <span class='ocrx_word' id='word_1_15' title='bbox 1860 510 1943 554; x_wconf 89' lang='lat' dir='ltr'>den</span> 
     </span>
     <span class='ocr_line' id='line_1_4' title="bbox 322 575 1944 636; baseline 0.003 -18"><span class='ocrx_word' id='word_1_16' title='bbox 322 576 550 619; x_wconf 83' lang='lat' dir='ltr'>kanunnik</span> <span class='ocrx_word' id='word_1_17' title='bbox 585 576 706 619; x_wconf 86' lang='lat' dir='ltr'>Heda</span> <span class='ocrx_word' id='word_1_18' title='bbox 740 576 789 634; x_wconf 83' lang='lat'>(†</span> <span class='ocrx_word' id='word_1_19' title='bbox 815 575 948 631; x_wconf 74' lang='lat'>1525)</span> <span class='ocrx_word' id='word_1_20' title='bbox 973 588 1076 617; x_wconf 87' lang='lat' dir='ltr'>over</span> <span class='ocrx_word' id='word_1_21' title='bbox 1107 575 1159 617; x_wconf 89' lang='lat' dir='ltr'>de</span> <span class='ocrx_word' id='word_1_22' title='bbox 1191 575 1453 631; x_wconf 85' lang='lat' dir='ltr'>ontgraving</span> <span class='ocrx_word' id='word_1_23' title='bbox 1485 589 1539 618; x_wconf 90' lang='lat' dir='ltr'>en</span> <span class='ocrx_word' id='word_1_24' title='bbox 1572 576 1624 618; x_wconf 90' lang='lat' dir='ltr'>de</span> <span class='ocrx_word' id='word_1_25' title='bbox 1653 576 1944 636; x_wconf 85' lang='lat' dir='ltr'>verbranding</span> 
     </span>
     <span class='ocr_line' id='line_1_5' title="bbox 323 642 1945 703; baseline 0.004 -17"><span class='ocrx_word' id='word_1_26' title='bbox 323 659 409 687; x_wconf 86' lang='lat' dir='ltr'>van</span> <span class='ocrx_word' id='word_1_27' title='bbox 446 645 524 688; x_wconf 85' lang='lat' dir='ltr'>het</span> <span class='ocrx_word' id='word_1_28' title='bbox 560 644 769 701; x_wconf 85' lang='lat' dir='ltr'>gebeente</span> <span class='ocrx_word' id='word_1_29' title='bbox 812 659 896 687; x_wconf 83' lang='lat' dir='ltr'>van</span> <span class='ocrx_word' id='word_1_30' title='bbox 935 644 1018 686; x_wconf 89' lang='lat' dir='ltr'>den</span> <span class='ocrx_word' id='word_1_31' title='bbox 1054 642 1201 686; x_wconf 87' lang='lat' dir='ltr'>ketter</span> <span class='ocrx_word' id='word_1_32' title='bbox 1243 644 1478 687; x_wconf 74' lang='lat' dir='ltr'>Matthaeus</span> <span class='ocrx_word' id='word_1_33' title='bbox 1520 645 1723 697; x_wconf 88' lang='lat' dir='ltr'>Lollaert,</span> <span class='ocrx_word' id='word_1_34' title='bbox 1765 660 1817 703; x_wconf 90' lang='lat' dir='ltr'>op</span> <span class='ocrx_word' id='word_1_35' title='bbox 1859 648 1945 692; x_wconf 84' lang='lat' dir='ltr'>last</span> 
     </span>
     <span class='ocr_line' id='line_1_6' title="bbox 323 712 1943 769; baseline 0.002 -13"><span class='ocrx_word' id='word_1_36' title='bbox 323 727 409 757; x_wconf 86' lang='lat' dir='ltr'>van</span> <span class='ocrx_word' id='word_1_37' title='bbox 432 713 514 756; x_wconf 89' lang='lat' dir='ltr'>den</span> <span class='ocrx_word' id='word_1_38' title='bbox 535 712 736 769; x_wconf 85' lang='lat' dir='ltr'>hisschop</span> <span class='ocrx_word' id='word_1_39' title='bbox 769 727 853 756; x_wconf 86' lang='lat' dir='ltr'>van</span> <span class='ocrx_word' id='word_1_40' title='bbox 877 712 1061 756; x_wconf 87' lang='lat' dir='ltr'>Utrecht</span> <span class='ocrx_word' id='word_1_41' title='bbox 1093 713 1232 755; x_wconf 87' lang='lat' dir='ltr'>Floris</span> <span class='ocrx_word' id='word_1_42' title='bbox 1254 726 1339 755; x_wconf 83' lang='lat' dir='ltr'>van</span> <span class='ocrx_word' id='word_1_43' title='bbox 1373 712 1769 759; x_wconf 87' lang='lat' dir='ltr'>Wevelinkhoven.</span> <span class='ocrx_word' id='word_1_44' title='bbox 1797 740 1851 747; x_wconf 94' lang='lat'>—</span> <span class='ocrx_word' id='word_1_45' title='bbox 1883 717 1943 760; x_wconf 89' lang='lat' dir='ltr'>De</span> 
     </span>
     <span class='ocr_line' id='line_1_7' title="bbox 323 781 1943 842; baseline 0.002 -18"><span class='ocrx_word' id='word_1_46' title='bbox 323 781 617 839; x_wconf 84' lang='lat' dir='ltr'>verbranding</span> <span class='ocrx_word' id='word_1_47' title='bbox 653 781 910 838; x_wconf 86' lang='lat' dir='ltr'>geschiedde</span> <span class='ocrx_word' id='word_1_48' title='bbox 943 795 996 837; x_wconf 87' lang='lat' dir='ltr'>op</span> <span class='ocrx_word' id='word_1_49' title='bbox 1028 781 1080 824; x_wconf 87' lang='lat' dir='ltr'>de</span> <span class='ocrx_word' id='word_1_50' title='bbox 1103 781 1353 837; x_wconf 86' lang='lat' dir='ltr'>voorplaats</span> <span class='ocrx_word' id='word_1_51' title='bbox 1385 794 1469 824; x_wconf 87' lang='lat' dir='ltr'>van</span> <span class='ocrx_word' id='word_1_52' title='bbox 1502 781 1578 825; x_wconf 90' lang='lat' dir='ltr'>het</span> <span class='ocrx_word' id='word_1_53' title='bbox 1608 781 1943 842; x_wconf 86' lang='lat' dir='ltr'>bisschoppelijk</span> 
     </span>
     <span class='ocr_line' id='line_1_8' title="bbox 322 850 1581 907; baseline -0.001 -14"><span class='ocrx_word' id='word_1_54' title='bbox 322 851 401 894; x_wconf 90' lang='lat' dir='ltr'>hof</span> <span class='ocrx_word' id='word_1_55' title='bbox 418 865 471 894; x_wconf 89' lang='grc'>611</span> <span class='ocrx_word' id='word_1_56' title='bbox 493 851 545 894; x_wconf 86' lang='grc'>(16</span> <span class='ocrx_word' id='word_1_57' title='bbox 567 852 672 895; x_wconf 82' lang='grc'><strong>65611</strong></span> <span class='ocrx_word' id='word_1_58' title='bbox 694 851 814 894; x_wconf 84' lang='lat' dir='ltr'>werd</span> <span class='ocrx_word' id='word_1_59' title='bbox 838 851 881 893; x_wconf 90' lang='lat' dir='ltr'>in</span> <span class='ocrx_word' id='word_1_60' title='bbox 903 851 954 893; x_wconf 90' lang='lat' dir='ltr'>de</span> <span class='ocrx_word' id='word_1_61' title='bbox 978 850 1310 906; x_wconf 85' lang='lat' dir='ltr'>stadsgrachten</span> <span class='ocrx_word' id='word_1_62' title='bbox 1333 863 1581 907; x_wconf 86' lang='lat' dir='ltr'>geworpen.</span> 
     </span>
    </p>
   </div>
   <div class='ocr_carea' id='block_1_4' title="bbox 323 974 1942 1074">
    <p class='ocr_par' dir='ltr' id='par_1_4' title="bbox 323 974 1942 1074">
     <span class='ocr_line' id='line_1_9' title="bbox 370 974 1942 1020; baseline 0.002 -11"><span class='ocrx_word' id='word_1_63' title='bbox 370 975 468 1010; x_wconf 83' lang='lat' dir='ltr'>Fecit</span> <span class='ocrx_word' id='word_1_64' title='bbox 485 976 714 1018; x_wconf 69' lang='lat' dir='ltr'>(Florentius)</span> <span class='ocrx_word' id='word_1_65' title='bbox 730 974 919 1010; x_wconf 74' lang='lat' dir='ltr'>exhumari</span> <span class='ocrx_word' id='word_1_66' title='bbox 944 986 1022 1009; x_wconf 78' lang='lat' dir='ltr'>ossa</span> <span class='ocrx_word' id='word_1_67' title='bbox 1045 975 1230 1019; x_wconf 75' lang='lat' dir='ltr'>cujusdam</span> <span class='ocrx_word' id='word_1_68' title='bbox 1260 974 1433 1010; x_wconf 83' lang='lat' dir='ltr'>haeretici</span> <span class='ocrx_word' id='word_1_69' title='bbox 1456 974 1630 1010; x_wconf 76' lang='lat' dir='ltr'><strong>Matthaei</strong></span> <span class='ocrx_word' id='word_1_70' title='bbox 1655 975 1813 1011; x_wconf 73' lang='lat' dir='ltr'>Lollaert</span> <span class='ocrx_word' id='word_1_71' title='bbox 1836 978 1942 1020; x_wconf 79' lang='lat' dir='ltr'>atque</span> 
     </span>
     <span class='ocr_line' id='line_1_10' title="bbox 323 1028 1655 1074; baseline -0.001 -9"><span class='ocrx_word' id='word_1_72' title='bbox 323 1034 406 1065; x_wconf 82' lang='lat' dir='ltr'>ante</span> <span class='ocrx_word' id='word_1_73' title='bbox 423 1029 553 1065; x_wconf 81' lang='lat' dir='ltr'>atrium</span> <span class='ocrx_word' id='word_1_74' title='bbox 572 1030 777 1074; x_wconf 81' lang='lat' dir='ltr'>pontificale</span> <span class='ocrx_word' id='word_1_75' title='bbox 794 1029 957 1064; x_wconf 86' lang='lat' dir='ltr'>comburi</span> <span class='ocrx_word' id='word_1_76' title='bbox 974 1029 1182 1073; x_wconf 81' lang='lat' dir='ltr'>cineresque</span> <span class='ocrx_word' id='word_1_77' title='bbox 1198 1028 1235 1063; x_wconf 83' lang='lat' dir='ltr'>in</span> <span class='ocrx_word' id='word_1_78' title='bbox 1254 1029 1354 1063; x_wconf 85' lang='lat' dir='ltr'>fossis</span> <span class='ocrx_word' id='word_1_79' title='bbox 1371 1029 1470 1064; x_wconf 86' lang='lat' dir='ltr'>urbis</span> <span class='ocrx_word' id='word_1_80' title='bbox 1486 1029 1655 1073; x_wconf 83' lang='lat' dir='ltr'>dispergi.</span> 
     </span>
    </p>
   </div>
   <div class='ocr_carea' id='block_1_5' title="bbox 671 1107 1943 1259">
    <p class='ocr_par' dir='ltr' id='par_1_5' title="bbox 671 1107 1943 1259">
     <span class='ocr_line' id='line_1_11' title="bbox 671 1107 1943 1151; baseline 0 -9"><span class='ocrx_word' id='word_1_81' title='bbox 671 1107 735 1142; x_wconf 88' lang='lat' dir='ltr'>W.</span> <span class='ocrx_word' id='word_1_82' title='bbox 765 1107 876 1148; x_wconf 83' lang='lat' dir='ltr'>Heda,</span> <span class='ocrx_word' id='word_1_83' title='bbox 906 1107 1075 1141; x_wconf 73' lang='lat' dir='ltr'>Historia</span> <span class='ocrx_word' id='word_1_84' title='bbox 1100 1108 1351 1151; x_wconf 74' lang='lat' dir='ltr'>episcoporum</span> <span class='ocrx_word' id='word_1_85' title='bbox 1384 1107 1682 1150; x_wconf 63' lang='lat' dir='ltr'>Troy‘ectensizcm‚</span> <span class='ocrx_word' id='word_1_86' title='bbox 1711 1107 1777 1142; x_wconf 91' lang='lat' dir='ltr'><strong>blz.</strong></span> <span class='ocrx_word' id='word_1_87' title='bbox 1807 1109 1882 1142; x_wconf 76' lang='lat'><strong>259.</strong></span> <span class='ocrx_word' id='word_1_88' title='bbox 1899 1125 1943 1132; x_wconf 90' lang='lat'>-—</span> 
     </span>
     <span class='ocr_line' id='line_1_12' title="bbox 714 1161 1942 1206; baseline 0.002 -10"><span class='ocrx_word' id='word_1_89' title='bbox 714 1162 774 1197; x_wconf 89' lang='lat' dir='ltr'>Zie</span> <span class='ocrx_word' id='word_1_90' title='bbox 800 1162 906 1203; x_wconf 88' lang='lat' dir='ltr'>Moll,</span> <span class='ocrx_word' id='word_1_91' title='bbox 937 1161 1307 1206; x_wconf 50' lang='lat' dir='ltr'>Kmfiyesclciedenis,</span> <span class='ocrx_word' id='word_1_92' title='bbox 1337 1161 1416 1197; x_wconf 89' lang='lat' dir='ltr'>deel</span> <span class='ocrx_word' id='word_1_93' title='bbox 1446 1161 1497 1203; x_wconf 85' lang='lat'>11,</span> <span class='ocrx_word' id='word_1_94' title='bbox 1526 1164 1562 1196; x_wconf 72' lang='lat' dir='ltr'>3e</span> <span class='ocrx_word' id='word_1_95' title='bbox 1593 1161 1693 1204; x_wconf 83' lang='lat' dir='ltr'>stuk‚</span> <span class='ocrx_word' id='word_1_96' title='bbox 1727 1163 1794 1197; x_wconf 91' lang='lat' dir='ltr'><strong>blz.</strong></span> <span class='ocrx_word' id='word_1_97' title='bbox 1825 1165 1868 1198; x_wconf 79' lang='lat'>72</span> <span class='ocrx_word' id='word_1_98' title='bbox 1897 1174 1942 1198; x_wconf 83' lang='lat' dir='ltr'>en</span> 
     </span>
     <span class='ocr_line' id='line_1_13' title="bbox 711 1218 906 1259; baseline 0 -7"><span class='ocrx_word' id='word_1_99' title='bbox 711 1219 796 1252; x_wconf 90' lang='lat' dir='ltr'>noot</span> <span class='ocrx_word' id='word_1_100' title='bbox 811 1220 843 1252; x_wconf 82' lang='lat'>2.</span> <span class='ocrx_word' id='word_1_101' title='bbox 862 1218 906 1259; x_wconf 88' lang='lat'>(1)</span> 
     </span>
    </p>
   </div>
   <div class='ocr_carea' id='block_1_6' title="bbox 1073 1331 1193 1375">
    <p class='ocr_par' dir='ltr' id='par_1_6' title="bbox 1073 1331 1193 1375">
     <span class='ocr_line' id='line_1_14' title="bbox 1073 1331 1193 1375; baseline 0.008 -1"><span class='ocrx_word' id='word_1_102' title='bbox 1073 1331 1193 1375; x_wconf 85' lang='lat'>235.</span> 
     </span>
    </p>
   </div>
   <div class='ocr_carea' id='block_1_7' title="bbox 320 1457 1944 2133">
    <p class='ocr_par' dir='ltr' id='par_1_7' title="bbox 320 1457 1944 2133">
     <span class='ocr_line' id='line_1_15' title="bbox 380 1457 1941 1515; baseline 0 -12"><span class='ocrx_word' id='word_1_103' title='bbox 380 1459 558 1515; x_wconf 83' lang='lat'><em>(1383‚)</em></span> <span class='ocrx_word' id='word_1_104' title='bbox 597 1457 784 1502; x_wconf 70' lang='lat' dir='ltr'>October</span> <span class='ocrx_word' id='word_1_105' title='bbox 814 1459 893 1510; x_wconf 80' lang='lat'>21,</span> <span class='ocrx_word' id='word_1_106' title='bbox 920 1458 1053 1501; x_wconf 76' lang='lat' dir='ltr'><em>Luz&#39;k.</em></span> <span class='ocrx_word' id='word_1_107' title='bbox 1092 1457 1214 1500; x_wconf 85' lang='lat' dir='ltr'>Brief</span> <span class='ocrx_word' id='word_1_108' title='bbox 1232 1471 1318 1502; x_wconf 83' lang='lat' dir='ltr'>van</span> <span class='ocrx_word' id='word_1_109' title='bbox 1350 1459 1526 1502; x_wconf 90' lang='lat' dir='ltr'>Willem</span> <span class='ocrx_word' id='word_1_110' title='bbox 1568 1459 1619 1502; x_wconf 91' lang='lat' dir='ltr'>de</span> <span class='ocrx_word' id='word_1_111' title='bbox 1641 1458 1941 1514; x_wconf 85' lang='lat' dir='ltr'>Salvavarilla‚</span> 
     </span>
     <span class='ocr_line' id='line_1_16' title="bbox 321 1527 1940 1585; baseline 0.001 -14"><span class='ocrx_word' id='word_1_112' title='bbox 321 1532 472 1571; x_wconf 85' lang='lat' dir='ltr'>cantor</span> <span class='ocrx_word' id='word_1_113' title='bbox 494 1541 579 1570; x_wconf 84' lang='lat' dir='ltr'>van</span> <span class='ocrx_word' id='word_1_114' title='bbox 604 1528 744 1585; x_wconf 86' lang='lat' dir='ltr'>Parijs</span> <span class='ocrx_word' id='word_1_115' title='bbox 768 1541 821 1571; x_wconf 89' lang='lat' dir='ltr'>en</span> <span class='ocrx_word' id='word_1_116' title='bbox 845 1527 1122 1571; x_wconf 85' lang='lat' dir='ltr'>aartsdiaken</span> <span class='ocrx_word' id='word_1_117' title='bbox 1144 1541 1228 1570; x_wconf 84' lang='lat' dir='ltr'>van</span> <span class='ocrx_word' id='word_1_118' title='bbox 1251 1527 1442 1571; x_wconf 83' lang='lat' dir='ltr'>Brabant</span> <span class='ocrx_word' id='word_1_119' title='bbox 1464 1529 1508 1570; x_wconf 91' lang='lat' dir='ltr'>in</span> <span class='ocrx_word' id='word_1_120' title='bbox 1531 1527 1606 1571; x_wconf 87' lang='lat' dir='ltr'>het</span> <span class='ocrx_word' id='word_1_121' title='bbox 1628 1527 1792 1571; x_wconf 88' lang='lat' dir='ltr'>bisdom</span> <span class='ocrx_word' id='word_1_122' title='bbox 1814 1529 1940 1583; x_wconf 88' lang='lat' dir='ltr'>Luik,</span> 
     </span>
     <span class='ocr_line' id='line_1_17' title="bbox 320 1595 1944 1654; baseline 0 -13"><span class='ocrx_word' id='word_1_123' title='bbox 320 1612 402 1641; x_wconf 87' lang='grc'><strong>6611</strong></span> <span class='ocrx_word' id='word_1_124' title='bbox 426 1611 531 1652; x_wconf 89' lang='lat' dir='ltr'>paus</span> <span class='ocrx_word' id='word_1_125' title='bbox 555 1595 756 1639; x_wconf 84' lang='lat' dir='ltr'>Urbanus</span> <span class='ocrx_word' id='word_1_126' title='bbox 779 1596 840 1638; x_wconf 92' lang='lat' dir='ltr'>VI</span> <span class='ocrx_word' id='word_1_127' title='bbox 863 1609 929 1638; x_wconf 90' lang='lat' dir='ltr'>om</span> <span class='ocrx_word' id='word_1_128' title='bbox 954 1597 1052 1639; x_wconf 90' lang='lat' dir='ltr'>hem</span> <span class='ocrx_word' id='word_1_129' title='bbox 1075 1599 1118 1639; x_wconf 90' lang='lat' dir='ltr'>te</span> <span class='ocrx_word' id='word_1_130' title='bbox 1141 1610 1322 1651; x_wconf 82' lang='lat' dir='ltr'>vragen,</span> <span class='ocrx_word' id='word_1_131' title='bbox 1350 1597 1422 1640; x_wconf 85' lang='lat' dir='ltr'>dat</span> <span class='ocrx_word' id='word_1_132' title='bbox 1446 1597 1506 1654; x_wconf 88' lang='lat' dir='ltr'>hij</span> <span class='ocrx_word' id='word_1_133' title='bbox 1541 1597 1675 1641; x_wconf 83' lang='lat' dir='ltr'>Geert</span> <span class='ocrx_word' id='word_1_134' title='bbox 1697 1597 1858 1641; x_wconf 85' lang='lat' dir='ltr'>Groote</span> <span class='ocrx_word' id='word_1_135' title='bbox 1879 1598 1944 1641; x_wconf 86' lang='lat' dir='ltr'>als</span> 
     </span>
     <span class='ocr_line' id='line_1_18' title="bbox 323 1663 1944 1722; baseline 0 -12"><span class='ocrx_word' id='word_1_136' title='bbox 323 1667 579 1722; x_wconf 86' lang='lat' dir='ltr'>inquisiteur</span> <span class='ocrx_word' id='word_1_137' title='bbox 601 1679 680 1708; x_wconf 90' lang='lat' dir='ltr'>zou</span> <span class='ocrx_word' id='word_1_138' title='bbox 713 1665 972 1708; x_wconf 77' lang='lat' dir='ltr'>aanstellen.</span> <span class='ocrx_word' id='word_1_139' title='bbox 1007 1690 1052 1695; x_wconf 96' lang='lat'><strong>—</strong></span> <span class='ocrx_word' id='word_1_140' title='bbox 1079 1665 1146 1708; x_wconf 85' lang='lat' dir='ltr'>Na</span> <span class='ocrx_word' id='word_1_141' title='bbox 1168 1678 1272 1706; x_wconf 86' lang='lat' dir='ltr'>over</span> <span class='ocrx_word' id='word_1_142' title='bbox 1300 1663 1424 1706; x_wconf 87' lang='lat' dir='ltr'>dezes</span> <span class='ocrx_word' id='word_1_143' title='bbox 1447 1665 1737 1720; x_wconf 82' lang='lat' dir='ltr'>geleerdheid,</span> <span class='ocrx_word' id='word_1_144' title='bbox 1764 1666 1944 1711; x_wconf 86' lang='lat' dir='ltr'>onbaat-</span> 
     </span>
     <span class='ocr_line' id='line_1_19' title="bbox 322 1727 1944 1791; baseline 0 -13"><span class='ocrx_word' id='word_1_145' title='bbox 322 1733 597 1789; x_wconf 86' lang='lat' dir='ltr'>zuchtigheid</span> <span class='ocrx_word' id='word_1_146' title='bbox 621 1747 674 1775; x_wconf 89' lang='lat' dir='ltr'>en</span> <span class='ocrx_word' id='word_1_147' title='bbox 693 1727 966 1789; x_wconf 85' lang='lat' dir='ltr'>geloofsijver</span> <span class='ocrx_word' id='word_1_148' title='bbox 982 1736 1025 1776; x_wconf 89' lang='lat' dir='ltr'>te</span> <span class='ocrx_word' id='word_1_149' title='bbox 1047 1731 1217 1775; x_wconf 86' lang='lat' dir='ltr'>hebben</span> <span class='ocrx_word' id='word_1_150' title='bbox 1235 1733 1482 1788; x_wconf 82' lang='lat' dir='ltr'>uitgeweid,</span> <span class='ocrx_word' id='word_1_151' title='bbox 1504 1737 1605 1789; x_wconf 85' lang='lat' dir='ltr'>zegt</span> <span class='ocrx_word' id='word_1_152' title='bbox 1621 1733 1699 1791; x_wconf 87' lang='lat' dir='ltr'>hij,</span> <span class='ocrx_word' id='word_1_153' title='bbox 1721 1733 1794 1777; x_wconf 82' lang='lat' dir='ltr'>dat</span> <span class='ocrx_word' id='word_1_154' title='bbox 1811 1734 1944 1778; x_wconf 83' lang='lat' dir='ltr'>Geert</span> 
     </span>
     <span class='ocr_line' id='line_1_20' title="bbox 322 1802 1944 1860; baseline 0.001 -13"><span class='ocrx_word' id='word_1_155' title='bbox 322 1805 482 1848; x_wconf 85' lang='lat' dir='ltr'>Groote</span> <span class='ocrx_word' id='word_1_156' title='bbox 500 1803 699 1846; x_wconf 84' lang='lat' dir='ltr'>wenscht</span> <span class='ocrx_word' id='word_1_157' title='bbox 717 1803 978 1859; x_wconf 81' lang='lat' dir='ltr'>ongestoord</span> <span class='ocrx_word' id='word_1_158' title='bbox 996 1805 1039 1845; x_wconf 88' lang='lat' dir='ltr'>te</span> <span class='ocrx_word' id='word_1_159' title='bbox 1057 1815 1212 1858; x_wconf 85' lang='lat' dir='ltr'>mogen</span> <span class='ocrx_word' id='word_1_160' title='bbox 1232 1802 1438 1858; x_wconf 86' lang='lat' dir='ltr'>prediken</span> <span class='ocrx_word' id='word_1_161' title='bbox 1457 1817 1510 1845; x_wconf 86' lang='lat' dir='ltr'>en</span> <span class='ocrx_word' id='word_1_162' title='bbox 1529 1803 1705 1846; x_wconf 85' lang='lat' dir='ltr'>daartoe</span> <span class='ocrx_word' id='word_1_163' title='bbox 1718 1817 1823 1847; x_wconf 84' lang='lat' dir='ltr'>eene</span> <span class='ocrx_word' id='word_1_164' title='bbox 1839 1818 1944 1860; x_wconf 84' lang='lat' dir='ltr'>pau-</span> 
     </span>
     <span class='ocr_line' id='line_1_21' title="bbox 321 1871 1944 1930; baseline -0.001 -13"><span class='ocrx_word' id='word_1_165' title='bbox 321 1873 475 1930; x_wconf 85' lang='lat' dir='ltr'>selijke</span> <span class='ocrx_word' id='word_1_166' title='bbox 498 1872 716 1915; x_wconf 84' lang='lat' dir='ltr'>volmacht</span> <span class='ocrx_word' id='word_1_167' title='bbox 735 1872 950 1927; x_wconf 83' lang='lat' dir='ltr'>verlangt.</span> <span class='ocrx_word' id='word_1_168' title='bbox 974 1873 1158 1914; x_wconf 84' lang='lat' dir='ltr'>Daarom</span> <span class='ocrx_word' id='word_1_169' title='bbox 1180 1871 1282 1913; x_wconf 91' lang='grc'><strong>6611(</strong></span> <span class='ocrx_word' id='word_1_170' title='bbox 1299 1872 1376 1914; x_wconf 87' lang='grc'><strong>116(</strong></span> <span class='ocrx_word' id='word_1_171' title='bbox 1394 1872 1573 1915; x_wconf 89' lang='lat' dir='ltr'>Willem</span> <span class='ocrx_word' id='word_1_172' title='bbox 1591 1872 1642 1915; x_wconf 89' lang='lat' dir='ltr'>de</span> <span class='ocrx_word' id='word_1_173' title='bbox 1660 1871 1944 1916; x_wconf 81' lang='lat' dir='ltr'>Salvavarilla</span> 
     </span>
     <span class='ocr_line' id='line_1_22' title="bbox 320 1939 1944 1998; baseline 0 -14"><span class='ocrx_word' id='word_1_174' title='bbox 320 1941 577 1998; x_wconf 82' lang='lat' dir='ltr'>behoorlijk‚</span> <span class='ocrx_word' id='word_1_175' title='bbox 616 1941 689 1984; x_wconf 87' lang='lat' dir='ltr'>dat</span> <span class='ocrx_word' id='word_1_176' title='bbox 731 1939 931 1984; x_wconf 78' lang='lat' dir='ltr'>Urbanus</span> <span class='ocrx_word' id='word_1_177' title='bbox 956 1942 1018 1984; x_wconf 88' lang='lat' dir='ltr'>VI</span> <span class='ocrx_word' id='word_1_178' title='bbox 1044 1941 1144 1983; x_wconf 89' lang='lat' dir='ltr'>hem</span> <span class='ocrx_word' id='word_1_179' title='bbox 1175 1939 1251 1982; x_wconf 89' lang='lat' dir='ltr'>het</span> <span class='ocrx_word' id='word_1_180' title='bbox 1283 1939 1401 1983; x_wconf 86' lang='lat' dir='ltr'>ambt</span> <span class='ocrx_word' id='word_1_181' title='bbox 1437 1954 1524 1983; x_wconf 85' lang='lat' dir='ltr'>van</span> <span class='ocrx_word' id='word_1_182' title='bbox 1555 1940 1810 1996; x_wconf 85' lang='lat' dir='ltr'>inquisiteur</span> <span class='ocrx_word' id='word_1_183' title='bbox 1840 1955 1944 1985; x_wconf 84' lang='lat' dir='ltr'>over</span> 
     </span>
     <span class='ocr_line' id='line_1_23' title="bbox 320 2007 1942 2067; baseline 0.001 -14"><span class='ocrx_word' id='word_1_184' title='bbox 320 2011 349 2053; x_wconf 83' lang='lat' dir='ltr'>’t</span> <span class='ocrx_word' id='word_1_185' title='bbox 372 2009 658 2053; x_wconf 84' lang='lat' dir='ltr'>aartsbisdom</span> <span class='ocrx_word' id='word_1_186' title='bbox 690 2010 863 2052; x_wconf 86' lang='lat' dir='ltr'>Keulen</span> <span class='ocrx_word' id='word_1_187' title='bbox 886 2009 935 2052; x_wconf 88' lang='lat' dir='ltr'>of</span> <span class='ocrx_word' id='word_1_188' title='bbox 960 2012 1035 2052; x_wconf 87' lang='lat' dir='ltr'>ten</span> <span class='ocrx_word' id='word_1_189' title='bbox 1068 2009 1226 2052; x_wconf 88' lang='lat' dir='ltr'>minste</span> <span class='ocrx_word' id='word_1_190' title='bbox 1249 2022 1353 2051; x_wconf 89' lang='lat' dir='ltr'>over</span> <span class='ocrx_word' id='word_1_191' title='bbox 1384 2009 1459 2052; x_wconf 88' lang='lat' dir='ltr'>het</span> <span class='ocrx_word' id='word_1_192' title='bbox 1481 2007 1647 2052; x_wconf 88' lang='lat' dir='ltr'>bisdom</span> <span class='ocrx_word' id='word_1_193' title='bbox 1667 2009 1850 2054; x_wconf 84' lang='lat' dir='ltr'>Utrecht</span> <span class='ocrx_word' id='word_1_194' title='bbox 1869 2023 1942 2067; x_wconf 90' lang='lat' dir='ltr'>op-</span> 
     </span>
     <span class='ocr_line' id='line_1_24' title="bbox 321 2076 614 2133; baseline 0.003 -14"><span class='ocrx_word' id='word_1_195' title='bbox 321 2076 484 2133; x_wconf 84' lang='lat' dir='ltr'>dragen</span> <span class='ocrx_word' id='word_1_196' title='bbox 516 2091 614 2121; x_wconf 90' lang='lat' dir='ltr'>zou.</span> 
     </span>
    </p>
   </div>
   <div class='ocr_carea' id='block_1_8' title="bbox 317 2196 1941 2788">
    <p class='ocr_par' dir='ltr' id='par_1_8' title="bbox 321 2196 1941 2402">
     <span class='ocr_line' id='line_1_25' title="bbox 365 2196 1940 2242; baseline 0.001 -11"><span class='ocrx_word' id='word_1_197' title='bbox 365 2196 596 2232; x_wconf 81' lang='lat' dir='ltr'>Sanctissimo</span> <span class='ocrx_word' id='word_1_198' title='bbox 613 2196 651 2231; x_wconf 92' lang='lat' dir='ltr'>in</span> <span class='ocrx_word' id='word_1_199' title='bbox 670 2196 811 2232; x_wconf 85' lang='lat' dir='ltr'>Christo</span> <span class='ocrx_word' id='word_1_200' title='bbox 836 2197 929 2241; x_wconf 82' lang='lat' dir='ltr'>patri</span> <span class='ocrx_word' id='word_1_201' title='bbox 953 2209 996 2232; x_wconf 91' lang='grc'>66</span> <span class='ocrx_word' id='word_1_202' title='bbox 1012 2197 1157 2233; x_wconf 90' lang='lat' dir='ltr'>domino</span> <span class='ocrx_word' id='word_1_203' title='bbox 1185 2200 1306 2233; x_wconf 86' lang='lat' dir='ltr'>nostro</span> <span class='ocrx_word' id='word_1_204' title='bbox 1333 2197 1477 2233; x_wconf 87' lang='lat' dir='ltr'>domino</span> <span class='ocrx_word' id='word_1_205' title='bbox 1502 2198 1662 2239; x_wconf 89' lang='lat' dir='ltr'>Urbano,</span> <span class='ocrx_word' id='word_1_206' title='bbox 1679 2197 1802 2232; x_wconf 86' lang='lat' dir='ltr'>divina</span> <span class='ocrx_word' id='word_1_207' title='bbox 1824 2197 1940 2242; x_wconf 84' lang='lat' dir='ltr'>provi-</span> 
     </span>
     <span class='ocr_line' id='line_1_26' title="bbox 321 2251 1941 2295; baseline 0.001 -8"><span class='ocrx_word' id='word_1_208' title='bbox 321 2251 443 2287; x_wconf 87' lang='lat' dir='ltr'>dentia</span> <span class='ocrx_word' id='word_1_209' title='bbox 485 2262 599 2295; x_wconf 87' lang='lat' dir='ltr'>papae</span> <span class='ocrx_word' id='word_1_210' title='bbox 637 2254 753 2293; x_wconf 72' lang='lat' dir='ltr'>sexto,</span> <span class='ocrx_word' id='word_1_211' title='bbox 788 2255 1034 2287; x_wconf 80' lang='lat' dir='ltr'>sacrosanctae</span> <span class='ocrx_word' id='word_1_212' title='bbox 1072 2253 1256 2288; x_wconf 84' lang='lat' dir='ltr'>Romanae</span> <span class='ocrx_word' id='word_1_213' title='bbox 1288 2264 1330 2287; x_wconf 95' lang='grc'>66</span> <span class='ocrx_word' id='word_1_214' title='bbox 1361 2252 1574 2287; x_wconf 83' lang='lat' dir='ltr'>universalis</span> <span class='ocrx_word' id='word_1_215' title='bbox 1604 2251 1774 2287; x_wconf 85' lang='lat' dir='ltr'>ecclesiae</span> <span class='ocrx_word' id='word_1_216' title='bbox 1803 2264 1941 2288; x_wconf 86' lang='lat' dir='ltr'>summo</span> 
     </span>
     <span class='ocr_line' id='line_1_27' title="bbox 322 2305 1940 2351; baseline 0.001 -10"><span class='ocrx_word' id='word_1_217' title='bbox 322 2306 496 2351; x_wconf 86' lang='lat' dir='ltr'>pontifici,</span> <span class='ocrx_word' id='word_1_218' title='bbox 514 2305 740 2340; x_wconf 86' lang='lat' dir='ltr'>humillimus</span> <span class='ocrx_word' id='word_1_219' title='bbox 762 2309 900 2341; x_wconf 86' lang='lat' dir='ltr'>vestrae</span> <span class='ocrx_word' id='word_1_220' title='bbox 927 2307 1126 2343; x_wconf 82' lang='lat' dir='ltr'>sanctitatis</span> <span class='ocrx_word' id='word_1_221' title='bbox 1154 2310 1276 2342; x_wconf 86' lang='lat' dir='ltr'>orator</span> <span class='ocrx_word' id='word_1_222' title='bbox 1302 2310 1337 2342; x_wconf 88' lang='grc'>6(</span> <span class='ocrx_word' id='word_1_223' title='bbox 1360 2307 1510 2342; x_wconf 79' lang='lat' dir='ltr'>servitor</span> <span class='ocrx_word' id='word_1_224' title='bbox 1527 2306 1739 2342; x_wconf 88' lang='lat' dir='ltr'>Guilielmus</span> <span class='ocrx_word' id='word_1_225' title='bbox 1760 2307 1803 2341; x_wconf 85' lang='lat' dir='ltr'>de</span> <span class='ocrx_word' id='word_1_226' title='bbox 1820 2307 1940 2342; x_wconf 87' lang='lat' dir='ltr'>Salva-</span> 
     </span>
     <span class='ocr_line' id='line_1_28' title="bbox 321 2360 1812 2402; baseline 0.001 -8"><span class='ocrx_word' id='word_1_227' title='bbox 321 2361 462 2401; x_wconf 85' lang='lat' dir='ltr'>varilla,</span> <span class='ocrx_word' id='word_1_228' title='bbox 481 2363 608 2395; x_wconf 84' lang='lat' dir='ltr'>cantor</span> <span class='ocrx_word' id='word_1_229' title='bbox 624 2361 849 2402; x_wconf 79' lang='lat' dir='ltr'>parisiensis,</span> <span class='ocrx_word' id='word_1_230' title='bbox 868 2361 1144 2397; x_wconf 83' lang='lat' dir='ltr'>archidiaconus</span> <span class='ocrx_word' id='word_1_231' title='bbox 1159 2361 1378 2397; x_wconf 85' lang='lat' dir='ltr'>Brabantiae</span> <span class='ocrx_word' id='word_1_232' title='bbox 1393 2362 1432 2396; x_wconf 87' lang='lat' dir='ltr'>in</span> <span class='ocrx_word' id='word_1_233' title='bbox 1448 2361 1598 2397; x_wconf 84' lang='lat' dir='ltr'>ecclesia</span> <span class='ocrx_word' id='word_1_234' title='bbox 1613 2360 1812 2396; x_wconf 85' lang='lat' dir='ltr'>Leodiensi.</span> 
     </span>
    </p>

    <p class='ocr_par' dir='ltr' id='par_1_9' title="bbox 318 2415 1940 2516">
     <span class='ocr_line' id='line_1_29' title="bbox 364 2415 1940 2461; baseline -0.001 -10"><span class='ocrx_word' id='word_1_235' title='bbox 364 2416 574 2451; x_wconf 80' lang='lat' dir='ltr'>Beatissime</span> <span class='ocrx_word' id='word_1_236' title='bbox 590 2418 703 2460; x_wconf 87' lang='lat' dir='ltr'>pater,</span> <span class='ocrx_word' id='word_1_237' title='bbox 721 2415 926 2450; x_wconf 87' lang='lat' dir='ltr'>humillima</span> <span class='ocrx_word' id='word_1_238' title='bbox 949 2427 991 2450; x_wconf 89' lang='lat' dir='ltr'>ac</span> <span class='ocrx_word' id='word_1_239' title='bbox 1014 2416 1242 2451; x_wconf 82' lang='lat' dir='ltr'>devotissima</span> <span class='ocrx_word' id='word_1_240' title='bbox 1257 2417 1302 2451; x_wconf 87' lang='lat' dir='ltr'>ad</span> <span class='ocrx_word' id='word_1_241' title='bbox 1319 2417 1449 2461; x_wconf 87' lang='lat' dir='ltr'>pedum</span> <span class='ocrx_word' id='word_1_242' title='bbox 1465 2416 1586 2451; x_wconf 88' lang='grc'><strong>0561116</strong></span> <span class='ocrx_word' id='word_1_243' title='bbox 1603 2416 1789 2451; x_wconf 86' lang='lat' dir='ltr'>beatorum</span> <span class='ocrx_word' id='word_1_244' title='bbox 1804 2416 1940 2461; x_wconf 83' lang='lat' dir='ltr'>subjec-</span> 
     </span>
     <span class='ocr_line' id='line_1_30' title="bbox 318 2470 1880 2516; baseline 0 -10"><span class='ocrx_word' id='word_1_245' title='bbox 318 2471 415 2506; x_wconf 86' lang='lat' dir='ltr'>tione</span> <span class='ocrx_word' id='word_1_246' title='bbox 432 2470 638 2514; x_wconf 83' lang='lat' dir='ltr'>praemissa,</span> <span class='ocrx_word' id='word_1_247' title='bbox 657 2471 771 2505; x_wconf 84' lang='lat' dir='ltr'>zelum</span> <span class='ocrx_word' id='word_1_248' title='bbox 789 2470 854 2505; x_wconf 86' lang='lat' dir='ltr'>Dei</span> <span class='ocrx_word' id='word_1_249' title='bbox 871 2471 1017 2513; x_wconf 82' lang='lat' dir='ltr'>habens,</span> <span class='ocrx_word' id='word_1_250' title='bbox 1037 2471 1105 2506; x_wconf 82' lang='lat' dir='ltr'>nisi</span> <span class='ocrx_word' id='word_1_251' title='bbox 1127 2472 1244 2513; x_wconf 86' lang='lat' dir='ltr'>fallor,</span> <span class='ocrx_word' id='word_1_252' title='bbox 1263 2471 1380 2506; x_wconf 83' lang='lat' dir='ltr'>scribo</span> <span class='ocrx_word' id='word_1_253' title='bbox 1397 2471 1550 2506; x_wconf 85' lang='lat' dir='ltr'>fideliter</span> <span class='ocrx_word' id='word_1_254' title='bbox 1565 2483 1656 2516; x_wconf 86' lang='lat' dir='ltr'>quae</span> <span class='ocrx_word' id='word_1_255' title='bbox 1671 2473 1880 2514; x_wconf 86' lang='lat' dir='ltr'>sequuntur.</span> 
     </span>
    </p>

    <p class='ocr_par' dir='ltr' id='par_1_10' title="bbox 317 2525 1941 2788">
     <span class='ocr_line' id='line_1_31' title="bbox 363 2525 1941 2571; baseline 0.001 -12"><span class='ocrx_word' id='word_1_256' title='bbox 363 2526 430 2560; x_wconf 86' lang='lat' dir='ltr'>Vir</span> <span class='ocrx_word' id='word_1_257' title='bbox 456 2525 601 2569; x_wconf 82' lang='lat' dir='ltr'>quidam</span> <span class='ocrx_word' id='word_1_258' title='bbox 626 2525 841 2560; x_wconf 83' lang='lat' dir='ltr'>venerabilis</span> <span class='ocrx_word' id='word_1_259' title='bbox 868 2526 1014 2561; x_wconf 88' lang='lat' dir='ltr'>nomine</span> <span class='ocrx_word' id='word_1_260' title='bbox 1039 2526 1219 2561; x_wconf 86' lang='lat' dir='ltr'>Gerardus</span> <span class='ocrx_word' id='word_1_261' title='bbox 1244 2526 1370 2571; x_wconf 80' lang='lat' dir='ltr'>Magni</span> <span class='ocrx_word' id='word_1_262' title='bbox 1395 2527 1482 2569; x_wconf 80' lang='lat' dir='ltr'>(sic),</span> <span class='ocrx_word' id='word_1_263' title='bbox 1507 2526 1679 2561; x_wconf 85' lang='lat' dir='ltr'>diaconus</span> <span class='ocrx_word' id='word_1_264' title='bbox 1703 2525 1941 2570; x_wconf 83' lang='lat' dir='ltr'>Trajectensis</span> 
     </span>
     <span class='ocr_line' id='line_1_32' title="bbox 319 2579 1941 2624; baseline -0.001 -9"><span class='ocrx_word' id='word_1_265' title='bbox 319 2580 501 2620; x_wconf 77' lang='lat' dir='ltr'>dioecesis,</span> <span class='ocrx_word' id='word_1_266' title='bbox 520 2581 558 2614; x_wconf 86' lang='lat' dir='ltr'>in</span> <span class='ocrx_word' id='word_1_267' title='bbox 574 2579 733 2614; x_wconf 82' lang='lat' dir='ltr'>scientiis</span> <span class='ocrx_word' id='word_1_268' title='bbox 756 2580 978 2622; x_wconf 45' lang='lat' dir='ltr'>liberalibus</span> <span class='ocrx_word' id='word_1_269' title='bbox 997 2581 1223 2615; x_wconf 84' lang='lat' dir='ltr'>naturalibus</span> <span class='ocrx_word' id='word_1_270' title='bbox 1238 2584 1273 2615; x_wconf 90' lang='lat' dir='ltr'>et</span> <span class='ocrx_word' id='word_1_271' title='bbox 1296 2581 1492 2615; x_wconf 87' lang='lat' dir='ltr'>moralibus</span> <span class='ocrx_word' id='word_1_272' title='bbox 1508 2592 1550 2615; x_wconf 87' lang='grc'>66</span> <span class='ocrx_word' id='word_1_273' title='bbox 1565 2580 1674 2615; x_wconf 86' lang='lat' dir='ltr'>etiam</span> <span class='ocrx_word' id='word_1_274' title='bbox 1698 2579 1736 2614; x_wconf 90' lang='lat' dir='ltr'>in</span> <span class='ocrx_word' id='word_1_275' title='bbox 1757 2579 1941 2624; x_wconf 86' lang='lat' dir='ltr'>theologia</span> 
     </span>
     <span class='ocr_line' id='line_1_33' title="bbox 319 2633 1940 2679; baseline 0.001 -11"><span class='ocrx_word' id='word_1_276' title='bbox 319 2638 354 2669; x_wconf 86' lang='lat' dir='ltr'>et</span> <span class='ocrx_word' id='word_1_277' title='bbox 363 2636 448 2679; x_wconf 84' lang='lat' dir='ltr'>jure</span> <span class='ocrx_word' id='word_1_278' title='bbox 464 2634 637 2669; x_wconf 86' lang='lat' dir='ltr'>canonico</span> <span class='ocrx_word' id='word_1_279' title='bbox 654 2635 827 2676; x_wconf 86' lang='lat' dir='ltr'>eruditus,</span> <span class='ocrx_word' id='word_1_280' title='bbox 846 2635 908 2678; x_wconf 88' lang='lat' dir='ltr'>qui</span> <span class='ocrx_word' id='word_1_281' title='bbox 929 2636 1065 2670; x_wconf 88' lang='lat' dir='ltr'>dudum</span> <span class='ocrx_word' id='word_1_282' title='bbox 1090 2638 1234 2679; x_wconf 86' lang='lat' dir='ltr'>propter</span> <span class='ocrx_word' id='word_1_283' title='bbox 1251 2636 1364 2669; x_wconf 89' lang='lat' dir='ltr'>Deum</span> <span class='ocrx_word' id='word_1_284' title='bbox 1382 2635 1502 2670; x_wconf 88' lang='lat' dir='ltr'>omnia</span> <span class='ocrx_word' id='word_1_285' title='bbox 1522 2646 1587 2669; x_wconf 85' lang='lat' dir='ltr'>sua</span> <span class='ocrx_word' id='word_1_286' title='bbox 1601 2633 1785 2676; x_wconf 83' lang='lat' dir='ltr'>beneficia,</span> <span class='ocrx_word' id='word_1_287' title='bbox 1803 2633 1940 2670; x_wconf 78' lang='grc'><strong>5611166(</strong></span> 
     </span>
     <span class='ocr_line' id='line_1_34' title="bbox 319 2682 1939 2733; baseline 0.002 -12"><span class='ocrx_word' id='word_1_288' title='bbox 319 2688 538 2732; x_wconf 78' lang='lat' dir='ltr'>praebendas</span> <span class='ocrx_word' id='word_1_289' title='bbox 556 2689 820 2733; x_wconf 80' lang='lat' dir='ltr'>Trajectensem</span> <span class='ocrx_word' id='word_1_290' title='bbox 837 2692 872 2723; x_wconf 89' lang='grc'>6(</span> <span class='ocrx_word' id='word_1_291' title='bbox 888 2690 1101 2732; x_wconf 85' lang='lat' dir='ltr'>Aquensem,</span> <span class='ocrx_word' id='word_1_292' title='bbox 1117 2701 1159 2723; x_wconf 84' lang='lat' dir='ltr'>ac</span> <span class='ocrx_word' id='word_1_293' title='bbox 1174 2688 1283 2724; x_wconf 88' lang='lat' dir='ltr'>etiam</span> <span class='ocrx_word' id='word_1_294' title='bbox 1300 2688 1557 2733; x_wconf 85' lang='lat' dir='ltr'>patrimonium</span> <span class='ocrx_word' id='word_1_295' title='bbox 1573 2699 1678 2723; x_wconf 90' lang='lat' dir='ltr'>suum</span> <span class='ocrx_word' id='word_1_296' title='bbox 1693 2687 1779 2723; x_wconf 84' lang='lat' dir='ltr'>satis</span> <span class='ocrx_word' id='word_1_297' title='bbox 1795 2682 1939 2733; x_wconf 75' lang='lat' dir='ltr'>largum</span> 
     </span>
     <span class='ocr_line' id='line_1_35' title="bbox 317 2742 1939 2788; baseline 0.001 -12"><span class='ocrx_word' id='word_1_298' title='bbox 317 2742 475 2786; x_wconf 83' lang='lat' dir='ltr'>reliquit,</span> <span class='ocrx_word' id='word_1_299' title='bbox 494 2742 636 2777; x_wconf 87' lang='lat' dir='ltr'>modica</span> <span class='ocrx_word' id='word_1_300' title='bbox 651 2742 738 2777; x_wconf 85' lang='lat' dir='ltr'>dieti</span> <span class='ocrx_word' id='word_1_301' title='bbox 761 2743 970 2787; x_wconf 86' lang='lat' dir='ltr'>patrimonii</span> <span class='ocrx_word' id='word_1_302' title='bbox 993 2746 1094 2788; x_wconf 89' lang='lat' dir='ltr'>parte</span> <span class='ocrx_word' id='word_1_303' title='bbox 1114 2746 1254 2779; x_wconf 81' lang='lat' dir='ltr'>retenta</span> <span class='ocrx_word' id='word_1_304' title='bbox 1278 2754 1343 2788; x_wconf 90' lang='lat' dir='ltr'>pro</span> <span class='ocrx_word' id='word_1_305' title='bbox 1366 2743 1466 2779; x_wconf 87' lang='lat' dir='ltr'>tenui</span> <span class='ocrx_word' id='word_1_306' title='bbox 1494 2743 1592 2779; x_wconf 79' lang='lat' dir='ltr'>victu</span> <span class='ocrx_word' id='word_1_307' title='bbox 1609 2755 1685 2786; x_wconf 82' lang='lat' dir='ltr'>suc,</span> <span class='ocrx_word' id='word_1_308' title='bbox 1703 2743 1763 2778; x_wconf 90' lang='lat' dir='ltr'>cui</span> <span class='ocrx_word' id='word_1_309' title='bbox 1784 2744 1939 2780; x_wconf 83' lang='lat' dir='ltr'>mundus</span> 
     </span>
    </p>
   </div>
   <div class='ocr_carea' id='block_1_9' title="bbox 364 2911 1441 2955">
    <p class='ocr_par' dir='ltr' id='par_1_11' title="bbox 364 2911 1441 2955">
     <span class='ocr_line' id='line_1_36' title="bbox 364 2911 1441 2955; baseline 0.003 -10"><span class='ocrx_word' id='word_1_310' title='bbox 364 2912 407 2953; x_wconf 86' lang='lat'>(1)</span> <span class='ocrx_word' id='word_1_311' title='bbox 433 2912 527 2946; x_wconf 86' lang='lat' dir='ltr'>Over</span> <span class='ocrx_word' id='word_1_312' title='bbox 544 2912 655 2954; x_wconf 82' lang='lat' dir='ltr'>Heda,</span> <span class='ocrx_word' id='word_1_313' title='bbox 674 2911 726 2947; x_wconf 85' lang='lat' dir='ltr'>zie</span> <span class='ocrx_word' id='word_1_314' title='bbox 742 2912 914 2948; x_wconf 77' lang='lat' dir='ltr'>hetzelfde</span> <span class='ocrx_word' id='word_1_315' title='bbox 930 2913 1041 2955; x_wconf 85' lang='lat' dir='ltr'>werk,</span> <span class='ocrx_word' id='word_1_316' title='bbox 1059 2912 1138 2948; x_wconf 82' lang='lat' dir='ltr'>deel</span> <span class='ocrx_word' id='word_1_317' title='bbox 1153 2913 1181 2954; x_wconf 81' lang='grc' dir='ltr'>Ι,</span> <span class='ocrx_word' id='word_1_318' title='bbox 1200 2913 1265 2948; x_wconf 89' lang='lat' dir='ltr'><strong>blz.</strong></span> <span class='ocrx_word' id='word_1_319' title='bbox 1284 2921 1441 2948; x_wconf 81' lang='lat' dir='ltr'>xx-xxn.</span> 
     </span>
    </p>
   </div>
  </div>
 </body>
</html>
