2097 3466
333 266 395 299 510
1023 258 1154 292 ANNO
1181 258 1280 291 1515

333 360 418 393 sitas
435 357 537 391 unire
555 366 691 389 necnon
715 359 788 389 tani
811 365 854 387 ex
879 353 934 387 his
959 363 1065 396 quam
1082 363 1125 385 ex
1142 350 1223 384 aliis
1246 349 1450 393 praedictae
1475 346 1767 392 congregationis
1792 345 1958 381 domibus

336 415 409 449 illic
442 411 639 447 convicinis
665 420 791 443 novam
821 407 1043 452 provinciam
1068 405 1299 446 constituere,
1316 416 1407 447 quae
1431 403 1617 439 Inferioris
1643 402 1856 437 Germaniae
1879 413 1958 447 pro-

335 469 451 502 vincia
467 466 685 509 appelletur3
711 464 870 507 aliasque
895 463 991 497 circa
1016 461 1223 506 hujusmodi
1247 461 1291 495 de
1308 459 1531 504 benignitate
1552 458 1748 503 apostoliea
1774 458 1962 502 providere

335 524 580 565 dignarenuir.

381 578 452 610 Nos
469 576 600 617 itaque,
618 573 679 615 qui
705 572 957 616 religiosarum
974 571 1163 605 domorum
1179 573 1214 605 et
1239 580 1474 613 personarum
1492 569 1693 613 profectum
1710 579 1752 602 ac
1768 567 1963 604 utilitatem

337 630 484 664 intensi>-
510 628 707 662 desiramus
735 627 933 664 affectibus,
963 625 1053 660 tanti
1082 624 1256 668 principis
1285 623 1609 667 supplicationibus
1633 622 1811 664 inclinati,
1839 625 1964 658 tenore

338 683 578 728 praesentium
606 681 889 724 auctoritateque
920 679 1127 723 apostolica,
1160 678 1257 713 omni
1286 678 1354 712 hac
1385 677 1423 712 in
1453 689 1493 712 re
1523 676 1735 721 interposita
1766 677 1824 711 vel
1853 676 1963 712 inter·

338 741 500 784 ponenda
526 737 765 782 appellatione
794 741 942 777 remota,
967 737 1094 770 domus
1131 747 1193 770 seu
1232 737 1429 769 conventus
1466 733 1701 774 Gandensem,
1726 732 1962 775 Insulensem,

340 796 652 834 valencenensem,
679 793 913 832 Duacensem,
938 791 1174 835 Brugensem,
1201 790 1395 834 Iprensem,
1423 790 1652 833 Bergensem‚
1679 788 1964 831 Atrebatemem,

340 852 376 885 S.
407 848 622 889 Audomari,
658 849 816 892 Trajecti
849 848 1052 888 Inferioris,
1097 847 1385 887 Harlemensem,
1419 845 1713 886 Zieriozeensem,
1748 844 1964 889 Hagensem‚

342 905 669 944 Roterdainensem,
711 903 1045 947 Noviomagensem,
1086 901 1404 945 Zutphaniensem,
1440 899 1760 942 Leowardiensem,
1793 898 1965 935 Groenin-

341 971 497 1003 geiisciu.
525 959 799 998 Calc-ariensem,
826 959 1055 999 Zwolensem,
1082 957 1400 998 Winsumiensem,
1432 956 1703 997 Lovaniensem,
1730 955 1965 1000 Antverpien-

341 1026 426 1053 seni,
446 1013 603 1057 'si-ajecti
622 1013 837 1056 Superioris,
859 1013 1166 1047 Buscodueensem
1183 1015 1218 1047 et
1242 1013 1524 1053 Bruxellensem,
1544 1023 1616 1046 una
1633 1022 1716 1045 cum
1740 1010 1967 1047 monasteriis

340 1069 542 1104 reformatis
576 1068 787 1102 monialium
815 1068 951 1102 ordinis
976 1067 1099 1102 Sancti
1126 1068 1322 1111 Augustini
1352 1068 1417 1102 sub
1446 1079 1545 1108 cura,
1578 1066 1704 1102 habitu
1733 1069 1769 1102 et
1795 1066 1969 1102 institutis

341 1125 428 1160 dicti
446 1124 582 1159 ordinis
598 1123 898 1167 praedicatorui‘n,
911 1123 1144 1167 collegiisque
1157 1134 1322 1158 sororum
1339 1123 1436 1158 tertii
1453 1123 1597 1157 habitus
1613 1133 1675 1157 seu
1689 1122 1733 1157 de
1749 1121 1970 1166 poenitentia

344 1181 380 1215 S.
398 1178 577 1214 Dominici
601 1179 695 1213 intra
719 1177 892 1213 terminos
915 1178 1123 1212 earumdem
1140 1178 1329 1213 domorum
1354 1177 1557 1213 constitutis
1580 1177 1619 1211 in
1647 1175 1844 1220 provinciis
1859 1175 1970 1210 Fran-

344 1236 432 1275 ciac,
474 1233 651 1268 Saxoniae
689 1236 723 1268 et
765 1233 964 1268 Teutoniae
992 1233 1189 1277 respective
1218 1244 1436 1277 separamus,
1467 1235 1574 1276 atque
1609 1244 1631 1267 a
1655 1230 1910 1277 jurisdictione
1937 1233 1971 1265 et

343 1289 520 1333 regimine
559 1288 719 1331 priorum
750 1287 1029 1331 provincialium
1068 1288 1264 1322 earundem
1297 1287 1567 1331 provinciarum
1598 1298 1641 1322 ac
1674 1296 1973 1331 quorumcunque

344 1344 562 1379 vicariorum
580 1343 805 1387 generalium
821 1343 1024 1384 eximinum,
1043 1354 1087 1378 ex
1115 1343 1258 1385 illisque
1282 1342 1448 1376 omnibus
1472 1345 1507 1377 et
1529 1341 1683 1387 singulis
1701 1353 1812 1377 unam
1828 1340 1971 1385 provin-

346 1401 450 1440 eiam,
485 1409 576 1442 quae
607 1397 792 1432 Inferioris
824 1397 1037 1433 Germaniae
1065 1398 1251 1441 provincia
1287 1397 1500 1441 appelletur,
1534 1397 1698 1439 facimus,
1731 1407 1894 1431 creamus
1932 1407 1975 1430 ac

350 1454 626 1489 instituimus...

392 1511 421 1544 N
427 1522 445 1543 e
461 1512 581 1543 autem
598 1507 695 1542 dicta
718 1519 810 1542 nova
828 1508 1014 1551 provincia
1037 1507 1196 1548 interim,
1217 1507 1303 1542 dum
1320 1506 1420 1551 prior
1437 1506 1670 1551 provincialis
1686 1505 1849 1552 eligitur,
1874 1516 1975 1550 prae-

348 1565 484 1599 sidente
501 1566 535 1597 et
551 1561 728 1597 directore
745 1565 877 1604 careat,
902 1562 1125 1597 instituimus
1145 1562 1388 1605 praesentium
1413 1564 1538 1597 tenore
1560 1565 1596 1597 et
1619 1560 1838 1597 auctoritate
1853 1571 1976 1605 supra-

348 1620 444 1655 dicta
461 1619 498 1652 in
515 1617 692 1652 vicarium
710 1618 917 1661 generalem
932 1618 1094 1663 ejusdem
1111 1616 1318 1661 provinciae
1334 1629 1429 1659 eum,
1449 1628 1556 1662 quem
1572 1617 1710 1661 priores
1736 1618 1979 1653 conventuum

350 1674 559 1715 Gandensis,
578 1674 871 1718 Antwerpiensis,
891 1673 1049 1718 Traiecti
1065 1672 1252 1708 Inferioris
1269 1676 1304 1707 et
1320 1672 1629 1717 Noviomagensis,
1644 1673 1701 1708 vel
1717 1675 1791 1708 tres
1808 1672 1849 1707 in
1864 1682 1979 1707 unum

349 1734 609 1776 congregatum
636 1728 806 1764 duxerint
828 1728 1101 1768 nominandum,
1127 1739 1206 1762 eam
1234 1727 1302 1762 sibi
1329 1727 1581 1763 auctoritatem
1604 1728 1644 1763 in
1667 1727 1834 1764 omnibus
1855 1737 1978 1762 conce-

349 1787 477 1827 dendo,
504 1797 611 1829 quam
635 1784 831 1819 secundum
854 1795 992 1818 morem
1014 1783 1123 1818 vestri
1147 1782 1284 1818 ordinis
1311 1782 1470 1817 vicarius
1496 1783 1717 1827 provinciae,
1756 1785 1898 1818 mortuo
1923 1781 1981 1816 vel

350 1844 468 1876 amoto
484 1841 604 1885 priore
620 1838 846 1884 provinciali,
872 1839 1005 1873 habere
1030 1837 1216 1873 consuevit
1239 1849 1423 1882 quousque
1447 1837 1547 1882 prior
1571 1837 1806 1882 provincialis
1833 1837 1979 1878 electus,

352 1897 585 1931 confirmatus
600 1898 635 1929 et
651 1905 818 1938 praesens
833 1894 873 1928 in
889 1893 1079 1937 provincia
1095 1892 1309 1928 extiterit...

395 1951 526 1985 Datum
554 1949 703 1990 Romae,
732 1949 828 1992 apud
856 1948 892 1983 S.
927 1948 1077 1983 Petrum
1108 1948 1174 1982 sub
1198 1948 1333 1983 annulo
1372 1948 1571 1992 piscatoris,
1598 1947 1657 1984 die
1696 1946 1853 1983 secundo
1890 1945 1982 1982 Julii

351 2004 505 2045 MDXV,
538 2003 766 2047 pontificatus
796 2002 910 2037 nostri
941 2013 1035 2037 anno
1062 2001 1181 2037 tertio.
1216 2021 1259 2027 -
1289 2002 1344 2036 Ja.
1382 2002 1581 2038 Sadoletus.

702 2081 743 2114 B.
759 2079 810 2114 De
826 2078 978 2123 Jonghe,
998 2077 1173 2121 Belyiunz
1191 2079 1450 2119 Domicanum,
1470 2078 1536 2120 blz,
1553 2081 1614 2121 113
1629 2077 1775 2113 daaruit
1789 2075 1984 2123 afgedrukt

747 2135 794 2176 bij
824 2133 959 2177 Ripoll,
992 2133 1071 2167 deel
1097 2132 1159 2174 IV,
1193 2133 1259 2167 blz,
1291 2134 1447 2174 323-324,
1466 2140 1506 2167 nr
1535 2135 1590 2168 37.
1607 2151 1650 2158 -
1673 2133 1764 2168 Deze
1787 2131 1986 2177 pausemke

748 2187 944 2232 scliikking
960 2187 1026 2231 gas
1045 2197 1115 2220 aan
1130 2187 1173 2221 de
1191 2186 1540 2230 predikheerenorde
1553 2187 1591 2222 in
1603 2187 1647 2222 de
1665 2186 1917 2222 Nederlanden
1933 2185 1986 2220 als

747 2244 807 2278 het
831 2255 926 2277 ware
951 2254 1036 2276 eene
1061 2242 1187 2286 eigene
1204 2242 1384 2276 nationale
1401 2242 1612 2287 inriohting,
1631 2243 1783 2287 hetgeen
1799 2243 1843 2277 de
1859 2241 1985 2277 onder-

747 2298 936 2341 drukking
967 2298 1031 2332 der
1054 2297 1211 2339 ketterlj,
1245 2297 1303 2331 die
1330 2297 1575 2340 geliefkoosde
1603 2297 1892 2333 werkzaamheid
1923 2298 1987 2332 der

751 2353 1025 2397 predikheeren‚
1044 2352 1081 2386 in
1100 2363 1184 2386 onze
1208 2355 1387 2395 gewesten
1419 2351 1726 2388 onrechtstrreeks
1753 2351 1983 2388 bevorderde.

1117 2497 1240 2543 42¹7.

424 2641 562 2693 1515,
588 2638 844 2698 September
869 2640 943 2689 28,
975 2639 1101 2682 Gent.
1128 2637 1380 2681 Onderzoek
1403 2637 1509 2680 door
1529 2637 1581 2680 de
1603 2637 1846 2693 schepenen
1869 2636 1990 2694 inge·

363 2711 472 2753 steld
509 2724 615 2753 over
648 2710 701 2752 de
733 2708 1112 2765 godslasteringen
1150 2721 1204 2750 en
1241 2708 1319 2750 het
1352 2705 1492 2749 slecht
1528 2705 1692 2762 gedrag
1729 2719 1814 2749 van
1846 2706 1992 2751 Pieter

362 2779 546 2822 Aerens.
579 2804 630 2810 —
656 2777 751 2835 Vijf
768 2777 975 2834 getuigen
992 2776 1152 2819 komen
1173 2774 1295 2818 beide
1318 2774 1454 2818 zaken
1474 2773 1717 2830 omstandig
1739 2774 1873 2817 onder
1889 2774 1992 2818 eede

364 2846 637 2903 bevestigen;
664 2847 716 2889 de
748 2847 911 2889 laatste
950 2848 1079 2900 voegt
1118 2858 1167 2888 er
1199 2843 1274 2900 bij,
1311 2843 1386 2886 dat
1416 2843 1563 2886 Pieter
1593 2842 1760 2886 Aer-ens
1791 2842 1845 2900 bij
1880 2843 1993 2901 zijne

366 2919 481 2958 wete
503 2916 555 2958 de
578 2916 657 2958 mis
674 2915 793 2958 nooit
815 2914 1037 2971 bijWoont.
