2097 3466
356 257 418 289 18ss
1039 254 1171 289 ANNO
1198 257 1298 289 133ss

353 349 593 404 aanraking
615 361 698 391 van
733 350 841 392 haar
863 348 1072 405 gebeente
1095 362 1304 404 genazen.
1335 349 1450 391 Hare
1474 349 1687 392 sehristen
1712 349 1986 407 wederlegde

350 419 431 461 Jan
460 432 543 460 van
578 417 841 469 Ruusbroec‚
883 418 1034 460 alsdan
1068 431 1154 473 nog
1184 417 1371 473 priester
1399 417 1496 472 (der
1526 417 1904 462 Ste-Gudulakerk
1940 420 1986 463 te

354 487 561 543 Brussel),
585 487 743 529 zonder
765 487 866 530 acht
889 490 931 529 te
949 499 1087 542 geven
1113 499 1165 540 op
1188 485 1240 527 de
1264 486 1414 529 woede
1438 487 1569 529 harer
1590 487 1768 543 talrijke
1792 488 1988 531 aanhan-

352 569 451 610 gers
485 569 537 597 en
573 555 778 599 ofschoon
815 556 920 598 hare
954 554 1164 598 Schriften
1201 554 1452 611 schijnbaar
1491 556 1603 598 niets
1643 555 1725 598 dan
1764 555 1987 600 waarheid

355 623 632 667 bevatteden.

397 729 607 773 Capitulum
648 729 686 763 V.
723 729 910 767 Quomodo
943 728 1122 762 occultam
1155 728 1361 772 quamdam
1390 727 1573 761 haeresim
1606 732 1638 761 (τι
1671 729 1748 771 ejus
1775 727 1986 772 fautricem»

351 785 489 818 dictam
515 783 722 826 vulgariter
739 782 1044 822 Blocmardimm,
1066 783 1105 813 in
1130 781 1266 826 oppido
1298 781 1533 814 Bruxellenu·
1556 786 1754 823 famosam,
1772 782 1985 826 confutavit.

395 861 481 895 Erat
497 859 534 894 in
551 859 681 903 oppido
699 858 924 894 Bruxellensi
942 870 984 892 eo
1010 860 1169 901 tempore
1187 869 1257 901 quo
1284 858 1346 892 Dei
1368 858 1524 892 famulus
1544 857 1575 902 [J
1581 858 1740 892 ohannes
1758 858 1985 904 Ruusbroec]

349 916 466 950 adhuc
485 916 668 958 bresbyter
683 914 815 949 mansit
830 913 865 947 in
891 913 1022 953 seculo,
1043 912 1175 946 mulier
1191 913 1346 956 quadam
1365 913 1522 956 perversi
1541 913 1732 957 dogmatis,
1750 913 1848 949 dicta
1863 914 1988 959 vulga-

350 971 438 1005 riter
466 970 765 1008 Bloemarcffum,
785 972 905 1003 tantae
931 969 1047 1001 faniae
1064 970 1099 1002 et
1115 967 1296 1011 opinionis
1318 971 1357 1002 ut
1372 967 1480 1002 etiam
1499 971 1659 1011 ternpore
1678 980 1803 1004 sacrae
1827 981 1985 1005 commu-

353 1026 481 1065 nionis,
500 1026 643 1068 quando
659 1024 827 1059 videlieet.
842 1025 887 1057 ad
903 1035 1002 1057 aram
1022 1023 1219 1063 accederet,
1236 1023 1331 1057 inter
1347 1024 1437 1057 duos
1450 1024 1553 1067 gradi
1568 1023 1748 1067 seraphim
1762 1025 1983 1060 crederetur.

350 1082 445 1116 Haec
464 1081 576 1115 multa
593 1079 753 1114 scribens
777 1080 819 1113 de
835 1078 964 1122 spiritu
982 1078 1160 1113 libertatis
1176 1082 1211 1113 et
1229 1078 1484 1113 nefandissimo
1501 1090 1622 1113 amore
1639 1090 1804 1120 venereo,
1823 1091 1930 1124 quem
1949 1078 1989 1116 et

346 1135 573 1180 seraphicum
597 1135 812 1178 appellabat,
840 1141 1011 1176 tanquam
1045 1133 1226 1167 inventrix
1258 1144 1370 1167 novae
1397 1133 1583 1168 doetrinae
1599 1145 1621 1167 a
1644 1133 1769 1168 multis
1793 1145 1880 1170 suae
1907 1134 1983 1179 opi-

349 1191 467 1226 nionis
483 1189 668 1233 discipulis
685 1190 936 1224 venerabatur.
958 1188 1111 1223 Sedebat
1129 1188 1262 1231 quippe
1279 1189 1410 1222 docens
1426 1191 1461 1223 et
1474 1188 1633 1223 scribens
1647 1188 1685 1223 in
1698 1189 1780 1224 sede
1792 1192 1985 1234 argentea:

347 1256 438 1287 quae
465 1244 609 1288 quidem
634 1245 732 1279 sedes
760 1245 804 1278 eb
836 1256 921 1278 suae
953 1243 1134 1286 opinionis
1163 1242 1400 1277 redolentiam
1432 1246 1512 1286 post
1542 1244 1620 1288 ejus
1651 1243 1789 1278 obitum
1821 1244 1988 1280 ducissae

349 1299 566 1334 Brabantiac
599 1299 707 1333 fuisse
739 1299 875 1333 dicitur
906 1301 1143 1342 praesentata.
1180 1298 1290 1342 Cujus
1320 1297 1431 1332 etiam
1463 1297 1624 1333 defuncti
1656 1298 1818 1342 corporis
1849 1301 1986 1335 attactu

348 1353 466 1387 claudi
484 1365 521 1388 se
545 1354 720 1397 putabant
748 1365 849 1397 posse
873 1353 1043 1396 consequi
1071 1352 1273 1386 sanitatem.
1303 1352 1397 1386 Huic
1414 1352 1529 1396 igitur
1552 1354 1668 1387 errori
1686 1353 1909 1397 compatiens
1923 1354 1980 1391 vir

349 1409 474 1452 plenus
490 1408 617 1452 spiritu
643 1408 786 1452 pietatis
809 1408 908 1443 illico
934 1419 1122 1451 perversae
1146 1419 1183 1441 se
1200 1407 1386 1442 doctrinae
1402 1407 1589 1451 opposuit3
1607 1411 1643 1443 et
1659 1408 1824 1452 quamvis
1852 1409 1986 1444 multos

347 1464 496 1498 haberet
518 1464 689 1504 aemulos,
709 1466 809 1497 scuto
833 1462 1077 1497 circumdatus
1103 1461 1265 1496 veritatis
1298 1461 1432 1505 scripta
1463 1462 1584 1497 fucata
1615 1465 1650 1497 et
1680 1463 1864 1499 haeretica
1892 1475 1985 1507 quae

348 1521 518 1561 tanquam
533 1517 706 1553 divinitus
723 1517 897 1561 inspirata
914 1517 977 1551 illa
994 1517 1186 1561 quotannis
1203 1516 1240 1550 in
1257 1516 1340 1551 fidei
1359 1519 1501 1551 nostrae
1515 1517 1786 1562 derogationem
1800 1517 1980 1559 disseruit,

349 1573 423 1616 ipse
438 1573 615 1607 veraciter
631 1572 837 1607 denudavit.
857 1571 899 1606 In
923 1582 993 1614 quo
1018 1571 1178 1614 profecto
1203 1570 1371 1613 spiritum
1399 1570 1596 1614 sapientiae
1613 1574 1648 1606 et
1663 1571 1887 1606 fortitudinis
1913 1571 1982 1607 sibi

349 1627 504 1662 ostendit
527 1626 612 1662 satis
643 1626 861 1667 imbibitum,
880 1637 951 1660 non
979 1625 1116 1659 veritus
1144 1624 1294 1659 insidias
1325 1625 1589 1660 aemulantium
1612 1637 1678 1661 nec
1701 1628 1784 1662 fuco
1811 1628 1982 1672 deceptus

349 1682 521 1716 falsorum
545 1682 754 1726 dogmatum
782 1681 848 1715 sub
876 1679 1111 1715 consonantia
1136 1679 1311 1715 veritatis.
1332 1680 1509 1723 Expertus
1533 1680 1629 1715 enim
1654 1682 1699 1716 do
1724 1682 1982 1724 testimonium,

349 1738 444 1780 quod
465 1737 599 1781 scripta
623 1737 686 1771 illa
710 1735 966 1771 nefandissima
989 1736 1111 1770 taliter
1139 1735 1240 1770 fuere
1264 1734 1382 1778 prima
1410 1734 1503 1769 facie
1530 1735 1694 1771 veritatis
1722 1736 1840 1780 specie
1862 1748 1983 1781 super-

348 1791 487 1833 vestita,
521 1792 616 1836 quod
646 1804 750 1826 nemo
781 1791 891 1835 possit
921 1791 1054 1825 erroris
1085 1790 1351 1833 deprehendere
1391 1789 1640 1832 seminarium,
1674 1791 1743 1826 nisi
1779 1803 1844 1839 per
1881 1791 1984 1829 Illius

349 1846 504 1891 gratiam
522 1850 556 1882 et
573 1847 762 1888 auxilium,
781 1846 843 1890 qui
860 1847 963 1880 docet
987 1857 1129 1880 omnem
1154 1845 1355 1880 veritatem.

697 1923 876 1960 Henricus
892 1923 935 1957 de
952 1921 1132 1962 pomerio,
1152 1922 1205 1955 De
1221 1923 1367 1965 ori-qim
1384 1922 1601 1955 monasterii
1623 1921 1884 1963 viridisvallis,
1902 1926 1980 1965 etc„

728 1990 832 2017 ,naar
856 1977 1087 2013 Brusselsche
1118 1977 1391 2011 handschriften
1418 1975 1636 2020 nitgegeven
1662 1976 1703 2011 in
1729 1977 1774 2012 de
1805 1976 1984 2011 Analecta

739 2033 1008 2072 Bollandiana,
1035 2033 1113 2066 deel
1136 2032 1198 2073 IV,
1226 2032 1291 2066 blz.
1319 2034 1382 2066 286
1405 2032 1527 2073 (1886).
1554 2031 1616 2066 Dit
1631 2031 1743 2074 werk,
1761 2031 1983 2076 geschreven

739 2089 936 2125 omstreeks
950 2091 1045 2129 1420,
1057 2088 1086 2122 is
1099 2089 1142 2123 de
1156 2089 1247 2122 bron
1256 2099 1327 2122 van
1339 2088 1374 2121 al
1387 2088 1430 2121 de
1443 2087 1556 2123 latere
1568 2086 1984 2133 levensbeschrijvingen

739 2156 810 2179 van
823 2144 1035 2178 Ruusbroec
1052 2143 1200 2185 (aldaar,
1220 2143 1286 2177 blz.
1303 2142 1393 2185 261).

697 2201 751 2245 Op
767 2200 820 2234 dit
836 2199 936 2234 werk
952 2199 1050 2233 werd
1068 2200 1111 2233 de
1127 2199 1308 2233 aandacht
1331 2199 1395 2232 der
1419 2197 1667 2233 Bollandisten
1690 2209 1871 2243 geroepen
1893 2198 1983 2234 door

740 2257 809 2290 den
832 2256 919 2289 heer
943 2254 1054 2289 Karel
1082 2253 1252 2294 Ruelens,
1280 2256 1511 2288 conservator
1537 2254 1602 2288 der
1628 2253 1901 2290 handschriften
1927 2257 1983 2289 ter

738 2309 969 2351 koninklijke
986 2308 1209 2343 bibliotheek
1221 2320 1291 2342 van
1306 2309 1463 2349 Brussel,
1479 2308 1537 2343 die
1552 2319 1639 2343 eene
1651 2308 1854 2353 uitvoerige
1865 2309 1983 2345 studie

740 2376 826 2399 over
850 2364 893 2398 de
910 2363 1083 2398 beruchte
1108 2363 1396 2404 Bloemaardffle,
1422 2363 1538 2397 welke
1565 2362 1739 2407 eigenlijk
1765 2362 1983 2407 Hadewq’jch

741 2419 969 2453 Bloemaercs
996 2418 1126 2458 heette,
1153 2417 1192 2452 in
1217 2417 1460 2462 behandeling
1483 2418 1590 2452 heeft.
1616 2418 1668 2460 Zij
1693 2429 1767 2452 was
1793 2417 1982 2463 overigens

739 2473 909 2508 niemand
940 2473 1069 2507 anders
1100 2473 1171 2506 dan
1199 2473 1242 2506 de
1269 2472 1559 2517 geheimzinnige
1590 2473 1721 2507 Zuster
1749 2472 1978 2517 Ηαάεωῇσῆ,

739 2528 829 2563 wier
849 2526 1041 2571 gedichten
1067 2527 1154 2561 door
1180 2527 1278 2562 Prof.
1307 2528 1504 2562 Heremans
1519 2539 1564 2562 en
1581 2528 1632 2562 Dr
1647 2527 1667 2562 J
1674 2527 1745 2562 .—K.
1765 2527 1982 2572 Ledeganck
2009 2573 2012 2576 ξ

737 2594 825 2617 voor
846 2583 889 2617 de
915 2582 1176 2625 Maatschappij
1202 2582 1267 2616 der
1290 2582 1503 2616 Vlaamsche
1528 2581 1773 2626 Bibliophilen
1795 2593 1867 2617 van
1889 2582 1982 2618 Gent

739 2638 883 2672 werden
908 2636 1123 2680 uitgegeven
1140 2638 1196 2678 (l).
1217 2637 1267 2671 De
1283 2637 1370 2672 heer
1381 2637 1413 2671 J.
1430 2637 1646 2679 Vercoullie,
1662 2638 1840 2681 professor
1850 2648 1921 2672 aan
1936 2637 1981 2672 de

741 2692 955 2726 Vlaamsche
983 2691 1145 2725 normale
1176 2692 1403 2735 afdeelingen
1430 2692 1495 2726 der
1522 2691 1699 2726 Gentsehe
1725 2691 1978 2736 hoogeschool,

741 2747 794 2780 zal
821 2747 971 2790 eerlang
999 2746 1069 2780 ook
1099 2746 1143 2779 de
1174 2746 1428 2789 prozawerken
1455 2746 1519 2780 der
1546 2746 1792 2781 Brabantsche
1822 2745 1980 2781 ketterin

741 2801 838 2835 laten
855 2801 1092 2843 verschijnen.
1110 2820 1154 2824 —
1171 2800 1264 2835 Over
1280 2800 1371 2834 haar
1386 2800 1458 2834 kan
1479 2811 1572 2842 men,
1592 2800 1704 2835 onder
1719 2800 1888 2842 anderen,
1907 2811 1980 2844 nog

390 2934 436 2975 (1)
462 2933 620 2968 Werken
639 2945 711 2969 van
728 2935 859 2977 Zuster
872 2933 1102 2979 Hadewq'jclc,
1121 2934 1223 2975 Gent,
1244 2936 1338 2969 1875.
1357 2935 1377 2968 2
1394 2934 1551 2977 stukken,
