2097 3466
306 261 369 294 332
984 261 1116 295 ANNO
1143 264 1244 297 1451

305 368 416 399 usque
430 356 472 388 ad
488 356 580 389 diem
597 357 756 398 predicte
773 363 833 390 tue
852 356 1003 390 infelicis
1016 356 1250 390 eructationis
1264 367 1401 390 necnon
1417 360 1451 391 et
1468 360 1600 400 postea,
1616 357 1728 391 donec
1746 356 1783 391 in
1797 357 1922 393 diebus

304 410 530 452 paschalibus
548 410 676 443 ultimo
695 411 874 453 preteritis
891 422 911 443 a
931 414 1057 443 curato
1079 415 1141 443 tuo
1159 414 1236 452 post
1259 410 1367 453 huJus
1391 415 1426 445 et
1448 411 1604 445 aliorum
1628 414 1773 445 tuorum
1798 422 1917 455 pecca-

303 469 420 497 torum
439 464 695 498 confessionem
710 465 752 497 de
766 464 945 498 catholica
961 465 1111 498 veritate
1127 464 1222 497 fuisti
1239 468 1278 498 ut
1292 465 1414 498 fateris
1428 466 1588 506 edoctus,
1601 464 1920 500 abhominabiliter

303 529 557 561 perseverasse,
576 518 613 552 in
632 523 664 553 et
690 530 753 561 per
769 519 837 552 hoc
856 519 1010 552 articulo
1036 518 1117 552 fidei
1141 519 1349 558 orthodoxe,
1368 521 1430 561 qui
1461 519 1577 561 palam
1606 518 1725 559 habet,
1752 522 1856 554 natus
1878 531 1923 554 ex

305 573 420 605 Maria
438 572 601 616 Virgine,
621 573 918 616 pernitiosissime
931 572 1222 613 contradicendo,
1246 584 1387 606 summo
1415 573 1577 607 omnium
1603 583 1724 606 rerum
1743 573 1921 615 Creatori,

303 627 614 660 intemeratissime
638 626 783 670 Virgini
810 626 925 660 Marie
949 638 988 659 ac
1025 627 1087 659 toti
1115 627 1365 660 universorum
1390 630 1595 660 sanctorum
1621 626 1717 660 cetui
1743 627 1924 670 gloriosis·

300 679 402 718 simo.
419 679 655 723 singulariter
669 686 789 716 autem
807 681 1066 725 gloriosissime
1090 681 1232 725 Virgini
1259 681 1387 722 Mai-ie,
1409 685 1511 724 cujus
1525 681 1744 724 integritatis
1759 685 1795 716 et
1811 682 1923 717 illiba-

299 734 435 767 tissimc
453 735 673 778 virginitatis
692 736 859 770 laudibus
884 736 987 778 plena
1005 740 1089 769 sunt
1107 747 1170 769 nec
1194 736 1375 769 immerito
1400 747 1500 770 sacre
1523 735 1702 778 scripture
1725 736 1921 779 volumina,

299 789 550 823 execrabiliter
565 790 774 833 injuriando
798 802 841 824 ac
864 790 1071 823 scandalose
1095 795 1129 823 et
1153 790 1446 824 intollerabiliter
1470 790 1578 824 nimis
1599 790 1833 832 detrahendo,
1860 802 1924 835 per

299 854 369 886 que
386 844 521 877 nemini
539 844 688 878 dubium
704 845 740 878 in
755 844 909 879 heresim
924 844 1158 887 dampnatum
1172 844 1329 878 incidisti
1347 856 1389 878 ac
1403 855 1443 878 eo
1462 844 1538 888 ipso
1551 844 1771 879 sentenciam
1784 856 1922 880 excom-

300 898 556 931 municationis
573 909 592 930 a
607 909 745 932 canone
762 899 871 933 latam
889 898 1170 941 dampnabiliter
1185 898 1367 932 incurristi
1381 911 1390 940 ς
1406 909 1501 932 nunc
1514 902 1636 932 autem
1659 898 1793 933 saniori
1810 900 1922 934 fretus

299 951 449 986 consilio
466 952 509 985 ad
528 952 690 993 ecclesie,
709 965 778 996 que
798 953 887 986 nulli
905 952 1041 986 claudit
1057 952 1250 995 gremium,
1265 953 1324 986 sed
1343 952 1506 994 redemit,
1521 953 1684 996 graciam
1701 957 1736 987 et
1752 952 1923 988 unionem

300 1007 417 1042 redire
434 1007 634 1051 promittis.

345 1062 482 1096 Idcirco
496 1063 662 1105 abjurata
686 1072 749 1104 per
772 1066 805 1095 te
830 1063 868 1096 in
894 1061 961 1096 hoc
986 1062 1141 1104 presenti
1163 1061 1302 1103 judicio
1328 1061 1411 1095 fidei
1429 1072 1552 1095 coram
1577 1060 1680 1095 nobis
1702 1062 1924 1105 generaliter

299 1118 396 1152 omni
414 1116 530 1152 heresi
548 1120 583 1151 et
598 1117 804 1161 specialiter
828 1116 926 1150 illius
950 1116 1229 1151 horrendissime
1246 1115 1468 1159 blasphemie
1494 1127 1556 1159 per
1579 1119 1613 1150 te
1638 1122 1765 1160 sponte
1787 1117 1923 1152 confes—

300 1178 374 1207 sate
398 1175 613 1215 receptaque
637 1182 657 1205 a
681 1175 717 1205 te
743 1171 961 1214 competenti
989 1171 1157 1205 cautione
1182 1171 1225 1205 de
1249 1171 1442 1206 revelando
1467 1174 1501 1205 et
1532 1173 1778 1215 prosequendo
1801 1184 1925 1208 omnes

299 1227 476 1263 hereticos
493 1236 526 1261 et
549 1227 593 1261 de
613 1226 730 1261 heresi
756 1226 867 1260 simili
893 1233 955 1260 aut
978 1227 1051 1260 alia
1073 1237 1290 1269 quacunque
1313 1229 1506 1269 suspectos,
1529 1227 1727 1270 credentes,
1752 1228 1921 1270 fautores,

300 1282 553 1316 deffensatores
577 1285 612 1315 et
635 1284 878 1324 receptatores
902 1281 1110 1320 eorundem,
1129 1281 1348 1323 ubicumque
1365 1292 1424 1315 eos
1441 1292 1515 1314 esse
1531 1281 1689 1322 sciveris,
1717 1293 1856 1317 necnon
1880 1283 1925 1318 de

300 1337 457 1380 parendo
481 1336 659 1370 mandatis
683 1336 832 1370 ecclesie
856 1340 964 1378 atque
988 1336 1132 1377 nostris,
1158 1340 1193 1369 te
1220 1346 1241 1369 a
1264 1335 1410 1370 vinculo
1439 1336 1835 1379 excommunicationis,
1852 1348 1923 1381 quo

299 1391 482 1425 demeritis
497 1390 568 1425 tuis
585 1389 815 1433 exigentibus
828 1390 1015 1434 hucusque
1034 1391 1133 1424 fuisti
1149 1393 1185 1425 et
1201 1402 1237 1425 es
1261 1389 1406 1434 ligatus,
1425 1389 1644 1424 absolvimus
1658 1401 1702 1424 ac
1718 1390 1923 1426 absolutum

302 1445 562 1481 denunciamus
575 1447 613 1480 in
633 1445 690 1480 his
708 1446 870 1490 scriptis.
1202 1451 1205 1454 ⁴

342 1502 387 1536 Et
412 1512 525 1544 quum
551 1501 724 1535 atrociter
755 1501 863 1535 nimis
886 1504 922 1535 et
945 1500 1209 1541 execrabiliter,
1234 1504 1275 1535 ut
1297 1511 1407 1543 supra
1429 1499 1567 1534 dictum
1591 1502 1655 1541 est,
1680 1499 1720 1535 in
1741 1503 1777 1536 et
1798 1503 1926 1537 contra

297 1556 639 1591 indubitatissimam
666 1556 866 1591 orthodoxe
892 1555 976 1590 fidei
999 1555 1201 1590 doctrinam
1224 1555 1275 1590 sic
1297 1554 1544 1590 hereticaliter
1571 1555 1924 1593 intemeratissimam

298 1610 442 1645 Domini
459 1610 571 1645 nostri
588 1610 607 1644 J
613 1610 699 1645 hesu
718 1610 853 1645 Christi
869 1610 1085 1655 genitricem
1101 1609 1382 1653 blasphemando
1397 1620 1440 1644 ac
1456 1609 1533 1653 pias
1549 1620 1654 1644 aures
1665 1609 1762 1645 ultra
1777 1611 1925 1646 modum

297 1665 508 1700 offendendo
532 1676 655 1700 errare
672 1671 706 1700 et
723 1665 970 1700 enormissime
994 1665 1203 1708 delinquere
1220 1675 1292 1699 non
1308 1664 1521 1706 formidasti,
1539 1675 1596 1706 ne,
1613 1664 1707 1699 sicut
1728 1676 1801 1700 non
1823 1666 1926 1702 decet

297 1731 363 1755 nec
400 1720 554 1764 expedit,
597 1719 930 1763 nephandissimum
967 1719 1174 1764 hujusmodi
1211 1720 1325 1754 scelus
1363 1722 1548 1754 remaneat
1584 1718 1816 1763 impunitum,
1847 1723 1922 1756 tam

295 1775 492 1820 apostolica
507 1786 615 1818 quam
637 1775 836 1817 ordinaria,
854 1775 985 1818 quibus
1000 1775 1038 1810 in
1054 1774 1123 1808 hac
1139 1777 1242 1818 parte
1257 1773 1445 1819 fungimur
1472 1773 1760 1816 auctoritatibus,
1777 1785 1842 1810 nos
1857 1786 1923 1819 pro

295 1831 470 1866 tribunali
494 1831 668 1871 sedentes,
687 1829 924 1865 sacrosanctis
950 1828 1184 1873 Euvangeliis
1208 1829 1334 1873 positis
1349 1839 1470 1863 coram
1489 1827 1604 1870 nobis,
1622 1832 1662 1863 ut
1678 1829 1722 1863 de
1736 1829 1839 1864 vultu
1856 1828 1924 1864 Dei

295 1889 457 1921 nostrum
484 1885 633 1930 prodeat
652 1884 834 1929 Judicium
859 1889 893 1920 et
916 1884 1013 1919 oculi
1036 1885 1150 1919 nostri
1173 1883 1319 1919 videant
1342 1883 1550 1927 equitatem,
1575 1883 1620 1918 de
1644 1885 1788 1918 maturo
1810 1883 1924 1927 pluri-

294 1953 437 1978 morum
460 1940 725 1977 venerabilium
747 1943 893 1985 patrum
915 1951 957 1975 ac
980 1940 1210 1974 dominorum
1234 1941 1309 1973 tam
1323 1937 1364 1973 in
1380 1948 1482 1973 sacra
1505 1937 1642 1982 pagina
1662 1948 1773 1981 quam
1787 1937 1926 1982 injure

295 1997 494 2041 peritorum
517 1995 670 2031 consilio
693 1995 831 2038 pariter
854 1998 889 2030 et
911 2006 1068 2036 assensu,
1087 1997 1122 2028 te
1138 1993 1315 2028 Jacobum
1339 1993 1486 2035 Acarin,
1512 2004 1615 2028 reum
1639 1993 1855 2037 predictum,
1879 1994 1924 2028 ad

296 2063 359 2096 per
374 2056 528 2095 quatuor
549 2064 662 2088 annos
685 2051 876 2086 continuos
893 2050 937 2084 ab
955 2049 1022 2084 hac
1039 2050 1097 2084 die
1113 2049 1354 2084 numerandos
1378 2048 1450 2084 duo
1465 2047 1570 2093 signa
1595 2047 1715 2083 crucis
1736 2059 1799 2083 seu
1817 2051 1926 2092 juxta

296 2107 482 2150 vulgarem
506 2107 676 2151 loquendi
702 2106 849 2141 modum
865 2105 954 2139 duas
969 2115 1095 2139 cruces
1118 2103 1236 2138 crocei
1261 2102 1392 2137 coloris
1415 2102 1654 2147 longitudinis
1677 2102 1786 2137 unius
1805 2103 1924 2146 palme

295 2172 377 2195 cum
405 2161 555 2196 dimidia
583 2165 618 2196 et·
647 2160 853 2196 latitudinis
878 2162 1034 2202 quatuor
1062 2158 1262 2202 digitorum
1290 2157 1347 2191 vel
1373 2157 1532 2200 circiter,
1556 2167 1667 2192 unam
1694 2156 1863 2192 videlicet
1884 2157 1924 2192 in

296 2215 469 2252 anteriori
484 2216 582 2251 circa
597 2221 721 2260 pectus
746 2218 781 2250 et
805 2215 914 2249 aliam
931 2214 968 2248 in
985 2213 1177 2256 posteriori
1202 2212 1366 2256 partibus
1389 2211 1486 2246 circa
1509 2212 1679 2247 humeros
1703 2222 1811 2256 super
1826 2215 1925 2248 veste

296 2275 359 2306 tua
384 2271 574 2314 superiori,
599 2282 668 2315 que
693 2282 767 2305 non
790 2269 909 2304 crocei
934 2269 994 2303 sed
1019 2267 1170 2303 alterius
1193 2268 1238 2302 ab
1261 2266 1326 2302 illo
1349 2266 1557 2302 notabiliter
1582 2265 1758 2307 distincti,
1783 2268 1825 2301 ut
1846 2269 1924 2302 toto

294 2325 466 2368 temporis
492 2325 645 2369 predicti
673 2324 795 2368 spacio
825 2322 963 2368 liquide
994 2321 1112 2357 videri
1142 2321 1280 2366 possint
1308 2331 1434 2356 cruces
1467 2321 1660 2366 antedicte,
1692 2321 1822 2357 debeat
1848 2332 1924 2356 esse

295 2380 426 2414 coloris
441 2390 582 2415 exnunc
597 2380 832 2414 assumendas
855 2377 1103 2412 deferendum.

339 2435 384 2468 Et
399 2438 563 2478 preterea
579 2435 623 2469 ad
639 2434 784 2469 cuidam
810 2433 956 2477 publice
979 2431 1222 2476 predicationi
1246 2442 1353 2476 super
1368 2431 1463 2466 facto
1479 2433 1541 2466 tuo
1558 2430 1658 2475 prius
1672 2433 1870 2467 memorato
1885 2429 1925 2466 in

295 2489 402 2533 opido
426 2488 651 2533 Senogiensi‚
672 2488 942 2524 Cameracensis
965 2487 1129 2528 diocesis,
1157 2487 1220 2521 ubi
1243 2486 1453 2521 scandalum
1477 2484 1548 2520 fuit
1563 2488 1598 2521 et
1613 2489 1666 2521 est
1680 2497 1722 2521 ea
1737 2484 1925 2521 occasione

295 2542 536 2586 divulgatum,
554 2542 836 2577 auctoritatibus
851 2541 983 2585 quibus
999 2552 1119 2585 supra,
1135 2540 1194 2575 die
1207 2539 1346 2574 sabbati
1359 2539 1524 2583 proxime
1536 2541 1688 2574 ventura
1703 2538 1925 2574 confruendo

295 2596 479 2631 Altissimo
509 2597 637 2638 fiende,
667 2608 751 2630 cum
779 2595 903 2630 mitria
929 2607 969 2630 eo
1000 2596 1106 2630 modo
1131 2606 1202 2638 quo
1226 2594 1286 2629 hic
1317 2606 1353 2628 es
1383 2593 1680 2633 interessendum,
1712 2603 1854 2628 necnon
1885 2592 1925 2627 in

295 2650 444 2692 domini,
462 2651 523 2694 qui
539 2652 690 2686 verbum
707 2651 773 2685 Dei
791 2650 996 2694 protulerit,
1017 2650 1245 2692 aliorumque
1260 2652 1347 2684 tunc
1363 2648 1479 2683 eidem
1494 2647 1738 2683 assistenciam
1754 2647 1925 2691 presbite-

295 2715 417 2739 rorum
447 2705 626 2748 presentia
649 2705 795 2740 veniam
823 2704 1037 2740 solemniter
1067 2703 1359 2747 implorandum3
1393 2703 1536 2746 illisque
1557 2701 1712 2746 peractis
1734 2701 1832 2736 infra
1852 2707 1926 2736 tres

294 2760 420 2794 saltem
436 2760 511 2794 dies
525 2764 561 2795 te
577 2771 700 2797 coram
716 2760 824 2795 nobis
840 2760 879 2794 in
894 2760 963 2794 hac
978 2759 1128 2794 civitate
1145 2759 1488 2803 representandum;
1513 2757 1644 2793 deinde
1666 2758 1798 2792 fossam
1814 2757 1925 2793 castri

296 2814 340 2847 de
356 2813 472 2856 Sellis,
489 2825 597 2857 quam
621 2826 686 2859 pro
711 2814 920 2850 carceribus
946 2814 1106 2849 triennio
1133 2814 1306 2849 continuo
1323 2825 1345 2848 a
1359 2814 1418 2849 die
1433 2811 1640 2857 huiusmodi
1663 2813 1718 2847 tui
1741 2823 1925 2858 regressus

298 2869 538 2912 computando
551 2869 749 2911 duraturis,
768 2869 835 2904 tibi
851 2881 933 2904 cum
951 2869 1056 2913 panis
1074 2868 1228 2904 tristicie
1244 2872 1279 2904 et
1293 2879 1385 2912 aque
1399 2867 1536 2903 doloris
1554 2867 1741 2902 dumtaxat
1750 2869 1924 2902 sustenta·

299 2922 441 2964 mentis,
466 2923 694 2968 assignamus
722 2923 932 2960 intrandum
951 2927 987 2958 et
1011 2923 1132 2967 spacio
1156 2922 1318 2967 predicto
1333 2922 1426 2958 inibi
1441 2921 1756 2966 perseverandum.
1769 2921 1923 2958 Domum
