2097 3466
811 257 947 292 ANNO
975 259 1076 292 1163
1736 260 1778 293 43

134 364 227 397 quae
242 354 329 389 dum
346 351 581 388 miseratione
610 350 735 396 populi
761 362 871 396 prope
900 355 1120 394 servaretur,
1139 351 1169 386 si
1187 351 1280 387 sorte
1305 351 1459 387 interitu
1484 352 1641 387 aliorum
1662 355 1774 388 terrc-

134 412 236 444 retur
259 412 295 444 et
318 408 455 444 saniori
479 407 635 443 consilio
660 407 920 450 acquiesceret,
940 408 1060 443 subito
1087 407 1131 442 de
1159 407 1326 442 manibus
1358 420 1395 443 sc
1428 407 1631 444 tenentium
1655 409 1775 452 elapsa

133 464 232 500 ultro
249 464 399 510 ignibus
415 476 452 499 se
469 463 596 508 injecit
612 466 647 498 et
664 462 785 506 periit.

483 532 652 568 Annales
683 532 914 567 Colonz'enses
940 535 1113 576 maximi,
1140 534 1188 577 bij
1220 534 1338 575 Pertz,
1371 535 1628 576 M'omcmcnta,
1657 535 1775 579 Scrip-

532 595 639 630 tores,
659 588 738 623 deel
756 588 872 631 XVII,
897 590 962 624 blz.
985 592 1060 624 778.
1080 608 1122 614 —
1140 590 1206 624 Die
1224 590 1371 634 kronijk
1390 594 1484 625 stant
1500 590 1570 625 ook
1595 590 1773 635 gedeelte-

504 636 508 640 ”
524 644 592 687 lijk
609 644 647 678 in
666 643 757 677 Dom
777 643 942 688 Bouquot
957 644 1132 686 (Recucz'l,
1148 644 1227 679 deel
1244 645 1347 688 XIII)
1366 646 1479 680 onder
1495 646 1565 680 den
1583 657 1689 680 naam
1705 656 1774 679 van

528 699 712 734 Chronica
728 701 836 743 rossia
853 700 886 734 S.
903 699 1150 734 pantaleonis
1163 711 1280 745 prope
1304 700 1515 744 Coloniam3
1532 701 1658 736 aldaar
1672 700 1774 737 komt

526 765 592 790 ons
605 753 797 789 uittreksel
815 766 859 800 op
885 756 956 790 b'z.
980 756 1044 790 722
1063 766 1167 791 voor.

910 875 998 917 43.

190 974 363 1030 (1163),
387 976 577 1019 Kezclcn.
605 974 846 1018 Uittreksel
872 975 933 1018 uit
965 976 1040 1018 het
1064 974 1287 1032 Dialoyus
1318 976 1652 1020 nub-(acutorum
1687 991 1769 1020 van

127 1043 210 1086 den
234 1044 412 1087 monnik
437 1059 489 1087 en
512 1044 756 1102 tingenoot
779 1044 1006 1088 Caesarius
1030 1058 1115 1087 van
1139 1043 1428 1088 Heisterbach
1452 1059 1557 1088 over
1575 1047 1651 1090 liet
1675 1061 1771 1089 ver-

127 1111 322 1156 branden
340 1127 423 1156 van
440 1113 742 1171 (Vlaamsche)
755 1114 924 1158 ketters
942 1117 986 1157 te
1004 1114 1189 1157 Keulen.
1206 1114 1326 1157 —In
1340 1114 1443 1157 deze
1461 1115 1772 1172 samenspraak

125 1182 334 1226 tusschen
367 1182 450 1226 den
485 1183 663 1226 monnik
685 1184 913 1228 Caesarius
936 1197 990 1227 en
1014 1197 1152 1227 eenen
1175 1182 1596 1242 proefkloosterling
1627 1186 1772 1230 wordt

126 1252 278 1296 vooral
300 1252 511 1296 verhaald
532 1257 622 1297 wat
646 1267 698 1310 op
722 1267 776 1296 eu
800 1267 870 1296 om
893 1253 977 1296 den
999 1252 1280 1310 brandstapel
1304 1254 1580 1309 geschiedde.

175 1355 386 1402 [Distinctio
401 1357 565 1403 quinta.]
587 1358 671 1402 CaP.
691 1357 799 1393 XIX.
821 1359 876 1392 De
891 1358 1088 1394 haereticis
1108 1359 1284 1394 Coloniae
1300 1360 1510 1396 combustis.

171 1412 278 1448 Circa
303 1413 370 1449 illa
384 1417 549 1458 tempora
565 1414 630 1448 sub
648 1413 922 1458 archiepiscopo
940 1413 1130 1459 Reynaldo
1147 1414 1320 1449 Coloniae
1345 1416 1468 1459 plures
1492 1415 1670 1452 haeretici
1686 1419 1773 1452 sunt

125 1469 391 1513 comprehensi,
416 1470 480 1514 qui
511 1481 533 1504 a
562 1469 719 1505 literatis
745 1470 834 1506 viris
861 1470 1059 1505 examinati
1085 1475 1120 1506 et
1149 1470 1250 1511 victi,
1277 1482 1342 1515 per
1372 1471 1551 1506 iudicium
1585 1473 1772 1508 saeculare

125 1525 287 1560 damnati
305 1529 398 1560 sunt·
420 1526 512 1560 Data
528 1537 614 1560 vero
630 1526 822 1567 sententia,
841 1538 925 1561 cum
949 1526 1106 1562 ducendi
1131 1531 1249 1562 essent
1279 1527 1325 1561 ad
1355 1527 1490 1572 ignem,
1510 1539 1603 1562 unus
1623 1528 1771 1564 illorum

125 1580 311 1616 Arnoldus
334 1581 494 1621 nomine,
513 1591 620 1624 quem
648 1581 758 1616 ceteri
787 1581 1006 1626 magistrum
1031 1593 1139 1617 suum
1163 1582 1385 1624 fatebantur,
1405 1583 1500 1617 sicut
1529 1587 1773 1619 narraverunt

124 1635 188 1680 qui
203 1635 462 1678 interfuerunt,
480 1647 611 1680 panem
629 1640 664 1671 et
680 1636 815 1680 pelvim
840 1648 924 1671 cum
942 1648 1035 1681 aqua
1051 1636 1120 1672 sibi
1139 1637 1219 1671 dari
1236 1637 1382 1682 petivit.
1405 1637 1632 1678 Quibusdam
1651 1639 1772 1675 volen-

123 1691 224 1726 tibus
243 1695 284 1727 ut
299 1692 368 1727 hoc
384 1692 498 1733 fieret,
518 1691 589 1726 viri
607 1692 802 1736 prudentes
818 1692 1068 1728 dissuaserunt
1085 1694 1245 1729 dicentes
1259 1705 1267 1728 ι
1287 1694 1436 1738 Aliquid
1451 1694 1537 1729 hinc
1557 1695 1636 1730 fieri
1653 1699 1772 1739 posset

125 1758 233 1792 opere
249 1747 445 1790 diabolico,
463 1748 559 1791 quod
579 1747 736 1782 infirmis
767 1751 859 1782 esset
891 1748 929 1782 in
958 1748 1171 1783 scandalum
1199 1753 1234 1784 et
1262 1749 1301 1783 in
1332 1749 1490 1784 ruinam.
1510 1750 1767 1786 NOVIClUS:

124 1803 243 1839 Miror
259 1804 347 1848 quid
366 1803 411 1838 de
427 1814 520 1848 pane
536 1806 572 1838 et
587 1803 630 1837 de
646 1813 741 1846 aqua
758 1803 877 1838 facere
895 1803 1065 1838 voluerit.
1086 1803 1358 1839 MONACHUS
1376 1815 1385 1838 :
1408 1804 1512 1840 Sicut
1539 1805 1695 1841 coniicio
1728 1818 1770 1841 ex

125 1861 245 1896 verbis
268 1860 458 1895 cuiusdam
489 1858 641 1894 alterius
663 1858 854 1901 haeretici,
873 1860 937 1902 qui
962 1862 1047 1895 ante
1073 1859 1143 1895 hoc
1174 1859 1374 1896 trienmum
1404 1873 1425 1896 a
1455 1873 1542 1906 rege
1572 1862 1771 1906 Hispaniae

123 1916 406 1962 comprehensus
423 1919 476 1951 est
491 1919 528 1950 et
543 1915 766 1957 combustus,
785 1914 1005 1959 sacrilegam
1023 1927 1066 1951 ex
1085 1916 1136 1950 eis
1152 1916 1273 1951 facere
1289 1917 1434 1952 volebat
1457 1918 1768 1960 communionem,

125 1977 166 2008 ut
181 1973 256 2008 suis
279 1972 454 2007 viaticum
472 1972 586 2012 fieret,
605 1973 649 2006 ad
667 1976 855 2008 aeternam
877 1971 1162 2006 damnationem.
1180 1972 1274 2007 Nam
1291 1972 1440 2016 quidam
1454 1973 1565 2008 abbas
1586 1973 1771 2018 Hispanus

125 2027 265 2063 ordinis
292 2027 407 2063 nostri
425 2029 488 2070 (sc.
507 2026 762 2071 cisterciensis)
776 2038 840 2070 per
857 2038 922 2062 nos
947 2027 1140 2068 transiens,
1158 2027 1220 2070 qui
1239 2039 1321 2062 cum
1344 2027 1512 2072 episcopo
1539 2034 1576 2063 et
1601 2029 1768 2063 ecclesia-

124 2096 207 2120 rum
223 2082 396 2128 praelatis
412 2082 573 2118 eiusdem
590 2082 766 2117 haeretici
791 2094 932 2117 errores
961 2083 1160 2124 damnavit,
1179 2094 1262 2118 eum
1294 2083 1427 2120 dixisse
1461 2085 1652 2127 referebat,
1672 2085 1768 2128 quod

123 2140 281 2176 rusticus
301 2139 455 2183 quilibet
471 2139 509 2174 in
526 2150 648 2173 mense
669 2150 734 2173 sua
751 2142 786 2173 et
817 2138 860 2173 de
877 2149 970 2182 pane
995 2150 1060 2173 suo
1084 2149 1155 2181 quo
1187 2142 1408 2181 vesceretur,
1439 2139 1620 2174 conficere
1653 2145 1770 2184 posset

121 2205 252 2240 corpus
266 2194 410 2231 Christi.
426 2194 514 2228 Erat
531 2194 628 2228 enim
645 2193 742 2229 idem
755 2193 970 2228 maledictus
988 2194 1088 2228 faber
1102 2193 1289 2228 serrarius.
1305 2193 1556 2229 NOVICIUS:
1572 2194 1666 2235 Quid
1681 2207 1770 2240 ergo

122 2257 244 2287 actum
269 2255 323 2287 est
346 2251 390 2286 de
406 2250 601 2285 haereticis
619 2249 916 2285 Coloniensibus?
933 2249 1229 2284 MONACHUS:
1253 2249 1362 2284 Ducti
1391 2254 1476 2285 sunt
1507 2255 1610 2285 extra.
1642 2251 1768 2286 civita-

122 2312 194 2344 tem
227 2312 262 2344 et
276 2306 380 2343 iuxta
407 2306 632 2342 cimiterium
655 2306 880 2341 Judaeorum
911 2306 1024 2340 simul
1048 2305 1087 2340 in
1118 2305 1241 2350 ignem
1266 2305 1385 2340 missi.
1411 2305 1482 2346 Qui
1513 2318 1597 2341 cum
1623 2307 1768 2342 fortiter

123 2364 305 2406 arderent,
330 2363 456 2398 multis
482 2362 690 2397 videntibus
725 2366 760 2397 et
791 2362 1036 2404 audientibus,
1070 2362 1255 2397 Arnoldus
1287 2361 1470 2397 semiustis
1502 2361 1767 2405 discipulorum

122 2419 303 2465 capitibus
326 2430 476 2453 manum
503 2417 704 2462 imponens,
731 2417 797 2452 ait:
826 2418 1042 2452 Constantes
1073 2422 1184 2453 estote
1217 2417 1255 2452 in
1284 2418 1354 2452 fide
1387 2421 1518 2459 vestra,
1538 2417 1626 2460 quia
1659 2417 1767 2452 hodie

120 2475 223 2512 eritis
239 2486 322 2510 eum
341 2474 557 2517 Laurentio3
577 2484 659 2508 cum
677 2477 799 2508 tamen
816 2473 925 2508 nimis
941 2473 1192 2509 discordarent
1207 2485 1229 2508 a
1246 2474 1316 2509 fide
1334 2474 1538 2508 Laurentii.
1558 2474 1647 2509 Cum
1676 2478 1767 2510 esset

119 2531 216 2566 inter
231 2541 291 2565 eos
306 2529 413 2575 virgo
430 2529 607 2573 quaedam
624 2528 796 2572 speciosa,
815 2529 875 2563 sed
894 2528 1091 2566 haeretica.
1109 2533 1143 2563 et
1167 2529 1409 2572 quorumdam
1443 2530 1693 2572 compassione
1721 2531 1766 2564 ab

118 2583 206 2630 igne
221 2585 419 2626 subtracta,
438 2583 743 2628 promittentium,
775 2583 862 2627 quia
879 2584 936 2618 vel
967 2595 1047 2618 eam
1075 2583 1153 2618 viro
1186 2584 1372 2619 traderent
1403 2584 1459 2618 vel
1493 2584 1522 2617 si
1552 2583 1621 2618 hoc
1649 2585 1767 2629 magis

117 2641 291 2686 placeret,
309 2642 347 2675 in
378 2640 601 2674 monasterio
633 2639 821 2683 virginum
849 2639 1024 2680 locarent,
1047 2651 1130 2674 cum
1162 2639 1272 2674 verbo
1299 2643 1405 2674 tenus
1423 2639 1672 2682 consensisset,
1693 2640 1765 2675 iam

119 2696 290 2732 extinctis
313 2695 522 2736 haereticis,
541 2695 748 2730 tenentibus
777 2706 815 2729 se
846 2694 958 2729 dixit:
983 2694 1100 2729 Dicite
1129 2694 1233 2735 milii,
1254 2694 1315 2729 ubi
1349 2695 1444 2729 iacet
1474 2694 1646 2729 seductor
1675 2695 1767 2731 ille?

119 2751 282 2795 Cumque
294 2751 329 2786 ei
345 2751 636 2786 demontrassont
650 2751 865 2795 magistrum
883 2751 1101 2791 Ariwldum,
1119 2762 1160 2785 ex
1175 2751 1344 2785 manibus
1361 2751 1509 2785 illorum
1523 2751 1659 2795 elapsa,
1674 2753 1766 2786 facie

118 2810 216 2841 veste
231 2809 338 2849 tecta,
358 2818 467 2850 super
482 2807 635 2843 extincti
653 2807 815 2852 corporis
831 2807 906 2842 ruit
925 2811 959 2842 et
976 2820 1059 2843 cum
1086 2809 1148 2843 illo
1174 2808 1213 2842 in
1236 2808 1420 2844 infernum
1443 2813 1619 2853 perpetuo
1637 2822 1765 2845 arsura

117 2862 313 2898 descendit.

468 2907 659 2943 Caesarius
703 2920 774 2943 van
821 2909 1076 2951 Heisterbach,
1126 2908 1308 2954 Diale-(sus
1362 2909 1656 2951 miraculorum,
1697 2912 1757 2945 ed.

522 2963 689 3010 Strange,
719 2964 798 3000 deel
829 2965 855 3007 1,
889 2965 956 3000 blz.
982 2965 1046 3001 298
1065 2977 1110 3001 en
1138 2968 1218 3001 299.
1255 2967 1320 3008 (De
1351 2969 1467 3001 eerste
1492 2966 1663 3001 drukken
1694 2978 1763 3002 van
