2097 3466
837 228 970 263 ANNO
998 229 1098 262 1235
1746 231 1803 262 101

163 316 308 358 videris,
339 315 526 361 negotium
550 315 798 359 Inquisitionis
828 316 945 352 dictae
974 317 1189 358 committas,
1224 317 1286 361 qui
1318 328 1382 361 per
1409 317 1618 352 universum
1646 329 1802 363 regnum

164 372 341 408 Franciae
357 372 489 416 passim
521 374 647 406 contra
675 371 875 407 haereticos
906 385 989 407 eum
1020 373 1265 417 praelatorum
1290 375 1326 407 et
1355 372 1511 407 aliorum
1544 374 1697 408 fratrum
1719 373 1802 408 reli-

163 429 358 473 giososum,
377 427 594 471 sapientium
619 439 762 471 quoque
786 428 949 469 consilio,
969 441 1011 463 ca
1035 428 1177 463 cautela
1205 428 1401 472 procedant
1431 431 1470 462 ut
1496 428 1703 463 innocentia
1732 440 1803 463 non

163 486 286 528 pereat
301 485 337 518 et
356 481 529 526 iniquitas
547 494 617 516 non
635 485 820 517 remancat
836 483 1027 527 impunita.

210 540 342 574 Datum
361 537 515 579 Perusii‚
535 537 607 572 XII
624 537 798 572 kalendas
815 537 1046 581 Septembris,
1064 536 1294 581 pontificatus
1319 536 1430 572 nostri
1448 549 1543 571 anno
1562 549 1668 572 nono.

512 624 647 668 Ripoll‚
666 625 745 660 dcel
762 625 789 665 I,
809 625 874 659 blz.
891 628 945 666 80,
966 632 1003 659 nr
1022 627 1094 660 137.
1111 624 1300 666 (Potthast,
1316 624 1395 659 dccl
1412 624 1439 666 I,
1460 625 1526 659 blz.
1543 627 1618 666 849,
1635 632 1672 660 nr
1690 627 1806 667 9003.)

915 742 1026 785 101.

222 867 362 920 1235,
389 868 630 924 Auyustzcs
652 867 731 919 23,
769 868 982 911 Perusia.
1012 868 1092 910 Bul
1121 881 1205 910 van
1245 867 1484 923 Gregorius
1522 867 1587 910 IX
1631 868 1802 924 gericht

158 938 227 981 tot
248 937 330 980 den
356 937 616 992 predikheer
639 936 819 988 Robert,
847 951 915 980 om
939 937 1037 979 hem
1055 943 1099 980 te
1117 936 1299 979 bevelen
1322 937 1373 979 de
1392 937 1804 993 kettervervolging

159 1009 228 1050 ter
250 1006 379 1050 barte
399 1010 442 1049 te
477 1020 633 1049 nemen
664 1006 707 1048 in
741 1006 792 1048 de
816 1006 1206 1049 aartsbisdommen
1229 1006 1352 1058 Sens,
1381 1006 1530 1049 Reims
1554 1021 1608 1050 en
1641 1007 1803 1050 andere

158 1075 416 1133 geestelijke
454 1075 729 1132 afdeelingen
773 1089 856 1118 van
902 1076 976 1119 het
1020 1075 1280 1133 koninkrijk
1331 1076 1587 1134 Frankrijk.
1635 1101 1692 1107 —
1736 1077 1804 1120 Na

158 1145 350 1188 dezelfde
369 1144 709 1201 beweegredens
727 1148 771 1188 te
790 1143 959 1187 hebben
983 1145 1094 1188 doen
1117 1145 1272 1201 gelden
1292 1146 1357 1188 als
1380 1145 1422 1188 in
1448 1146 1499 1188 de
1523 1146 1802 1202 voorgaande

157 1213 245 1266 bul,
275 1214 444 1257 beveelt
466 1214 518 1257 de
548 1229 656 1270 paus
678 1228 760 1257 aan
795 1213 978 1257 broeder
1001 1213 1165 1258 Robert
1187 1228 1297 1257 naar
1328 1215 1406 1257 het
1443 1214 1677 1259 voorbeeld
1716 1229 1800 1258 van

156 1283 357 1328 Christus
390 1288 477 1328 met
515 1284 907 1340 gehoorzaamheid
940 1298 994 1327 en
1027 1283 1355 1340 zelfopoffering
1377 1286 1509 1341 tegen
1544 1284 1596 1327 de
1633 1285 1802 1330 ketters

156 1353 234 1396 der
256 1353 646 1397 aartsbisdommen
668 1353 790 1405 Sens,
819 1353 980 1406 11011118,
1008 1368 1103 1397 enz.
1130 1358 1174 1397 te
1197 1353 1322 1397 velde
1344 1355 1386 1397 te
1410 1354 1617 1398 trekken.

201 1479 398 1524 Gregorius
415 1478 614 1524 episcopus,
641 1491 766 1515 servus
782 1491 969 1515 servorum
994 1478 1071 1521 Dei,
1091 1478 1223 1515 dilecto
1249 1479 1325 1514 filio
1350 1479 1456 1515 fratri
1484 1478 1637 1515 Robcrti
1661 1478 1800 1515 ordim's

157 1535 313 1570 fratrum
330 1535 634 1578 praedicatorum,
652 1536 805 1571 salutem
822 1538 857 1570 et
873 1535 1107 1579 apostolicam
1125 1534 1424 1570 benedictionem.

200 1591 345 1625 Dudum
373 1591 419 1625 ad
447 1591 654 1635 aliquorum
678 1602 857 1632 murmur,
892 1590 955 1634 qui
980 1602 1052 1625 non
1076 1590 1308 1635 patiebantur
1330 1594 1366 1626 te
1389 1594 1453 1626 aut
1480 1592 1610 1627 fratres
1644 1595 1725 1627 tuos
1759 1592 1798 1627 in

156 1645 320 1690 partibus
345 1646 543 1680 Gallicanis
566 1647 611 1681 ad
640 1647 897 1691 inquirendum
923 1658 1031 1691 super
1056 1647 1241 1682 haeretica
1264 1647 1443 1691 pravitate
1468 1649 1674 1691 procedere,
1694 1661 1798 1693 quae,

155 1705 196 1737 ut
218 1703 374 1745 aiebant,
401 1703 445 1737 de
467 1702 608 1737 haeresi
632 1714 704 1736 non
729 1702 874 1736 fuerant
898 1701 1106 1743 infamatae,
1133 1702 1342 1746 scripsimus
1366 1703 1433 1738 tibi
1457 1707 1492 1738 et
1516 1704 1597 1738 aliis
1625 1705 1799 1739 fratribus

154 1761 274 1793 tecum
299 1759 344 1792 ad
368 1758 437 1792 1100
454 1759 641 1802 negotium
659 1757 850 1801 deputatis,
870 1760 911 1792 ut
927 1757 1207 1801 supersederetis
1223 1770 1244 1792 a
1261 1761 1386 1802 coepto
1405 1759 1563 1804 negotio,
1583 1771 1629 1795 ne
1647 1760 1709 1795 ubi
1727 1773 1799 1796 non

155 1816 398 1859 praecesserat
421 1813 573 1847 infamia
596 1813 766 1854 haeresis,
794 1816 878 1847 nota
902 1813 1175 1856 perquireretur
1197 1814 1342 1848 erroris,
1364 1815 1512 1856 Verum,
1532 1815 1618 1859 quia
1643 1819 1797 1860 postmo-

154 1873 254 1913 dum,
272 1883 314 1906 eo
330 1871 513 1906 revelante
530 1870 706 1905 interiora
723 1869 881 1913 parietis,
902 1869 963 1912 qui
987 1871 1220 1904 tenebrarum
1244 1870 1412 1914 producit
1436 1883 1525 1915 opus
1549 1871 1587 1906 in
1611 1872 1730 1906 lucem
1763 1876 1798 1908 et

155 1928 201 1962 ad
216 1926 427 1968 vindictam,
443 1938 525 1960 cum
542 1926 631 1966 vult,
647 1925 761 1969 exigit
784 1926 951 1959 umbram
968 1925 1107 1966 mortis,
1126 1928 1227 1961 tanta
1244 1927 1287 1960 de
1303 1926 1483 1960 universis
1496 1927 1600 1972 regni
1618 1928 1796 1963 Franciae

155 1982 318 2027 partibus
341 1981 495 2016 ebullire
518 1980 653 2015 dicitur
677 1983 938 2015 venenatorum
962 1979 1159 2014 multitudo
1186 1980 1374 2024 reptilium
1398 1984 1433 2016 et
1461 1981 1653 2018 haeresum
1680 1985 1798 2020 sanies

153 2039 342 2079 scaturire,
361 2038 457 2082 quod
473 2037 602 2071 amodo
618 2035 670 2070 sic
687 2047 759 2070 non
783 2038 932 2079 possunt
955 2035 1045 2070 haec
1061 2036 1161 2070 salva
1184 2036 1334 2071 tolerari
1359 2037 1592 2079 conscientia,
1612 2039 1708 2075 sicut
1731 2052 1797 2075 1100

153 2095 276 2139 aliqua
292 2092 591 2138 tergiversatione
608 2091 718 2126 celari
734 2105 742 2134 ς
762 2091 971 2126 discretioni
995 2094 1080 2126 tuae
1106 2102 1170 2135 per
1185 2091 1385 2136 apostolica
1408 2093 1543 2137 scripta
1568 2095 1794 2137 mandamus,

154 2153 330 2193 quatenus
347 2148 452 2183 illum
469 2147 627 2188 imitans,
645 2147 706 2190 qui
732 2158 844 2190 usque
861 2147 906 2181 ad
924 2150 1076 2181 mortem
1094 2147 1337 2182 obedientiam
1354 2160 1427 2182 non
1444 2149 1640 2185 intermisit
1656 2150 1797 2195 injunc-

153 2208 227 2240 tam
249 2207 285 2240 et
300 2204 417 2245 illum,
438 2203 499 2247 (1111
516 2203 628 2238 vitam
645 2203 830 2246 propriam
846 2214 883 2237 se
908 2201 1156 2246 pretiosiorem
1174 2203 1293 2238 facere
1310 2203 1437 2244 voluit,
1456 2205 1517 2239 sed
1542 2216 1608 2248 pro
1634 2205 1796 2241 fidelium

152 2259 360 2300 animabus,
394 2258 565 2303 impensis
596 2257 775 2299 omnibus,
818 2269 968 2301 corpore
1000 2269 1143 2301 quoque
1173 2258 1443 2303 superimpendi
1475 2271 1539 2304 pcr
1574 2260 1794 2297 eminentem

152 2315 310 2350 scientae
333 2314 430 2348 viam
459 2313 622 2349 caritatis
649 2313 771 2358 clegit,
799 2313 984 2357 aliumque
1011 2316 1222 2348 veteranum
1255 2317 1290 2349 et
1321 2315 1513 2350 emeritum
1539 2315 1706 2357 militem,
1733 2317 1795 2361 (1111

153 2371 243 2406 etin
259 2369 429 2405 extremis
445 2381 556 2414 agens
574 2381 646 2404 non
670 2369 792 2404 timuit
815 2380 984 2404 recusare
1008 2369 1181 2411 laborem,
1200 2369 1314 2415 eligas
1339 2370 1407 2405 isto
1431 2370 1543 2406 vitam
1569 2371 1676 2406 finire
1701 2384 1795 2407 mar·

154 2425 262 2470 tyrio,
290 2428 326 2460 et
349 2425 522 2469 quamdiu
540 2425 688 2469 spiritus
714 2424 878 2468 proprios
906 2424 1001 2469 regit
1023 2424 1197 2459 articulos
1214 2424 1253 2459 in
1269 2426 1517 2461 remissionem
1544 2427 1798 2471 peccaminum

152 2493 216 2528 per
229 2481 423 2522 Senonen„
435 2480 577 2516 Semen.
588 2482 632 2523 (1)
645 2484 678 2515 01
692 2480 783 2514 alias
801 2479 1005 2524 provincias
1018 2480 1122 2524 regni
1142 2480 1321 2516 Franciae
1337 2481 1470 2525 passim
1485 2482 1701 2525 haereticos,
1713 2495 1796 2518 cum

195 2649 241 2689 (1)
266 2646 390 2691 Ripoll
407 2649 487 2692 zegt
503 2658 590 2682 over
605 2647 667 2682 dat
684 2647 807 2681 woord
822 2658 829 2680 :
850 2661 865 2674 ιι
885 2647 1091 2681 Semewsem
1108 2646 1332 2691 provinciam
1356 2647 1394 2682 in
1421 2647 1552 2682 Gallia
1569 2648 1650 2692 quis.
1668 2648 1793 2683 novit?

153 2703 281 2738 Nonne
297 2703 426 2737 melius
445 2702 659 2737 Cememscu
681 2703 893 2737 Cemcnium
912 2703 1173 2744 Tractum‚sub
1191 2715 1260 2747 quo
1275 2704 1636 2747 comprehenduntur
1649 2705 1792 2748 provin—

153 2757 209 2792 cia
227 2759 460 2792 Vivariensz's
477 2758 644 2802 superior
660 2762 695 2793 et
714 2757 915 2793 Gabalmm
935 2770 1016 2792 cum
1032 2762 1132 2802 parte
1148 2757 1417 2793 chtlzenornm.
1436 2775 1451 2788 n
1471 2760 1634 2801 (Aldaar,
1651 2762 1790 2803 110013).

152 2814 244 2849 Deze
260 2814 401 2858 gissing
416 2813 447 2848 is
463 2814 711 2849 onhoudbaar.
733 2813 922 2857 Blikaaar
945 2818 1038 2849 moet
1063 2825 1146 2849 men
1170 2813 1251 2849 hier
1273 2815 1517 2857 Remen(sem)
1543 2816 1665 2858 lezen;
1691 2819 1794 2851 naast

150 2869 211 2904 het
239 2869 478 2904 aartsbisdom
507 2870 595 2905 Sens
624 2870 741 2905 wordt
768 2869 830 2904 het
854 2869 1032 2914 naburigc
1058 2869 1295 2905 aartsbisdom
1324 2870 1451 2906 Reims
1479 2871 1560 2907 hecl
1588 2872 1790 2915 natnurh'Jk

149 2925 321 2960 vermeld.
