2097 3466
842 291 975 328 ANNO
1001 293 1103 328 1233
1754 297 1796 330 93

155 382 381 425 accesserint,
399 385 543 428 praeter
566 395 636 426 eos,
656 384 718 428 qui
739 396 848 429 super
875 387 1066 430 praedictis
1090 387 1191 422 vobis
1212 386 1402 427 auxilium,
1430 386 1622 422 consilium
1647 389 1793 432 praesti-

155 437 266 473 terint
281 438 339 474 vel
361 439 533 481 favorem,
552 439 590 474 in
614 439 839 476 hebdomada
861 440 992 485 viginti
1017 442 1091 477 dies
1116 441 1159 477 de
1183 441 1348 487 injuncta
1373 441 1443 476 fide
1466 442 1687 485 poenitentia
1703 443 1793 478 rela-

154 504 293 529 xamus.

198 548 329 584 Datum
347 549 529 592 Laterani,
548 549 637 586 XIII
650 550 822 586 kalendas
838 551 940 593 Maii,
961 551 1189 596 pontificatus
1207 551 1320 587 nostri
1337 563 1433 588 anno
1451 553 1616 597 septimo.

503 627 638 671 Ripoll‚
657 627 736 664 deel
752 627 780 670 Ι,
800 628 865 663 blz.
885 631 938 670 45,
959 636 996 663 nr
1013 631 1066 664 70.
1090 628 1280 670 (Potthast,
1300 629 1379 664 deel
1395 628 1422 671 Ι,
1443 630 1508 664 blz.
1530 633 1605 672 784,
1625 638 1664 666 nr
1680 633 1789 674 9152).

934 756 1015 802 91.

213 882 349 933 1233,
376 884 489 926 Jum'
509 885 552 934 6,
576 886 825 929 Lateraan.
855 886 937 929 Bul
963 900 1045 929 van
1069 886 1309 943 Gregorius
1333 887 1396 930 IX
1421 887 1597 943 gericht
1615 890 1681 931 tot
1703 888 1785 931 den

149 951 306 1004 deken,
332 953 414 995 den
447 954 780 1009 penitentiarius
815 970 867 998 en
903 959 1090 998 meester
1118 957 1181 1007 S.‚
1209 956 1437 999 kanunnik
1474 970 1557 999 van
1593 958 1785 1008 Amiens,

148 1021 240 1064 hun
273 1021 522 1074 bevelende,
560 1023 632 1067 dat
665 1024 715 1080 zij
754 1024 809 1082 bij
852 1025 1007 1067 middel
1043 1026 1119 1068 der
1151 1026 1407 1082 geestelijke
1446 1039 1634 1069 censuur
1663 1027 1704 1068 al
1739 1026 1790 1068 de

146 1092 400 1148 vervolgers
422 1092 499 1134 der
519 1092 837 1149 predikheeren
860 1109 945 1137 van
969 1095 1030 1138 St.
1057 1095 1237 1138 Ornaars
1260 1095 1425 1137 zouden
1446 1093 1723 1151 bedwingen.

191 1200 387 1246 Gregorius
411 1202 609 1246 episeopus,
628 1214 752 1237 servus
777 1214 962 1237 servorum
988 1203 1065 1244 Dei,
1089 1202 1229 1237 dilectis
1254 1201 1339 1236 filiis
1363 1202 1514 1244 decano,
1534 1203 1789 1246 penitentiario

145 1258 181 1291 et
196 1256 370 1301 magistro
385 1257 420 1292 S.
451 1287 457 1292 .
487 1287 493 1292 .
521 1287 530 1300 ,
557 1258 731 1293 canonico
749 1258 995 1299 Ambianensi,
1012 1259 1164 1293 salutem
1181 1261 1216 1293 et
1232 1257 1468 1301 apostolieum
1487 1258 1786 1293 benedictionem.

189 1313 277 1347 Paci
295 1317 330 1348 et
346 1314 459 1358 quieti
476 1315 630 1349 fratrum
648 1315 684 1349 S.
704 1315 903 1350 Audomari
929 1315 972 1350 de
995 1315 1121 1349 ordine
1144 1315 1299 1349 fratrum
1324 1314 1615 1357 praedicatorum
1639 1318 1790 1359 paterna

144 1368 374 1404 solicitudine
400 1370 590 1414 providere
617 1371 787 1411 volentes.
819 1370 1065 1414 praesentibus
1091 1370 1316 1410 mandamus,
1337 1373 1514 1412 quatenus
1542 1371 1789 1406 molestatores

142 1424 304 1469 ipsorum
321 1429 356 1460 et
379 1438 527 1461 suorum
543 1426 780 1461 familiarium
805 1430 952 1470 propter
975 1437 1045 1466 ρος,
1064 1424 1263 1459 monitione
1287 1425 1495 1468 praemissa,
1516 1437 1580 1469 per
1597 1438 1787 1461 censuram

143 1480 424 1516 ecelesiasticam
440 1482 655 1517 auctoritate
672 1481 916 1526 praesentium
933 1480 1178 1525 compescatis.
1199 1480 1304 1521 Quod
1320 1481 1350 1513 si
1372 1492 1444 1514 non
1461 1492 1595 1523 omnes,
1614 1487 1682 1518 ete.

188 1537 321 1573 Datum
337 1537 520 1580 Laterani,
540 1538 625 1573 VIII
641 1538 722 1573 idus
738 1538 757 1572 J
762 1537 852 1579 unii,
872 1537 1102 1582 pontificatus
1119 1535 1233 1571 nostri
1251 1547 1346 1570 anno
1364 1536 1530 1580 septimo.

493 1616 629 1662 Ripoll‚
647 1616 726 1652 deel
742 1616 769 1658 Ι,
790 1616 855 1651 blz.
876 1618 930 1658 51,
951 1623 989 1650 nr
1006 1617 1059 1651 79.
1078 1609 1276 1657 (Potthast,'
1292 1613 1372 1649 deel
1387 1613 1415 1655 I,
1437 1613 1502 1648 blz.
1522 1615 1598 1655 789,
1617 1621 1656 1649 nr
1672 1616 1785 1657 9220).

931 1744 1016 1788 92.

207 1872 345 1923 1233,
373 1870 558 1917 October
580 1873 657 1922 21,
684 1872 890 1929 Anaym'.
918 1872 998 1915 Bul
1031 1884 1116 1913 van
1151 1870 1387 1927 Gregorius
1415 1870 1481 1913 IX
1515 1869 1686 1926 gericht
1718 1872 1787 1914 tot

143 1942 399 2002 (Diederik)‚
427 1941 749 1998 aartsbisschop
781 1956 868 1984 van
903 1941 1040 1992 Trier,
1071 1954 1137 1983 om
1169 1940 1270 1983 hem
1304 1940 1568 1995 maatregels
1601 1943 1670 1983 ter
1700 1940 1786 1982 uit-

142 2013 310 2069 roeiing
341 2012 418 2055 der
449 2011 625 2069 ketterij
651 2025 756 2054 voor
778 2015 822 2054 te
848 2011 1084 2068 schrijVen.
1116 2036 1166 2040 -
1193 2011 1258 2052 Na
1288 2009 1504 2065 geklaagd
1542 2013 1582 2052 te
1616 2008 1787 2051 hebben

143 2096 245 2124 over
282 2083 333 2124 de
372 2081 762 2138 versehrikkeliJke
800 2080 1078 2135 verbreiding
1117 2079 1209 2122 dier
1253 2083 1348 2134 pest
1394 2079 1437 2121 in
1485 2078 1536 2120 de
1580 2078 1788 2122 Duitsche

141 2155 380 2208 gewesten‚
423 2151 594 2194 beveelt
632 2151 691 2208 hij
732 2150 813 2193 den
859 2148 1195 2203 aartsbissebop,
1239 2148 1310 2191 dat
1349 2148 1451 2190 deze
1496 2147 1592 2190 zich
1635 2147 1787 2203 eenige

140 2221 425 2277 geestelijken
460 2235 513 2263 en
545 2219 931 2275 rechtsgeleerden
965 2223 1177 2274 toevoege
1200 2231 1268 2259 om
1292 2231 1399 2259 naar
1423 2217 1511 2259 luid
1537 2217 1612 2259 der
1635 2216 1786 2258 beslis-

140 2290 295 2346 singen
316 2304 402 2333 van
420 2290 496 2332 het
520 2290 744 2346 algemeen
769 2288 958 2332 Concilie
986 2301 1038 2330 en
1064 2287 1142 2330 der
1167 2290 1363 2330 statuten
1383 2300 1465 2328 van
1493 2286 1575 2328 den
1600 2285 1786 2328 H.Stoel

139 2359 191 2402 de
227 2359 398 2403 ketters
435 2362 478 2403 te
517 2358 836 2409 onderzoeken‚
876 2362 918 2400 te
956 2356 1269 2400 vereordeelen
1312 2355 1358 2397 of
1387 2358 1474 2398 met
1498 2354 1550 2396 de
1583 2354 1706 2397 Kerk
1741 2358 1785 2398 te

138 2442 396 2472 verzoenen.
435 2429 654 2484 Degenen‚
694 2428 759 2470 die
792 2432 924 2483 tegen
959 2427 1062 2469 deze
1094 2424 1508 2481 kettervervolging
1547 2425 1778 2480 opkomen,

138 2502 309 2541 moeten
332 2502 420 2541 met
441 2497 686 2555 kerkelijke
710 2510 925 2539 censui-en
949 2496 993 2538 in
1019 2495 1235 2550 bedwang
1258 2495 1488 2551 gehouden
1513 2493 1710 2535 worden.

181 2605 350 2640 Dolemus
365 2610 399 2641 et
416 2605 618 2641 vehementi
637 2604 879 2639 commotione
897 2604 1101 2645 turbamur,
1118 2603 1212 2646 quod
1233 2602 1424 2643 Teutonia,
1445 2612 1535 2646 quae
1550 2600 1642 2635 sieut
1658 2601 1784 2635 hortus

137 2661 381 2705 spiritualium
408 2662 634 2705 voluptatum
664 2660 866 2695 catholicae
892 2659 1078 2694 viriditate
1107 2659 1190 2693 fidei
1222 2662 1257 2693 et
1289 2670 1438 2702 operum
1464 2657 1596 2701 pietate
1623 2657 1784 2692 redolere

137 2717 323 2752 consuevit
356 2717 530 2752 hactenus
558 2722 593 2751 et
618 2716 753 2761 vigere,
785 2727 882 2750 nune
907 2719 1057 2758 apparet
1082 2715 1187 2758 plena
1215 2714 1374 2748 sentibus
1396 2717 1431 2748 et·
1454 2714 1595 2748 foedata
1620 2712 1784 2747 sordibus

135 2771 331 2811 vitiorum:
357 2776 391 2807 et
415 2772 484 2806 nisi
510 2772 685 2806 Dominus
712 2771 917 2814 reliquisset
943 2770 980 2804 in
1005 2782 1045 2804 ea
1076 2769 1336 2804 benedictionis
1360 2781 1479 2804 semen
1505 2769 1601 2803 viros
1625 2768 1784 2802 sinceros

136 2826 243 2861 fidem
261 2827 425 2868 zelantes,
445 2827 632 2871 negotium
650 2825 885 2861 correctionis
906 2825 1016 2868 ipsius
1035 2828 1125 2859 esset
1142 2824 1355 2868 ambiguum
1373 2832 1406 2859 et
1425 2823 1575 2858 forsitan
1591 2824 1781 2867 desperan-

135 2883 233 2917 dum.
255 2884 359 2918 Nune.
384 2895 481 2923 vero,
509 2883 603 2917 sieut
632 2883 670 2916 in
699 2881 850 2916 veritate
875 2880 1129 2924 comperimus
1157 2886 1194 2914 tu
1223 2883 1258 2915 et
1286 2879 1348 2914 alii
1373 2880 1607 2914 ecelesiarum
1632 2878 1783 2923 praelati

135 2939 302 2974 tollentes
318 2939 475 2973 resinam
494 2939 538 2973 ad
555 2938 716 2973 dolorem
732 2939 809 2981 ejus
827 2949 869 2971 ac
889 2948 971 2971 eum
991 2936 1202 2980 evangelico
1220 2936 1439 2971 samaritano
1463 2937 1588 2971 vinum
1613 2940 1647 2971 et
1664 2936 1784 2970 oleum

134 2994 362 3031 infundentes
378 2994 592 3029 vulneribus
608 2993 810 3037 vigilanter
826 2992 981 3031 instatis,
1000 2991 1029 3026 si
1048 2992 1138 3026 forte
1153 2992 1198 3026 sit.
1214 2992 1359 3027 sanitas.
