2097 3466
314 275 373 307 ⁴14
997 271 1131 305 ANNO
1160 272 1260 304 14ὓῦ

313 367 457 404 iudicio,
489 365 635 398 minime
662 365 765 398 debet
792 365 958 403 tolerare,
988 362 1176 406 siquidem,
1195 366 1235 397 ut
1258 363 1303 396 ab
1327 363 1488 406 apostolo
1514 363 1651 406 accepi,
1680 374 1797 398 sermo
1823 367 1943 400 noster

310 432 448 464 semper
471 420 573 453 debet
598 430 672 453 esse
699 419 772 452 sale
800 418 965 452 conditus
995 422 1031 452 et
1062 417 1106 451 ad
1135 416 1399 451 edificationem
1431 417 1683 459 audientium3
1714 417 1800 461 quid
1827 419 1942 453 eciam

312 477 459 510 sensis-sc
483 475 624 508 videtur
648 473 855 508 Aristoteles
888 471 1050 507 inferiori
1085 471 1221 506 lumine
1245 471 1362 513 nixus,
1391 471 1453 515 qui
1487 472 1635 506 minime
1664 471 1942 516 disputationem

312 531 504 574 litigiosam
523 529 619 562 laudi
638 528 752 562 voluit
769 528 938 568 tribucre,
968 526 1005 561 in
1030 538 1101 570 qua
1129 526 1298 561 videlicet
1325 537 1397 560 non
1423 527 1588 562 doctrina
1611 527 1672 562 sed
1687 528 1805 571 gloria
1821 528 1941 573 dispu-

311 586 417 621 tantis
435 583 599 628 queritur
617 610 769 617 ......
788 584 845 624 (1).

355 641 426 674 ilet-
443 642 536 679 sunt,
553 638 678 672 doctor
693 637 922 681 amplissime,
954 647 1023 679 que
1039 636 1084 670 ad
1105 647 1247 679 presens
1273 635 1309 669 in
1329 634 1408 670 ocio
1433 646 1595 670 meorum
1619 635 1820 671 studiorum
1836 647 1940 671 vene·

311 703 391 730 ruut
408 695 444 728 in
459 694 607 727 buccam
621 703 729 734 super
744 691 837 725 hane
848 690 1150 734 disceptacionem
1164 689 1414 732 odiosamque
1424 701 1445 724 a
1457 692 1491 724 te
1504 690 1611 724 velim
1624 691 1812 726 emendata
1823 693 1859 726 et
1870 701 1943 726 non

311 751 416 784 aliter
439 748 561 782 venire
580 747 616 780 iu
634 747 762 787 lucem,
782 746 811 779 si
829 746 917 780 utile
941 748 1005 779 aut
1031 756 1235 789 congruum
1264 744 1451 779 iudicabis.
1477 744 1611 779 Verum
1635 757 1748 780 unum
1771 749 1807 781 te
1829 746 1942 781 latere

310 804 408 840 nolui
426 803 520 847 quod
533 802 728 846 aliquando
742 800 890 835 memini
905 800 969 834 hos
983 800 1142 834 fumosos
1155 800 1368 834 clamatores
1380 799 1452 833 alio
1466 799 1532 834 niti
1546 799 1791 835 fundamento.
1807 799 1941 835 Dicunt

311 860 407 895 enim
424 859 517 893 hanc
535 857 745 892 filiationem
762 855 950 890 accessisse
966 867 1009 889 ex
1034 866 1127 889 noue
1151 853 1339 889 relationis
1365 854 1523 889 aduentu
1547 854 1674 889 diuina
1689 854 1824 890 virtute
1838 854 1940 890 illam

313 915 445 956 absque
462 913 537 947 ulla
553 911 751 946 mutatione
767 909 918 944 subiecti
945 909 1150 950 inducente,
1169 909 1206 943 in
1223 919 1293 952 quo
1318 920 1340 942 a
1364 908 1550 952 principijs
1574 908 1830 952 philosophicis
1846 919 1942 944 rece·

312 969 399 1002 dunt
417 981 425 1010 3
442 968 503 1002 sed
519 967 548 1001 si
565 966 684 1000 acrior
700 977 778 1000 meo
810 963 944 999 iudicio
977 975 1087 1007 super
1110 963 1178 998 hoc
1207 963 1377 998 vertenda
1407 964 1500 998 forct
1525 962 1733 1006 disputatio,
1762 975 1870 1008 quam
1896 963 1943 998 ad

312 1034 456 1067 presens
471 1021 659 1065 suspendo,
678 1024 780 1055 tuum
805 1019 904 1063 prius
933 1029 1041 1062 super
1067 1018 1135 1052 hoc
1159 1017 1349 1052 auditurus
1363 1017 1538 1052 examinis
1554 1017 1749 1059 decretum,
1776 1017 1943 1062 quamuis

312 1078 436 1121 utiquc
465 1079 667 1119 contempta
699 1074 910 1110 curiositate
946 1073 1196 1117 possibilitatis
1228 1073 1411 1107 communi
1442 1075 1562 1108 nostre
1590 1072 1765 1108 sententie
1794 1072 1943 1117 inhereo

313 1138 419 1177 atque
437 1133 567 1167 comite
583 1132 655 1166 vita
679 1142 820 1175 semper
835 1130 1022 1171 inherebo,
1041 1129 1070 1163 si
1102 1133 1222 1164 tamen
1250 1129 1444 1173 aliquando
1472 1130 1606 1173 absque
1621 1127 1763 1163 meliori
1779 1127 1944 1162 laborum

313 1188 529 1223 detrimento
545 1186 660 1222 eciam
677 1186 720 1220 de
736 1185 805 1220 hac
826 1184 989 1219 nouitate
1005 1184 1172 1218 conferre
1197 1183 1334 1225 libebit,
1361 1183 1502 1227 parebit
1526 1182 1726 1227 preceptori
1749 1193 1814 1217 suo
1837 1181 1942 1216 disci-

314 1243 420 1286 pulus
437 1246 471 1277 et
487 1240 775 1276 interociandum
793 1239 853 1283 qui
872 1238 1011 1273 iubebit
1029 1238 1182 1282 implere
1198 1237 1366 1279 studebit,
1384 1240 1420 1273 et
1435 1240 1542 1281 prout
1557 1237 1613 1271 sui
1630 1237 1790 1281 prauitas
1806 1237 1941 1282 ingenii

314 1301 414 1340 feret,
434 1310 499 1332 sua
515 1295 795 1332 communicabit
811 1294 931 1330 studia
948 1294 1046 1329 illius
1066 1305 1208 1338 semper
1222 1293 1401 1329 tutissimo
1417 1293 1575 1328 examini
1591 1292 1838 1337 relinquenda.

658 1372 852 1414 Carlerius,
871 1371 950 1407 deel
967 1371 1013 1413 H,
1031 1369 1295 1414 verhandeling
1310 1372 1363 1404 29.

1071 1497 1193 1543 338.

372 1628 527 1684 (1466,
575 1626 780 1669 Doornz'k
792 1625 826 1676 ,2)
849 1624 1023 1667 Andere
1056 1623 1172 1666 brief
1189 1636 1272 1666 van
1304 1624 1388 1666 Jan
1421 1621 1636 1665 Tinctoris
1665 1634 1750 1664 aan
1778 1621 1942 1665 Carlier

315 1710 418 1739 over
449 1694 640 1738 dezelfde
663 1694 841 1749 stelling
873 1706 958 1736 van
992 1693 1184 1735 Bonetus
1218 1705 1272 1734 en
1305 1692 1445 1733 Frans
1467 1690 1518 1733 de
1550 1689 1757 1732 Maronis.
1782 1688 1941 1733 -Als

312 1767 489 1810 student
510 1779 593 1808 aan
627 1765 678 1807 de
711 1763 1011 1819 Hoogeschool
1037 1776 1122 1805 van
1154 1762 1324 1804 Keulen
1357 1759 1479 1803 heeft
1509 1761 1592 1804 Jan
1626 1757 1841 1802 Tinctoris
1872 1758 1940 1800 die

313 1834 490 1890 stelling
522 1848 624 1876 eens
657 1833 699 1875 in
724 1832 775 1875 de
808 1831 1093 1888 godgeleerde
1124 1828 1523 1886 twistgesprekken
1557 1828 1721 1871 hooren
1748 1826 1941 1870 vooruit-

314 1908 478 1955 zetten;
508 1915 625 1945 maar
646 1901 698 1944 de
715 1901 931 1944 Faculteit
964 1899 1154 1942 verbood
1178 1899 1286 1941 haar
1308 1912 1359 1954 op
1384 1897 1498 1941 straf
1514 1910 1598 1940 van
1623 1897 1706 1940 den
1731 1895 1941 1954 kerkelij-

313 1972 398 2015 ken
422 1971 521 2014 ban.
549 1971 667 2014 Gave
699 1969 806 2021 G0d‚
845 1969 918 2012 dat
941 1969 992 2012 de
1025 1968 1248 2025 Parichhe
1280 1966 1496 2010 Faculteit
1527 1979 1638 2010 even
1669 1965 1769 2022 wijs
1793 1966 1940 2009 mocht

313 2041 555 2096 gehandeld
581 2038 772 2082 hebben!

359 2164 448 2197 Item
464 2165 644 2207 scriptum
668 2162 832 2196 eiusdem
857 2161 1080 2206 professoris
1110 2164 1237 2194 contra
1268 2159 1449 2194 Bonetum
1468 2164 1501 2192 et
1527 2159 1771 2192 Franci-scum
1797 2158 1842 2193 de
1861 2158 1940 2194 Ma-

314 2220 429 2252 ronis.

357 2273 520 2313 Memini,
547 2275 735 2316 preceptor
761 2272 811 2306 mi
837 2271 1120 2316 singularisime,
1147 2271 1233 2305 dum
1250 2270 1288 2305 in
1304 2269 1439 2315 insigni
1455 2268 1573 2305 studio
1591 2267 1794 2304 Coloniensi
1808 2268 1939 2305 litteris

315 2329 425 2363 sacris
449 2329 708 2369 incumberem,
735 2328 829 2362 hanc
854 2338 961 2371 quam
992 2326 1083 2360 mihi
1111 2336 1372 2360 commemoras
1402 2324 1634 2360 assertionem
1649 2324 1692 2358 de
1717 2323 1939 2360 increatione

314 2384 499 2419 relationis
516 2383 623 2417 fuisse
639 2394 704 2427 per
719 2383 890 2426 quosdam
908 2381 1067 2416 curiosos
1083 2381 1218 2415 tirones
1241 2380 1279 2414 in
1298 2380 1396 2415 scola
1419 2380 1642 2424 productam,
1668 2379 1729 2414 sed
1749 2390 1833 2414 mox
1855 2390 1938 2414 cum

316 2439 529 2482 quibusdam
546 2438 626 2479 alijs
650 2436 953 2481 propositionibus
969 2436 1064 2479 apud
1080 2436 1169 2470 tales
1185 2434 1374 2476 consuetis,
1393 2434 1540 2469 auribus
1569 2436 1689 2468 tamen
1715 2432 1939 2477 simplicibus

312 2493 456 2534 odiosiS,
471 2492 685 2527 auctoritate
709 2491 890 2526 facultatis
906 2501 1014 2534 super
1037 2491 1106 2525 hoc
1134 2489 1365 2533 solempniter
1382 2491 1599 2533 congregate
1621 2488 1730 2524 fuisse
1746 2488 1939 2524 interdicta

314 2551 347 2581 et
365 2549 429 2582 sub
445 2547 672 2582 anathemate
696 2546 838 2590 repulse
862 2548 1032 2589 perpetue
1055 2556 1077 2578 a
1104 2544 1277 2589 gradibus
1300 2546 1336 2578 et
1359 2542 1537 2578 consortio
1560 2542 1719 2578 eiusdem
1743 2542 1936 2578 facultatis,

318 2601 530 2635 Huiusmodi
549 2601 726 2636 nouitates
750 2601 910 2635 curiosas
925 2604 1033 2644 atque
1048 2599 1240 2635 offensiuas
1256 2603 1290 2634 ct
1306 2599 1408 2633 nulla
1430 2599 1579 2642 probata
1594 2597 1809 2633 auctoritate
1830 2598 1939 2633 fultas

315 2668 335 2689 a
349 2656 599 2690 communione
614 2655 834 2699 disputatina
847 2655 942 2689 scole
958 2655 1136 2698 relegatas
1151 2653 1328 2697 siquidem
1341 2654 1386 2688 ad
1403 2652 1515 2687 nichil
1538 2652 1619 2686 illas
1634 2663 1709 2687 esse
1725 2651 1830 2687 utiles
1845 2651 1937 2686 iudi-

315 2710 413 2744 cauit
437 2709 504 2743 nisi
521 2710 566 2744 ad
590 2709 860 2744 subuersionem
876 2708 1113 2743 audientium.
1134 2708 1281 2743 Utinam
1309 2708 1360 2743 ita
1387 2707 1589 2742 consultum
1617 2707 1710 2741 foret
1735 2705 1791 2740 illi
1817 2708 1939 2741 sancte

314 2765 421 2800 matri
439 2765 598 2808 preclare
615 2765 779 2800 facultati
795 2763 977 2808 theologie
995 2762 1205 2805 Parisiensi,
1224 2762 1342 2798 dando
1366 2763 1474 2797 finem
1497 2760 1704 2796 huiusmodi
1726 2759 1936 2796 intermina-

356 2935 400 2976 (1)
418 2935 559 2978 Daarop
575 2938 628 2970 zet
643 2934 693 2976 hij
715 2935 804 2976 zijne
822 2933 1060 2978 godgcleerde
1075 2933 1245 2974 bewijzen
1261 2934 1374 2967 voort.

2081 3407 2097 3466 “—
