2097 3466
813 212 945 246 ANNO
973 214 1070 246 1450
1695 212 1757 244 :357

124 306 242 352 gaiete
257 307 301 342 de
316 306 482 341 recheoir
497 318 541 341 en
558 306 708 347 heresin.
728 306 822 341 deux
833 307 938 350 jours
951 309 1054 350 apres
1072 306 1126 340 sut
1143 304 1364 348 condempno
1380 316 1401 339 a
1417 307 1509 340 estro
1526 304 1620 346 ardS,
1631 306 1668 339 et
1684 304 1755 339 sust

125 373 188 396 son
205 372 309 405 corps
325 364 470 396 ramene
487 373 531 395 en
549 362 711 405 pouldre.

475 435 672 469 Memoires
689 434 734 468 (Ic
746 435 903 479 Jacqucs
923 433 972 467 (Iu
993 433 1129 478 Cle-req,
1147 432 1225 468 decl
1243 432 1306 473 111,
1328 432 1392 467 blz.
1413 435 1526 467 29-30.

879 580 1004 624 305.

190 711 326 761 1460,
347 708 596 753 omstreeks
613 709 740 760 Jmu‘,
764 709 986 752 Doornz'k.
1005 707 1269 751 Uittreksels
1286 708 1348 750 uit
1373 707 1424 749 de
1447 708 1762 764 verhandeling

126 779 175 823 of
199 781 228 823 ’t
250 791 450 821 sermoen
479 791 583 820 over
619 777 670 819 de
710 778 961 820 kettersehe
995 777 1267 821 Waldenzen
1298 776 1403 818 door
1434 778 1516 820 Jan
1548 778 1761 821 Tinctoris

124 848 412 906 (Taincture)‚
439 846 666 889 kanunnik
693 861 775 889 van
793 847 998 890 Doornik.
1026 872 1069 877 -
1095 847 1154 888 De
1177 846 1392 901 schrijver
1417 845 1549 888 weidt
1573 847 1636 889 uit
1660 860 1763 888 over

124 918 176 960 de
193 915 639 972 afschuwelijkheden
659 915 751 958 dier
769 915 954 968 ketters,
972 915 1380 971 hunnewulgelijke
1399 914 1759 971 onzedelijkheid‚

124 987 272 1030 hunne
297 985 556 1040 verachting
576 997 683 1027 voor
715 985 790 1027 het
814 985 1006 1041 doopsel,
1032 985 1123 1026 hun
1156 983 1419 1040 afgrijselijk
1452 983 1662 1026 misbruik
1687 983 1764 1025 der

124 1055 266 1098 hostie
284 1059 348 1098 tot
370 1055 444 1098 het
463 1054 619 1097 maken
640 1068 772 1097 eener
794 1054 1066 1106 duivelszalf‚
1087 1054 1178 1096 hun
1197 1052 1462 1095 verwekken
1486 1066 1570 1095 van
1597 1052 1763 1095 allerlei

125 1124 402 1181 ongelukken
427 1138 478 1167 en
498 1124 646 1166 hunue
671 1122 934 1178 aanbidding
957 1123 1030 1165 des
1054 1122 1236 1165 duivels.
1265 1122 1447 1163 Daarom
1471 1124 1619 1176 spoort
1637 1121 1695 1177 hij
1712 1120 1763 1162 de

124 1197 301 1236 vorsten
327 1207 379 1235 en
403 1193 454 1236 de
477 1191 749 1248 wereldliJ'ke
770 1191 972 1234 machten
991 1205 1073 1235 aan
1095 1206 1163 1234 om
1192 1191 1243 1233 de
1271 1190 1446 1245 ketterij
1474 1188 1764 1244 krachtdadig

123 1265 168 1305 te
190 1262 348 1318 helpen
370 1261 599 1305 uitroeien.
626 1260 852 1303 Nochtans
876 1261 1076 1303 wenscht
1099 1260 1150 1302 de
1174 1259 1390 1316 schrijver
1408 1258 1499 1301 niet
1520 1258 1615 1300 veel
1638 1256 1763 1299 bloed

124 1336 168 1375 te
191 1331 285 1374 zien
308 1332 557 1387 vergieten3
580 1330 643 1373 als
668 1328 924 1386 geestelijke
938 1344 1035 1387 mag
1046 1330 1104 1387 hij
1118 1330 1190 1373 dat
1213 1328 1324 1380 niet;
1354 1326 1759 1383 slechtsweinigen,

124 1400 176 1444 de
199 1400 356 1443 leiders
380 1400 456 1443 der
479 1403 611 1448 seete,
639 1400 704 1442 zal
730 1412 825 1441 men
852 1399 916 1441 als
933 1404 1128 1443 verrotte
1146 1399 1273 1442 leden
1293 1396 1521 1452 afsnijden.
1549 1396 1761 1438 Dienaan-

124 1469 294 1526 gaande
311 1467 490 1524 beroept
513 1468 573 1525 hij
595 1467 689 1510 zich
709 1480 762 1522 op
785 1467 837 1509 de
860 1467 1051 1524 heiligen
1078 1468 1368 1524 Hieronymus
1391 1479 1444 1508 en
1469 1465 1757 1520 Augustinus,

122 1538 183 1580 De
205 1537 341 1589 Kerk,
357 1550 568 1579 wanneer
589 1537 641 1594 zij
668 1536 851 1579 enkelen
871 1537 962 1580 laat
984 1536 1244 1585 verderven,
1272 1535 1373 1577 doet
1397 1535 1471 1577 het
1497 1535 1585 1576 met
1602 1537 1762 1576 smart-

123 1606 275 1662 gevoel
295 1619 348 1648 en
366 1608 507 1648 troost
523 1605 617 1647 zich
635 1605 776 1648 alleen
789 1609 876 1648 met
893 1605 946 1648 de
963 1605 1190 1661 gedachte,
1205 1605 1280 1647 dat
1297 1603 1509 1647 daardoor
1521 1601 1760 1645 duizenden

122 1675 301 1718 worden
324 1675 473 1730 gered,
499 1676 683 1717 Daarom
711 1677 879 1717 moe-ten
906 1675 991 1717 alle
1018 1675 1239 1718 christene
1265 1677 1446 1716 vorsten
1480 1672 1589 1714 haar
1618 1671 1760 1714 hierin

123 1744 303 1786 hunnen
337 1743 526 1801 bijstand
549 1745 784 1787 verleenen
807 1757 860 1785 en
884 1744 913 1787 't
932 1743 1164 1787 voorbeeld
1198 1758 1283 1786 van
1307 1743 1440 1785 Karel
1473 1741 1557 1784 den
1579 1741 1755 1790 Groote,

123 1814 206 1858 den
229 1814 562 1871 doorluchtigen
582 1813 870 1858 voorvechter
894 1813 969 1857 des
991 1813 1172 1870 geloofs,
1200 1814 1374 1870 volgen.
1401 1813 1461 1869 (1)

166 1940 292 1974 Sermo
317 1938 362 1973 de
383 1944 481 1974 secta
508 1939 762 1974 Vaudensz'um
785 1939 906 1983 factus
927 1950 996 1983 per
1019 1940 1213 1985 eyreffl’um
1239 1949 1344 1973 sacre
1371 1935 1551 1981 tlzeoloqz'e
1579 1935 1761 1970 doctorem

123 1996 347 2040 magistrum
362 1993 573 2029 Johannem
597 1995 793 2035 Tinctoris,
812 2005 912 2028 anno
933 1995 1029 2029 1460.

167 2071 316 2107 Thema.
333 2071 477 2106 Inuidia
499 2071 645 2116 dyaboli
677 2083 774 2106 mors
802 2072 957 2107 intrauit
984 2071 1022 2106 in
1053 2073 1177 2106 orbem
1206 2074 1405 2111 terrarem3
1425 2067 1616 2103 imitantur
1639 2070 1760 2102 autem

122 2127 239 2168 illum,
258 2127 320 2171 qui
337 2131 421 2162 sunt
436 2139 479 2162 ex
496 2131 598 2171 parte
614 2126 702 2162 eius.
726 2126 924 2170 Sapientia,
944 2128 982 2160 20
998 2126 1198 2171 [capitulo]

238 2181 550 2226 Impermeabilem
568 2193 657 2225 pene
683 2181 888 2216 litterarum
906 2185 1113 2216 sanctarum
1137 2181 1264 2215 silvam
1281 2178 1491 2214 sublimium
1508 2180 1615 2221 atque
1632 2176 1759 2212 diffici-

122 2237 213 2272 lium
230 2236 470 2280 questionum,
497 2236 535 2270 in
563 2236 693 2279 quibus
721 2237 819 2270 scola
842 2236 1048 2280 theologica
1079 2236 1177 2271 circa
1201 2236 1269 2270 hoe
1286 2238 1485 2273 exercetur,
1503 2235 1629 2267 exacta
1646 2243 1762 2275 prose-

123 2291 227 2326 cucio
252 2291 471 2335 postularet3
489 2291 549 2325 sed
568 2290 742 2334 presentis
766 2291 921 2326 instituti
945 2302 1017 2325 non
1034 2297 1086 2326 est
1110 2291 1153 2325 de
1177 2290 1384 2325 huiusmodi
1402 2289 1594 2323 subtilibus
1611 2287 1759 2329 theorijs

123 2346 285 2390 preclara
312 2356 480 2380 exercere
511 2345 681 2390 ingenia;
714 2346 760 2379 ad
787 2345 861 2380 alia
888 2345 1032 2380 festinat
1061 2346 1219 2380 intencio
1244 2346 1289 2379 ad
1318 2344 1593 2388 expurgandum
1621 2342 1758 2376 scilieet

122 2404 224 2436 vetus
248 2401 428 2444 quoddam
452 2401 669 2435 fermentum
693 2400 837 2435 malicie
864 2404 899 2435 et
928 2401 1103 2445 nequicie,
1131 2401 1385 2436 eradicandam
1414 2411 1556 2443 quoque
1585 2397 1757 2432 zizaniam

123 2467 231 2499 quam
249 2455 418 2489 inimicus
437 2456 497 2490 ille
511 2455 772 2490 dormientibus
789 2455 995 2490 hominibus
1017 2456 1222 2490 nouissimis
1235 2456 1304 2499 hijs
1320 2455 1445 2489 diebus
1458 2451 1760 2498 supersemiuauit

124 2511 161 2545 in
189 2511 307 2546 medio
338 2511 540 2555 euangelici
559 2510 670 2546 tritici
688 2512 732 2546 ab
749 2511 895 2546 homine
913 2512 1028 2547 Cristo
1045 2512 1210 2546 seminati
1229 2524 1235 2546 z
1261 2515 1393 2546 sectam
1411 2511 1491 2545 dico
1516 2510 1615 2543 illum
1635 2509 1757 2551 damp-

125 2566 348 2601 natissimam
365 2571 400 2601 et
416 2566 756 2610 perniciosissimam
774 2578 881 2611 quam
902 2567 1145 2601 Vaudensium
1164 2571 1303 2605 vocant,
1321 2579 1388 2610 que
1415 2577 1521 2603 nunc..
1543 2568 1759 2608 procurante

125 2620 269 2666 generis
285 2621 436 2656 humani
453 2621 704 2656 cruentissimo
722 2621 834 2662 hoste,
844 2621 935 2657 mire
948 2627 1134 2666 grassatur
1147 2622 1182 2656 iu
1197 2623 1283 2657 orbe
1297 2622 1506 2662 clu=istiano,
1520 2620 1571 2655 ita
1584 2623 1622 2654 ut
1635 2619 1707 2653 iam
1721 2618 1759 2653 in

172 2790 218 2832 (1)
236 2790 305 2825 Het
321 2791 467 2835 overige
494 2802 563 2825 van
588 2791 671 2825 deze
698 2791 961 2836 verhandeling
990 2792 1094 2827 bevat
1120 2804 1206 2826 eene
1231 2793 1518 2837 merkwaardige
1546 2792 1683 2838 poging
1708 2797 1761 2828 tot

127 2846 362 2889 natuurlijke,
396 2846 623 2891 wijsgeerige
660 2858 705 2881 en
740 2847 978 2891 godgeleerde
1018 2848 1223 2892 uitlegging
1255 2848 1320 2882 der
1349 2848 1757 2894 duivelkunstenarijen,

127 2901 263 2936 waarin
281 2901 492 2937 Aristoteles
510 2913 555 2937 eu
571 2901 729 2937 anderen
746 2902 892 2938 worden
908 2903 1145 2948 aangehaald.
