2097 3466
291 252 344 289 ’ὃὸ
954 248 1090 291 uiuo
1109 260 1147 288 c.
1173 249 1220 290 u
1231 248 1278 289 15

346 342 494 384 Mortuo
520 345 558 383 et
580 343 676 391 apud
698 343 833 385 inferos
855 344 990 391 absque
1016 343 1242 381 dubitatione
1264 344 1404 388 sepulto
1427 343 1626 389 impietatis
1647 344 1826 387 ministro,
1844 356 1931 390 quo-

303 399 403 436 niam
427 399 558 436 multos
581 410 705 438 errore
728 412 792 436 suo
817 410 880 445 per
902 400 1024 443 plures
1047 410 1160 436 annos
1183 399 1344 436 docendo
1370 399 1557 442 infecerat,
1576 400 1769 444 pessimum
1794 401 1930 437 diaboli

302 467 424 494 semen
440 455 536 496 quod
560 455 730 492 cordibus
745 455 976 500 deceptorum
1002 453 1227 490 tenacissime
1251 454 1419 496 inhaesit,
1437 466 1510 490 non
1525 455 1631 490 facile
1653 456 1772 500 potuit
1803 461 1931 490 exstir-

304 510 397 554 pari.
424 510 623 555 Propterea
653 510 804 546 consilio
836 513 872 545 et
902 521 1047 547 assensu
1075 509 1292 544 clericorum
1321 510 1641 553 Antuerpensium.
1666 511 1931 547 interveniente

302 565 474 609 pontifice
497 565 721 607 dioecesano,
740 565 891 601 ecclesia
915 576 988 600 una
1011 572 1135 600 sancto
1154 565 1309 599 donatur
1325 563 1595 610 archiepiscopo
1621 565 1801 600 Norberto
1825 577 1932 610 prae-

305 621 624 657 monstratensium
640 620 799 669 principi
826 620 865 655 in
893 619 1024 664 oppido
1052 623 1252 654 memorato
1275 631 1358 654 cum
1377 623 1484 654 certis·
1508 620 1710 655 redditibus
1731 621 1863 656 annuis
1886 621 1931 657 ad

306 676 589 711 construendum
606 675 743 710 ordinis
766 674 822 709 sui
846 673 1120 716 monasterium,
1135 678 1313 717 quatenus
1328 685 1430 709 error
1453 675 1676 710 inveteratus
1692 679 1770 720 ejus
1792 676 1932 720 praedi·

305 731 448 767 catione
475 733 518 766 de
546 730 715 766 cordibus
742 731 932 766 hominum
959 729 1189 764 seductorum
1218 729 1364 765 tandem
1392 734 1508 774 posset
1539 731 1749 774 exstirpari.
1779 731 1933 768 Sanctus

305 787 428 830 itaque
446 787 510 822 Dei
525 798 648 821 servus
661 787 760 821 venit
772 787 1024 830 A1.tuerpiam,
1042 785 1162 819 locum
1179 785 1380 828 acceptavit
1396 785 1464 819 sibi
1481 786 1654 827 oblatum,
1672 787 1932 822 monasterium

305 846 515 876 construere
546 841 677 885 coepit,
704 840 926 884 praedicavit
959 839 1122 874 veritatis
1145 840 1295 874 verbum
1325 839 1498 882 quotidie,
1523 840 1690 884 deceptos
1721 841 1766 876 ab
1795 852 1931 885 errore,

307 896 462 930 Domino
479 896 684 936 miserante,
703 895 898 930 revocavit.
918 894 997 935 Quo
1014 905 1138 929 sanam
1154 894 1386 938 praedicante
1401 895 1604 929 doctrinam
1619 896 1688 930 viri
1705 907 1748 930 ac
1763 897 1934 933 mulieres

307 949 530 994 compuncti,
556 950 739 985 Dominici
771 949 934 993 corporis
965 952 1244 990 sacramentum,
1271 950 1365 992 quod
1402 950 1441 984 in
1469 949 1608 984 cistulis
1630 953 1666 985 et
1695 950 1934 986 foraminibus

307 1008 486 1052 parietum
517 1007 752 1050 scissurisque
776 1017 964 1041 murorum
989 1016 1052 1049 per
1075 1005 1290 1040 decennium
1315 1017 1358 1040 ex
1384 1005 1640 1041 incredulitate
1667 1010 1703 1041 et
1725 1010 1935 1052 contemptu

307 1062 584 1103 absconderant,
617 1062 661 1096 ad
693 1062 814 1097 virum
846 1061 911 1096 Dei
949 1061 1145 1096 referentes
1179 1072 1263 1095 cum
1301 1060 1462 1095 lacrimis
1491 1061 1736 1104 poenitentiae
1772 1062 1934 1099 remedia

307 1119 496 1156 humiliter
511 1119 743 1165 subjecerunt
758 1121 793 1152 et
810 1117 854 1151 ad
867 1116 976 1151 fidem
993 1120 1156 1152 sanctam
1171 1117 1306 1152 reversi
1322 1120 1418 1152 sunt.

655 1196 842 1234 Johannes
861 1194 1096 1237 Trithemius,
1121 1194 1288 1230 Annales
1311 1195 1612 1240 Hirsauyoenses,
1630 1195 1709 1232 deel
1733 1195 1762 1240 1,
1778 1196 1847 1232 blz.
1872 1199 1936 1234 387

699 1263 745 1292 en
761 1253 841 1287 388.

1062 1344 1151 1388 20.

374 1476 512 1526 1110,
543 1473 668 1518 1113
689 1485 745 1522 en
771 1473 911 1517 1115.
948 1471 1212 1515 Uittreksels
1235 1472 1300 1515 uit
1322 1471 1537 1529 Meyerus’
1555 1470 1752 1517 Annales
1781 1469 1938 1529 (1561)

313 1559 418 1594 over
450 1543 703 1593 Tanehelm,
729 1542 805 1585 het
843 1540 975 1597 begin
1010 1541 1149 1598 zijner
1185 1540 1380 1598 ketterij,
1417 1542 1529 1599 zijne
1567 1541 1837 1598 verbanning
1873 1540 1938 1585 uit

313 1617 487 1671 Brugge
509 1611 665 1671 (1113)
689 1625 744 1654 en
765 1611 911 1668 zijnen
934 1610 1043 1654 dood
1065 1613 1180 1654 twee
1195 1610 1324 1667 jaren
1347 1611 1475 1655 later.

355 1721 492 1771 [Anno]
509 1720 630 1761 MCX.
643 1742 653 1752 .
667 1743 698 1754 ..
721 1718 938 1756 Tanchelini
961 1718 1121 1756 haeresis
1144 1719 1255 1763 coepit
1277 1719 1469 1763 pullulare,
1482 1729 1576 1762 quae
1597 1717 1749 1757 docebat
1771 1726 1938 1756 enomere

313 1777 598 1816 sacratissimum
616 1786 747 1820 corpus
762 1773 911 1810 Domini
928 1773 967 1809 in
982 1774 1041 1810 die
1056 1774 1218 1811 Paschae
1233 1778 1449 1818 susceptum.
1741 1794 1744 1796 -

357 1832 493 1879 [Anno]
511 1831 687 1871 MCXIII.
702 1854 709 1863 ·
723 1854 730 1863 .
744 1854 753 1863 .
779 1830 1026 1866 Tanchelinus
1048 1830 1254 1866 haereticus
1278 1831 1407 1866 habitu
1429 1830 1627 1867 monastico
1651 1829 1741 1867 falso
1763 1827 1937 1874 gloriam,

314 1889 506 1928 damnatus
521 1886 750 1924 anathemate
768 1885 812 1920 ab
831 1885 1032 1921 sacerdotio
1048 1886 1250 1929 populoque
1268 1886 1445 1930 Brugensi
1461 1886 1551 1920 urbe
1563 1885 1721 1920 eiicitur.

358 1941 494 1989 [Anno]
514 1941 668 1981 MCXV.
681 1964 690 1974 .
702 1963 712 1974 .
725 1966 733 1974 .
757 1939 896 1975 Eodem
913 1951 1009 1975 anno
1026 1940 1273 1977 Tanchelinus
1288 1940 1492 1976 haereticus
1506 1939 1697 1976 occiditur.

662 2017 845 2063 Meyerus,
861 2017 1026 2053 Annales
1042 2017 1261 2060 Flandriae,
1281 2018 1341 2053 fol.
1362 2019 1404 2052 36
1421 2029 1465 2053 en
1481 2019 1534 2052 37.

1083 2156 1161 2201 21.

382 2283 522 2334 1115,
541 2283 764 2329 Brabant.
780 2285 982 2329 Molanus
999 2282 1171 2340 schrijft
1192 2285 1236 2326 in
1257 2283 1386 2333 1592,
1403 2282 1477 2326 dat
1497 2281 1556 2338 hij
1579 2281 1622 2324 in
1643 2280 1674 2324 't
1691 2278 1944 2324 Leuvensch

321 2352 493 2396 archief
510 2352 720 2411 bewijzen
742 2355 866 2400 vindt
888 2369 974 2398 van
992 2353 1261 2398 Tanchelm’s
1283 2351 1538 2408 uitdrijVing
1559 2349 1663 2393 door
1683 2348 1767 2392 den
1787 2348 1946 2405 hertog

320 2422 524 2471 Godfried
547 2430 635 2471 met
659 2424 743 2471 den
765 2424 906 2468 Baard
929 2424 994 2467 uit
1017 2423 1068 2466 de
1091 2420 1386 2466 Brabantsche
1409 2421 1649 2476 gewesten.

363 2525 427 2559 Est
451 2525 560 2560 etiam
584 2526 624 2560 in
652 2526 812 2561 archivis
840 2526 999 2562 eiusdem
1024 2524 1125 2560 urbis
1141 2523 1321 2566 (Lovanii)
1344 2533 1426 2557 eum
1442 2519 1691 2566 (Godefridum
1714 2529 1798 2554 cum
1819 2518 1946 2560 barba,

321 2581 449 2615 ducem
491 2581 778 2627 Lotharingiae),
817 2593 911 2617 anno
943 2591 1091 2616 010.cxv
1125 2580 1303 2624 expulisse
1342 2579 1415 2613 suis
1449 2576 1647 2611 ditionibus
1683 2573 1947 2610 Tanchelinum

320 2635 556 2676 haereticum.
574 2637 637 2684 qui
655 2637 769 2672 multo
787 2641 949 2681 tempore
972 2639 1193 2680 regnaverat
1216 2633 1310 2678 apud
1327 2632 1574 2676 Antwerpiam
1591 2634 1626 2665 et
1642 2629 1856 2665 Lovanium.

671 2715 850 2754 Molanus.
867 2715 1010 2752 Militia
1034 2725 1144 2750 sacra
1167 2712 1302 2747 ducum
1326 2716 1359 2746 et
1377 2711 1594 2756 principum
1615 2707 1853 2748 Brabantz'ae,
1871 2705 1944 2741 blz·

715 2774 773 2806 94.
794 2771 868 2815 (Zie
891 2770 962 2806 ook
985 2781 1056 2807 van
1080 2768 1288 2805 denzelfden
1317 2767 1504 2811 schrijver‚
1529 2765 1720 2800 Historiae
1748 2763 1951 2798 Lovanz‘en·

714 2828 814 2861 sium
841 2826 932 2861 libra·
955 2825 1061 2867 XIV,
1092 2823 1171 2859 deel
1196 2823 1223 2866 I,
1248 2823 1314 2858 blz.
1340 2825 1416 2864 414,
1441 2831 1540 2856 waar
1564 2817 1771 2855 uittreksels
1796 2817 1852 2853 uit
1881 2816 1951 2852 den

715 2881 904 2926 vervolger
920 2892 991 2916 van
1007 2880 1227 2925 Sigebertus,
1257 2879 1300 2914 de
1338 2878 1421 2912 Vita
1451 2875 1627 2912 Norberti
1654 2885 1700 2909 en
1727 2872 1952 2909 Trithemius

714 2935 969 2985 medegedeeld
985 2933 1169 2978 worden.)
