2097 3466
321 247 383 279 152
993 241 1125 276 ANNO
1152 243 1251 276 1307

320 341 451 377 cautes,
467 335 638 371 victualia
661 336 826 370 manibus
847 345 1019 378 quaerero
1040 336 1147 378 prout
1169 334 1428 369 consueverant
1451 344 1523 369 non
1539 333 1711 376 curando,
1730 334 1769 368 in
1792 333 1936 379 religio-

320 405 440 427 sorum
465 391 537 435 (qui
563 391 599 425 in
623 394 765 425 sanctae
790 389 975 434 religionis
998 389 1124 423 habitu
1152 400 1215 433 per
1239 391 1501 423 sacrosanctam
1525 389 1726 424 Romanam
1751 389 1938 427 ecclesiam

320 448 536 491 approbatae
555 445 705 479 Domino
723 446 953 482 famulantur,
974 455 1036 487 per
1053 454 1204 487 quorum
1228 442 1386 477 studium
1403 443 1508 478 vinca
1527 442 1671 477 Domini
1696 443 1793 478 culta
1817 445 1937 479 centu-

320 503 469 546 plicatos
494 500 619 534 crescit
644 501 681 534 in
705 501 853 541 fructus)
870 498 1073 537 discrimen,
1093 498 1318 533 Christianae
1345 497 1532 541 religionis
1555 500 1591 532 et
1613 498 1831 532 orthodoxae
1855 497 1938 533 fidei

320 556 596 596 detrimentum3
628 567 744 589 nonne
772 555 831 598 qui
861 557 986 588 contra
1012 555 1217 587 sanctorum
1241 555 1384 596 patrum
1412 552 1529 588 edicta
1555 555 1590 587 et
1616 552 1707 587 sedis
1724 552 1940 596 apostolicae

321 610 520 644 sam-tiones
543 611 742 644 moliuntur
769 610 898 646 taliter.
925 609 967 643 de
995 607 1133 642 haeresi
1157 610 1336 651 suspectos
1360 607 1492 642 notorii
1520 607 1665 642 sceleris
1689 619 1814 642 corum
1838 619 1938 652 prae-

320 674 524 708 sumptuosa
543 665 723 699 temeritas
741 668 836 698 uorat
852 664 862 697 2
881 663 949 704 Qui
974 674 1072 697 more
1096 663 1207 697 hostis
1230 662 1370 705 antiqui
1394 674 1431 697 50
1453 662 1492 696 111
1516 661 1607 696 111015
1631 662 1801 706 angelum
1825 664 1939 696 trans-

322 720 509 754 formantis
533 721 726 754 multorum
755 719 892 753 animas
918 717 1102 761 decipiunt
1127 720 1162 752 et
1194 718 1368 752 seducunt.
1395 729 1476 751 cum
1505 717 1732 760 eleemosyna
1748 716 1880 751 talibus
1902 715 1941 751 in

323 776 497 810 charitate
528 786 598 809 11011
629 773 873 811 existentibus,
903 785 991 816 quos
1022 784 1199 806 canonum
1231 783 1382 806 censura
1413 770 1794 806 excommunicationis
1826 781 1942 815 poena

321 831 398 874 ipso
415 831 508 864 sacto
524 829 697 872 percellit.
717 829 809 862 saeta
825 827 869 862 sit
886 839 999 861 vacua
1015 829 1050 861 et
1066 838 1168 860 vana.
1189 827 1234 861 Et
1259 837 1330 860 non
1355 826 1517 861 obstante
1534 825 1630 869 quod
1652 825 1802 860 verbum
1819 823 1940 860 Domi-

323 885 444 920 nicum
461 885 506 918 ad
523 884 678 928 primum
695 882 875 917 hominem
891 885 944 917 est.
965 881 1200 916 translatum:
1220 881 1265 915 In
1288 880 1422 914 sudore
1446 880 1568 914 vulcus
1594 881 1648 913 tui
1670 881 1823 914 vesceris
1840 890 1942 924 pane

322 944 394 982 tuo,
415 939 508 983 quod
524 939 569 972 ad
586 939 694 972 fortes
709 940 742 972 et
765 937 819 970 sui
842 939 1020 980 compotes
1036 935 1221 970 moraliter
1243 935 1462 979 intelligitur
1478 946 1552 970 esse
1567 934 1717 976 dictum,
1736 936 1772 970 et
1793 934 1882 969 tales
1904 932 1944 968 in

322 994 400 1029 ocio
417 994 551 1028 victum
569 991 810 1026 mendicantes
832 991 1072 1034 eleemosynas
1087 990 1245 1033 rapiunt,
1261 1001 1353 1032 quae
1377 989 1532 1023 infirmis
1557 991 1592 1023 ct
1608 989 1785 1023 dobilibus
1801 989 1944 1023 fuerant

323 1049 540 1093 pauperibus
562 1047 830 1081 ministrandae.
854 1046 967 1080 Immo
990 1046 1163 1089 scriptum
1187 1047 1260 1079 est:
1287 1045 1399 1078 Sudet
1424 1045 1655 1088 eleemosyna
1679 1046 1719 1078 in
1735 1055 1849 1078 manu
1866 1049 1941 1085 tua,

324 1105 435 1138 donec
451 1105 614 1147 reperias
619 1103 767 1144 justum
785 1103 844 1134 cui
867 1101 929 1133 des
947 1111 1051 1142 eamg
1077 1100 1137 1134 sed
1154 1100 1247 1133 forte
1272 1099 1360 1133 tales
1383 1102 1547 1134 asserunt
1570 1110 1608 1133 se
1629 1110 1703 1133 esse
1721 1099 1848 1142 justos.
1875 1097 1946 1133 Sed

321 1158 559 1201 respondeant.
582 1158 684 1199 cujus
710 1154 914 1189 testimonio
943 1157 978 1189 et
1003 1153 1143 1198 judicio
1174 1165 1300 1188 eorum
1329 1156 1381 1188 est
1400 1153 1548 1198 justicia
1577 1152 1832 1197 comprobata?
1863 1154 1946 1188 Non

322 1212 492 1248 ecclesiae
515 1212 553 1246 in
571 1212 712 1246 Christo
738 1211 802 1246 Dei
819 1211 1062 1254 apostolorum
1087 1213 1122 1244 ct
1145 1213 1353 1244 sanctorum
1378 1211 1554 1254 sanguine
1570 1209 1765 1250 dedicatae,
1783 1208 1823 1243 in
1843 1210 1946 1254 cujus

323 1268 530 1303 scandalum
556 1267 853 1310 infirmorumque
876 1268 912 1300 et
938 1264 1111 1299 debilium
1136 1275 1336 1308 pauperum
1360 1264 1615 1299 detrimentum
1639 1265 1703 1299 sub
1726 1263 1946 1308 paupertatis

322 1324 451 1358 umbra
482 1333 613 1356 novum
640 1321 783 1356 vivendi
820 1321 931 1355 ritum
963 1323 997 1355 et
1031 1319 1195 1354 habitum
1229 1319 1457 1360 invenerunt,
1491 1319 1530 1354 in
1558 1330 1664 1363 quam
1691 1318 1881 1363 judicandi
1911 1321 1946 1354 et

323 1376 549 1412 discernendi
575 1376 671 1411 inter
688 1378 826 1418 justum
854 1378 889 1410 et
916 1374 1068 1418 impium
1092 1374 1293 1409 authoritas
1320 1374 1359 1408 in
1382 1373 1482 1409 Petri
1511 1385 1662 1418 persona
1684 1377 1737 1409 est
1759 1373 1944 1416 translata,

326 1432 385 1467 cui
416 1431 568 1466 dicitur:
606 1430 850 1475 Quodcunque
878 1430 1055 1473 Ziyaveris
1085 1434 1115 1462 et
1139 1429 1294 1462 solveris
1316 1439 1428 1473 super
1456 1434 1604 1470 terram,
1632 1432 1701 1464 erit
1729 1430 1889 1464 solutum
1916 1432 1948 1464 et

328 1487 483 1531 ligatum
501 1488 542 1519 in
558 1486 678 1527 coelis,
694 1485 794 1529 quasi
811 1485 949 1519 dicens:
970 1484 1083 1525 Quem
1095 1483 1363 1528 justificaveris,
1381 1485 1630 1527 approbamus,
1649 1487 1683 1520 et
1700 1495 1949 1529 quemcunque

325 1541 563 1582 damnaveris,
582 1540 733 1584 impium
757 1540 1001 1584 reprobamus.
1024 1539 1143 1573 Cesset
1160 1550 1246 1583 ergo
1271 1539 1402 1573 horum
1418 1549 1511 1573 vana
1534 1538 1664 1584 religio
1680 1542 1715 1576 et
1738 1539 1845 1575 celeri
1869 1550 1949 1575 con·

325 1598 488 1632 versione
499 1596 639 1641 judicio
655 1595 826 1631 ecclesiae
842 1606 878 1629 se
895 1593 1120 1628 submittant.

370 1653 462 1687 Vere
478 1651 513 1686 hi
530 1662 707 1685 canonum
724 1652 986 1693 contemptores
1005 1649 1043 1683 in
1062 1648 1238 1692 Spiritum
1253 1648 1437 1690 Sanctum,
1452 1660 1474 1683 a
1490 1661 1560 1693 quo
1576 1649 1727 1684 formam
1744 1648 1949 1685 Christiana

323 1707 453 1751 religio
466 1709 501 1741 et
513 1705 655 1740 vivendi
672 1704 822 1749 sumpsit
837 1703 1037 1744 exordium,
1053 1703 1215 1748 graviter
1229 1702 1437 1746 delinquere
1451 1704 1741 1747 comprobantur,
1757 1715 1840 1738 cum
1851 1703 1947 1739 vide-

325 1763 410 1798 licet
423 1761 577 1805 Spiritus
588 1759 709 1794 Sancti
724 1759 895 1794 instinctu
909 1770 973 1802 per
986 1769 1049 1793 ora
1058 1761 1266 1793 sanctorum
1280 1758 1487 1802 praesulum
1497 1758 1589 1793 sacri
1603 1759 1674 1793 sint
1687 1769 1840 1794 canones
1851 1758 1949 1794 insti·
1966 1795 1967 1798 ,

324 1816 405 1852 tuti.
423 1815 468 1850 Hi
486 1818 568 1850 sunt
583 1813 791 1858 hypocritae
808 1813 936 1853 tristeS,
953 1825 974 1847 a
991 1812 1121 1856 quibus
1137 1812 1176 1847 in
1192 1813 1381 1857 evangelio
1405 1813 1539 1848 dicitur
1562 1825 1636 1848 esse
1659 1813 1868 1855 cavendum,
1887 1811 1949 1857 qui

326 1871 435 1905 facies
447 1882 528 1904 suas
538 1869 777 1904 exterminant
790 1871 829 1903 ut
841 1870 1037 1912 appareant
1046 1867 1478 1912 hominibusjejunantes.
1490 1867 1536 1902 Hi
1550 1871 1632 1903 sunt
1644 1868 1758 1903 fontes
1770 1867 1846 1902 sine
1855 1878 1949 1911 aqua

325 1932 360 1961 et
377 1926 528 1960 nebulae
549 1924 754 1959 turbinibus
777 1923 946 1968 agitatae,
966 1923 1095 1967 quibus
1111 1923 1240 1956 umbra
1255 1922 1382 1957 mortis
1402 1925 1435 1957 et
1461 1923 1579 1968 caligo
1602 1924 1831 1958 tenebrarum
1842 1924 1949 1968 juxta

325 1982 473 2015 verbum
490 1979 651 2014 veritatis
668 1980 847 2023 prolatum
863 1977 1078 2022 apostolicae
1094 1977 1192 2012 vocis
1216 1978 1362 2012 oraculo
1386 1981 1603 2013 reservatur.
1620 1978 1781 2019 Quorum
1797 1977 1910 2021 aliqui
1926 1988 1948 2012 a

324 2035 486 2070 veritatis
509 2038 544 2069 et
568 2034 651 2068 fidei
667 2034 886 2068 orthodoxae
907 2031 1079 2076 comperti
1103 2034 1186 2066 sunt
1209 2031 1356 2066 tramite
1379 2031 1524 2066 deviare
1548 2035 1583 2067 et
1598 2043 1736 2066 errores
1758 2033 1793 2066 et
1812 2030 1947 2066 zizania

325 2090 513 2125 seminare.
531 2089 626 2129 Quos
639 2092 677 2123 ut
695 2087 901 2122 omittamus
913 2086 1121 2121 eorumdem
1133 2097 1274 2121 errores
1287 2085 1426 2129 aliquos
1442 2086 1566 2130 scripti
1582 2085 1776 2130 praesentis
1792 2085 1948 2121 testimo-

326 2146 387 2181 nio
403 2145 448 2179 ad
464 2145 668 2179 futurorum
685 2142 895 2178 memoriam
918 2142 1155 2186 publicamus
1173 2141 1398 2176 Mendaciter
1413 2141 1509 2176 enim
1532 2144 1568 2176 et
1590 2142 1679 2176 falso
1702 2141 1848 2176 dicunt:
1878 2142 1949 2180 Qui

327 2212 402 2234 non
417 2201 583 2245 sequitur
598 2209 666 2239 me,
685 2209 757 2231 non
769 2202 886 2242 potest
901 2197 1055 2239 salvari,
1071 2199 1160 2241 quia
1175 2207 1250 2230 non
1266 2196 1362 2230 soleo
1382 2207 1541 2240 peccare.
1562 2196 1600 2230 Si
1616 2208 1660 2231 ex
1675 2196 1744 2231 hoc
1759 2194 1950 2232 Divinitati

327 2255 460 2289 similes
470 2267 506 2289 se
516 2253 719 2288 mentiendo
729 2264 828 2287 more
840 2252 1004 2293 Satanae,
1017 2251 1078 2295 qui
1090 2251 1258 2294 superbia
1270 2250 1416 2294 propria
1429 2250 1566 2286 corruit
1575 2251 1618 2286 de
1629 2251 1727 2285 coelo
1738 2252 1947 2294 prostratus,

329 2322 410 2344 cum
434 2309 552 2353 potius
575 2308 663 2342 tales
679 2308 744 2341 sub
768 2309 996 2350 peccatorum
1013 2306 1093 2340 labe
1109 2308 1343 2346 marcescant,
1364 2304 1425 2348 qui
1449 2307 1618 2346 montem,
1636 2304 1674 2339 id
1697 2306 1749 2339 est
1766 2303 1949 2339 Christum

328 2363 546 2398 ineffabilem
573 2361 785 2406 sapientiam
812 2364 971 2405 tangere,
990 2360 1028 2394 id
1054 2362 1106 2394 est
1132 2359 1314 2394 erroribus
1338 2359 1509 2400 lacerare,
1528 2370 1550 2392 a
1577 2370 1646 2402 quo
1677 2357 1946 2402 lapidabuntur,

327 2419 363 2453 id
381 2422 432 2453 est
447 2418 507 2452 1110
523 2420 558 2452 et
570 2417 608 2451 in
624 2417 745 2453 futuro
762 2415 858 2460 ignis
870 2414 1036 2450 incendio
1053 2415 1321 2454 cremabuntur,
1341 2416 1377 2448 et
1389 2413 1534 2448 irritare
1549 2412 1728 2456 intrepide
1743 2423 1948 2457 praesump-

326 2476 460 2509 serunt.
480 2473 593 2517 Ajunt
609 2470 736 2506 etiam:
754 2471 844 2504 Nisi
859 2470 996 2504 mulier
1008 2471 1263 2513 virginitatem
1277 2471 1316 2501 in
1332 2470 1569 2502 matrimonio
1584 2467 1816 2512 deperdatam
1828 2467 1950 2502 doleat

329 2533 360 2562 et
386 2527 542 2562 dolendo
568 2526 740 2571 deploret,
758 2525 901 2559 salvari
926 2535 1001 2559 non
1021 2528 1150 2568 potest,
1169 2523 1271 2566 quasi
1295 2522 1565 2558 matrimonium
1589 2522 1635 2557 sit
1651 2523 1848 2565 peccatum,
1867 2533 1950 2557 cum

325 2585 446 2617 tamen
462 2582 580 2626 ipsum
596 2583 678 2615 ante
695 2582 881 2624 peccatum
897 2579 936 2613 in
952 2579 1030 2613 loco
1046 2580 1168 2612 sancto
1185 2588 1206 2611 a
1218 2579 1424 2612 sanctorum
1441 2575 1664 2611 sanctissimo
1680 2575 1790 2611 fuerit
1805 2575 1949 2611 institu-

328 2640 423 2680 tum3
442 2647 532 2680 quae
550 2634 741 2680 virginitas
756 2633 795 2668 in
818 2635 952 2668 foetum
980 2632 1111 2668 sobolis
1138 2634 1400 2675 compensatur,
1418 2642 1482 2675 per
1509 2641 1617 2674 quam
1642 2631 1803 2665 humana
1818 2632 1950 2666 natura

327 2691 521 2727 stabilitate
536 2691 718 2735 perdurat,
745 2700 852 2733 quam
869 2699 1048 2723 assumere
1064 2687 1139 2732 ipse
1162 2687 1346 2732 dignando
1369 2686 1598 2730 paulominus
1620 2686 1665 2720 ab
1683 2684 1822 2730 angelis
1833 2685 1948 2720 mino-

326 2751 426 2781 ratus
456 2745 631 2780 creaturis
657 2743 806 2779 caeteris
830 2743 1063 2787 praedotavit.
1097 2743 1186 2777 Item
1214 2753 1275 2776 ore
1308 2741 1494 2786 prophano
1521 2741 1648 2785 lingua
1680 2751 1787 2784 super
1813 2741 1949 2775 terram

327 2803 493 2835 currente
509 2800 758 2844 blasphemant
776 2800 890 2832 Deum
906 2798 987 2842 fore
1003 2801 1043 2831 m
1060 2797 1226 2842 quadam
1239 2797 1461 2841 perditione,
1481 2795 1543 2839 qui
1559 2797 1632 2830 tam
1648 2794 1706 2839 pie
1722 2806 1829 2839 quam
1844 2794 1948 2830 mise-

325 2856 528 2896 ricorditer,
557 2858 598 2890 ut
623 2867 686 2890 nos
712 2853 915 2894 redemerit,
940 2853 1056 2887 voluit
1085 2851 1282 2893 incarnari,
1313 2862 1397 2885 cum
1428 2850 1558 2885 Divina
1585 2852 1717 2885 natura
1746 2850 1883 2894 peccati
1913 2852 1950 2886 et

329 2910 568 2955 corruptionis
585 2910 704 2946 nescia
728 2920 830 2954 passa
845 2907 1120 2944 diminutionem
1136 2918 1198 2943 seu
1214 2906 1464 2942 alterationem
1487 2917 1560 2942 non
1582 2905 1705 2948 fuerit,
1732 2906 1794 2951 sed
1807 2905 1949 2943 illibata
