2097 3466
783 272 916 307 ANNO
943 273 1043 307 1277
1688 275 1747 307 141

119 362 164 398 (10
191 362 411 405 Brabantia),
445 364 658 399 canonicum
688 363 724 398 S.
751 364 900 399 Martini
931 364 1147 405 Leodiensis,
1173 368 1209 399 et.
1237 364 1450 408 magistrum
1481 366 1679 400 Berneruni
1703 367 1746 400 ‹le

120 417 268 460 Nivilla,
297 419 512 454 canonicum
543 420 715 464 ejusdem,
744 420 788 454 (10
816 420 968 455 erimine
1001 420 1158 455 haeresis
1190 420 1426 464 probabiliter
1455 425 1491 456 et
1522 420 1750 456 veliementer

118 476 299 516 suspectos
321 476 357 507 et.
380 473 440 517 qui
465 473 502 508 in
527 486 640 517 regno
663 474 839 509 Franciao
861 476 1034 510 dicuntur
1058 475 1093 509 in
1119 475 1181 509 tali
1207 475 1359 509 0111111110
1384 476 1612 515 ‹wnninisiss-e.
1632 477 1749 510 vin-ti<

119 528 356 572 peremptorie
384 529 630 572 praesentibus
662 530 809 564 testibus
843 531 910 564 fido
937 531 1074 574 dignis,
1109 535 1147 565 ut
1174 530 1231 564 «liu
1258 531 1444 564 Dominiva
1478 536 1553 574 post
1583 536 1745 566 octavam

121 583 343 627 Epiphaniae
359 585 454 627 apud
477 584 513 618 S.
533 584 747 625 Quintinuni
773 585 808 619 in
828 586 1068 620 Vei-oniandia
1086 587 1334 620 Novionwnsis
1350 586 1500 620 dim-esis
1518 593 1745 631 compareant

118 637 356 683 personaliter
378 650 500 673 eoram
526 640 626 674 nobis
650 641 854 684 responsuri
881 642 924 676 (10
942 642 1011 676 ride
1032 645 1067 676 et
1091 641 1222 675 (11011111
1249 645 1320 676 tani
1344 642 1388 676 de
1411 655 1447 675 so
1471 654 1578 686 quani
1601 644 1644 677 de
1668 643 1749 677 aliis

118 692 210 728 vivis
232 696 268 728 et
291 694 444 728 mortuis
465 706 574 738 super
597 696 750 730 crimino
777 696 936 732 haeresis
961 700 997 732 et,
1023 708 1132 740 super
1153 696 1446 740 contingentibus
1471 698 1586 741 ipsun)
1612 698 1748 733 crimen

118 758 246 792 puram
263 752 298 783 et
314 748 514 792 plenariam
531 751 733 786 veritatem.

161 802 202 842 In
218 803 363 848 signum
380 815 466 839 vero
481 805 615 849 recepti
640 809 676 841 ot
699 806 840 842 executi
866 808 1026 843 mandati
1054 807 1300 851 praesentibus
1322 807 1444 852 sigilla
1468 811 1586 843 vestra
1609 809 1749 844 saciati>-

117 857 262 901 apponi.

162 911 293 951 Datum
310 925 406 949 anno
422 914 566 951 Domini
584 915 871 960 MCCLXXVII,
890 918 949 952 dio
965 918 1072 952 lunae.
1089 917 1125 952 in
1144 918 1232 952 festo
1250 918 1282 952 b.
1303 918 1506 953 Clementis.

463 988 627 1024 Marteno
649 1001 694 1024 011
720 991 881 1031 Durand,
914 991 1122 1026 Thesaurus
1146 991 1420 1032 anecdotorum,
1439 993 1473 1026 d.
1494 992 1536 1033 V,
1556 993 1628 1027 kol.
1651 995 1745 1027 1812.

508 1063 552 1069 —
575 1044 637 1079 Dit
659 1045 743 1080 stuk
771 1046 872 1081 komt
898 1058 986 1081 voor
1013 1047 1050 1081 in
1078 1058 1143 1082 een
1171 1047 1471 1082 middeleeuwsch
1501 1047 1748 1091 inquisiteurs-

509 1097 751 1145 handboekje,
781 1101 930 1145 getiteld
959 1103 1136 1136 Doctrina
1164 1102 1209 1136 de
1238 1102 1346 1137 modo
1372 1103 1597 1146 procedendi
1623 1108 1750 1136 contra

508 1152 721 1196 haereticos,
739 1155 800 1190 dat
817 1156 906 1191 door
921 1157 965 1191 de
982 1160 1072 1191 tweo
1087 1157 1253 1201 geleerde
1270 1158 1546 1201 benedictijners
1568 1157 1605 1191 in
1628 1157 1752 1191 hunno

510 1209 753 1254 verzameling
765 1221 835 1244 van
852 1210 1118 1255 onuitgegoven
1135 1211 1337 1254 kerkelijke
1353 1212 1624 1247 handschriften
1644 1223 1750 1256 opge-

511 1274 642 1298 nomen
657 1265 768 1306 werd,
783 1265 856 1299 kol.
879 1267 1075 1300 1795-1822.
1095 1266 1156 1301 Dit
1178 1266 1407 1311 handboekje
1423 1267 1527 1302 bevat
1542 1278 1629 1302 eene
1647 1267 1751 1302 reeks

512 1319 748 1355 formulieren
764 1332 809 1355 en
825 1321 1063 1356 voorbeelden
1080 1333 1150 1355 van
1166 1322 1323 1357 stukken
1339 1323 1429 1357 door
1449 1322 1575 1357 zekere
1600 1322 1749 1366 inquisi-

511 1378 610 1410 teurs
641 1376 832 1419 werkeliJk
859 1376 1150 1421 uitgevaardigd,
1180 1377 1238 1412 die
1268 1389 1357 1413 voor
1387 1378 1457 1413 alle
1487 1378 1753 1413 voorkomende

508 1432 674 1476 gevallen
705 1432 770 1467 der
800 1431 991 1476 Inquisitie
1021 1432 1228 1467 dienstbaar
1257 1433 1407 1468 kunnen
1437 1435 1524 1477 zijn.
1565 1434 1638 1468 Ons
1667 1432 1751 1468 stuk

509 1486 625 1522 wordt
641 1498 849 1531 opgegeven
866 1487 920 1522 als
935 1488 1127 1523 voorbeeld
1143 1500 1250 1523 eener
1262 1489 1513 1533 dagvaarding
1525 1501 1594 1524 van
1612 1489 1751 1524 buiten-

509 1541 612 1576 lands
641 1542 833 1586 gevluchte
863 1542 1019 1577 ketters:
1054 1543 1193 1577 Forma
1224 1543 1367 1577 citandi
1398 1555 1468 1584 eos,
1502 1546 1566 1588 qui
1593 1555 1748 1586 refluum

511 1599 681 1631 exierunt
698 1603 730 1631 et
746 1600 787 1631 in
803 1608 917 1641 reyno
933 1599 1206 1632 commiserunt.
1221 1618 1264 1623 —
1282 1599 1332 1633 De
1350 1599 1611 1643 predikheeren
1629 1599 1756 1640 Quotif

509 1663 554 1687 en
572 1652 715 1687 Eehard
731 1653 944 1698 (Scriptores
962 1653 1108 1687 ordinis
1121 1654 1435 1698 praedicatorum,
1451 1656 1529 1690 deel
1545 1655 1572 1696 I,
1593 1656 1659 1690 blz.
1674 1658 1752 1697 395)

507 1707 662 1750 spreken
677 1719 748 1741 van
766 1707 891 1742 Simon
908 1708 963 1742 Du
982 1708 1062 1749 val,
1080 1720 1150 1743 van
1169 1708 1318 1752 Sigerus
1335 1721 1404 1744 van
1430 1710 1591 1745 Brabant
1614 1722 1659 1745 en
1681 1722 1751 1744 van

509 1762 551 1803 zij
557 1773 625 1796 nen
636 1762 800 1804 makker,
811 1762 935 1797 alsook
948 1773 1017 1796 van
1028 1763 1089 1798 het
1098 1763 1336 1805 handsehrift,
1347 1765 1483 1799 waarin
1495 1765 1547 1800 dit
1557 1765 1640 1800 stuk
1648 1777 1751 1800 1001-

510 1815 632 1850 komt:
654 1830 669 1843 u
695 1816 737 1850 In
761 1816 884 1851 codice
906 1828 976 1850 sec.
1003 1816 1092 1851 XIII
1116 1817 1177 1851 fol.
1196 1818 1326 1852 mernb.
1345 1818 1432 1852 olim
1456 1818 1583 1853 domus
1606 1822 1748 1853 nostrae

510 1869 786 1915 Rotomagensis
807 1872 971 1913 (Rouen),
992 1883 1088 1907 nune
1111 1883 1197 1906 vero
1220 1884 1263 1907 ex
1288 1873 1552 1916 permutatione
1576 1885 1641 1917 pro
1668 1874 1751 1908 aliis

508 1924 610 1958 libris
633 1925 760 1960 domus
785 1925 999 1960 Parisiensis
1021 1926 1067 1960 ad
1092 1926 1128 1960 S.
1154 1926 1343 1968 Honorati,
1362 1939 1422 1962 sex
1446 1932 1530 1962 sunt
1552 1929 1750 1963 sententiae

508 1981 586 2025 ejus
602 1980 773 2022 (Simonis
789 1981 832 2015 (10
850 1981 966 2023 Valle)
982 1981 1076 2016 latae
1093 1982 1198 2016 annis
1215 1982 1491 2018 MCCLXXVII
1507 1987 1542 2018 et
1560 1984 1751 2019 LXXVIII

510 2037 670 2077 Cadomi,
689 2037 870 2077 Aureliae,
896 2037 1060 2071 Ebroicis
1083 2040 1119 2072 et
1142 2037 1349 2078 Quintisani
1375 2039 1412 2073 in
1437 2039 1711 2074 Veromanduis.
1734 2057 1749 2069 v·

510 2091 578 2127 Het
595 2094 664 2134 ziJn
675 2093 767 2136 juist
783 2093 827 2127 de
842 2093 1012 2134 stukkem
1027 2093 1085 2127 die
1101 2096 1135 2128 te
1152 2094 1283 2129 vinden
1301 2096 1370 2137 zijn
1387 2095 1425 2129 in
1442 2095 1503 2130 het.
1526 2095 1747 2135 Thesaurus,

508 2145 581 2180 kol.
597 2148 791 2180 1810-1812.
805 2165 849 2170 —-
861 2146 922 2180 Zie
935 2146 1006 2180 ook
1020 2147 1218 2191 Duveigor,
1230 2147 1344 2181 Notes
1361 2159 1427 2181 sm·
1443 2148 1693 2194 Z'Inqzcisilion
1712 2151 1749 2184 in

510 2201 554 2235 (10
571 2200 753 2234 Bulletz'ns
770 2201 815 2234 de
831 2201 920 2235 Z’Ac.
937 2201 982 2234 cle
995 2201 1186 2247 Belyiqzce,
1199 2205 1234 2236 2⁰
1248 2203 1364 2243 reeks,
1379 2204 1413 2238 d.
1430 2204 1577 2246 XLVII,
1594 2205 1750 2245 1)12.8ῖ3,

510 2266 609 2290 waar
632 2267 722 2289 naar
743 2255 871 2290 enkele
893 2256 1026 2291 andere
1049 2257 1207 2298 werken,
1234 2257 1457 2293 handelende
1482 2271 1568 2293 over
1591 2260 1634 2294 de
1660 2267 1750 2295 twee

511 2311 761 2355 gedagvaarde
778 2311 1028 2352 kanunnsszen,
1047 2323 1229 2347 verwezen
1246 2313 1373 2348 wordt.
1394 2314 1444 2348 De
1462 2314 1548 2349 heer
1566 2315 1753 2359 Durerger

510 2374 616 2410 voegt
639 2378 679 2401 er
702 2367 764 2409 bij,
789 2367 852 2401 dat
875 2367 1024 2411 Sigerus
1047 2379 1091 2402 en
1109 2369 1290 2403 Bernerus
1315 2381 1404 2403 naar
1429 2370 1523 2403 Luik
1549 2371 1747 2411 vluehtten,

508 2433 607 2456 waar
638 2423 680 2464 zij
709 2421 786 2455 zich
818 2421 942 2456 buiten
970 2422 1032 2457 het
1062 2423 1311 2468 rechtsgebied
1343 2436 1413 2458 van
1441 2425 1509 2459 den
1539 2426 1748 2461 Fransehen

510 2477 727 2522 inquisiteur
743 2477 781 2512 in
798 2477 995 2522 veiligheid
1013 2479 1209 2514 bevonslen.

880 2605 995 2650 147.

181 2735 337 2780 1277?
361 2735 504 2777 Trier.
534 2733 776 2777 Uittreksel
799 2733 862 2776 uit
893 2733 945 2776 de
979 2734 1325 2791 verordeningen
1359 2748 1443 2777 van
1467 2735 1542 2778 het
1574 2734 1750 2791 provin·

117 2803 224 2846 ciaal
247 2804 426 2847 concilie
450 2817 531 2846 van
556 2803 696 2856 Trier‚
717 2802 895 2860 waarbij
920 2803 996 2846 het
1018 2803 1229 2858 prediken
1249 2818 1329 2846 van
1350 2818 1621 2854 sermoenen,
1644 2805 1749 2848 zelfs

118 2885 171 2934 op
205 2872 404 2917 markten
437 2886 489 2917 en
523 2876 709 2923 straten,
735 2885 818 2914 aan
851 2872 903 2914 de
941 2873 1199 2928 Beggarden
1233 2887 1287 2916 011
1324 2873 1486 2916 andere
1514 2873 1748 2917 verdachte

118 2941 259 2985 lieden
295 2940 514 2985 vei-boden
538 2941 696 2984 wordt.
725 2967 781 2973 —
815 2941 874 2984 De
906 2941 1115 2996 priesters
1147 2945 1318 2985 moeten
1351 2941 1413 2986 dit
1444 2941 1605 2985 verbod
1638 2942 1745 2986 doen
