2097 3466
367 272 427 304 434
1044 265 1174 298 ANNO
1201 265 1298 297 1472

364 361 546 417 gesti-ast
569 375 621 402 en
643 362 706 403 tot
729 359 987 413 heri-oeping
1017 357 1283 412 gedwongen
1309 355 1498 398 worden.
1526 356 1584 397 De
1619 356 1813 399 rechters
1835 356 1976 400 zullen

361 430 457 471 hem
480 428 589 484 zijne
613 428 846 482 penitentie
868 428 910 469 in
934 426 1014 468 den
1039 424 1198 468 kerker
1220 425 1338 466 laten
1365 423 1649 478 volbrengen.

405 537 538 572 Contra
562 536 655 570 duas
678 538 893 570 assertiones
912 540 1042 568 temere
1059 537 1099 567 in
1115 543 1281 568 sermone
1301 533 1482 577 prolatas,
1504 535 1555 569 ad
1580 536 1800 571 instantiam
1823 537 1980 582 inquisi-

361 595 450 626 toris
467 590 620 625 heretice
638 592 850 636 prauitatis.

408 686 414 692 .
433 686 439 692 .
458 685 464 691 .
482 685 488 691 .
508 659 552 698 (l)
581 656 655 692 Hec
682 656 851 700 premissa
874 658 956 689 sunt
982 657 1127 698 propter
1143 653 1332 696 quemdam
1357 657 1572 689 asserentem
1590 654 1678 689 duas
1706 654 1977 699 propositiones,

363 713 486 748 Prima
502 712 590 747 fuit:
619 712 715 746 Puer
735 711 921 746 abortiuus
944 710 981 743 in
1005 710 1080 744 sola
1105 709 1172 743 fide
1198 711 1385 752 parentum
1410 709 1582 744 saluatur.
1604 709 1789 744 Secunda:
1816 708 1980 745 Existens

363 768 400 802 in
417 771 560 811 peccato
577 765 718 801 mortali
743 765 905 800 faciendo
922 763 1143 798 oblacionem
1160 763 1204 797 ad
1221 763 1333 798 altare
1351 765 1474 807 peccat
1499 764 1700 800 mortaliter
1715 766 1750 799 et
1766 766 1818 799 est
1840 774 1978 798 excom-

364 822 620 856 municatus...
645 822 689 861 (2)

407 876 465 910 Sic
480 875 593 920 igitur
608 874 792 918 predicare
804 878 856 909 est
871 873 1004 908 inicere
1021 872 1188 916 laqueum
1203 871 1390 907 erroris...
1405 871 1442 906 Si
1458 883 1541 907 vero
1559 877 1666 917 neget
1682 873 1782 908 illam
1798 873 1979 919 [primam]

361 931 638 976 propositionem
654 930 690 964 in
714 930 829 964 forma
852 932 892 963 ut
913 939 1021 972 supra
1037 927 1225 971 protulisse
1241 930 1276 962 et
1292 938 1354 971 per
1378 927 1670 963 informationem
1695 929 1979 973 preparatoriam

359 992 404 1027 ct,
423 986 452 1019 si
477 997 563 1029 opus
586 989 649 1025 est,
669 984 858 1018 iuridicam
883 983 1083 1026 oppositum
1107 983 1296 1026 probatum
1323 982 1442 1023 fuerit,
1462 982 1605 1017 videant
1631 983 1768 1018 iudices
1785 983 1868 1018 fidei
1893 984 1980 1028 quid

359 1041 553 1076 secundum
577 1039 657 1073 iura
681 1039 858 1082 agendum
875 1042 938 1073 est.
965 1037 1003 1071 Si
1027 1048 1110 1072 vero
1133 1037 1176 1071 de
1203 1037 1285 1081 lege
1302 1037 1483 1071 communi
1507 1036 1687 1082 intelligat
1713 1038 1918 1074 abortiuum
1940 1038 1980 1074 in

361 1097 435 1130 sola
451 1095 519 1129 fide
542 1097 729 1138 parentum
746 1093 893 1134 saluari,
911 1092 1004 1127 sicut
1029 1095 1064 1127 et
1090 1092 1198 1126 verba
1222 1094 1359 1133 sonant,
1381 1091 1576 1135 propositio
1593 1095 1646 1127 est
1668 1092 1827 1128 heretica
1843 1095 1879 1128 et
1901 1103 1978 1137 per-

362 1151 551 1185 niciosa....
570 1151 615 1191 (2)

406 1206 568 1240 Secunda
590 1204 784 1249 propositio
801 1207 853 1239 est
875 1204 1033 1244 confusa,
1051 1203 1214 1244 obscura,
1233 1201 1534 1247 amphibologica,
1552 1202 1591 1237 in
1613 1202 1734 1247 aliquo
1757 1213 1863 1238 sensu
1878 1213 1976 1246 vera,

359 1260 397 1295 in
420 1261 540 1304 aliquo
564 1260 653 1294 falsa
675 1262 711 1294 et
733 1259 771 1293 in
794 1259 856 1293 illo
881 1258 1002 1302 aliquo
1029 1257 1133 1292 modo
1156 1257 1249 1291 male
1271 1256 1411 1300 sapiens
1436 1257 1474 1291 in
1504 1257 1574 1292 fide
1600 1260 1636 1293 et
1661 1257 1804 1302 piarum
1831 1257 1976 1293 aurium

359 1315 586 1351 offensiua....
618 1317 636 1349 2

404 1370 511 1405 Venit
533 1316 649 1414 igitiir)
662 1372 815 1404 assertor
837 1369 981 1403 illarum
1009 1367 1291 1412 propositionum
1307 1367 1540 1411 corrigendus
1556 1366 1698 1410 publice
1720 1369 1783 1403 aut
1797 1378 1861 1412 per
1875 1379 1977 1403 reuo-

361 1425 536 1460 cationem
558 1425 684 1469 prime,
702 1425 731 1458 si
755 1425 944 1468 probatum
967 1423 1075 1458 fuerit
1099 1423 1193 1466 quod
1217 1422 1256 1456 in
1286 1422 1401 1456 forma
1425 1421 1676 1466 predicauerit,
1695 1433 1737 1458 eo
1760 1423 1855 1466 quod
1877 1422 1979 1458 iuxta

361 1492 585 1515 communem
602 1479 869 1523 conceptionem
893 1478 1110 1522 intelligitur
1132 1478 1175 1512 de
1199 1477 1357 1521 potentia
1382 1477 1446 1511 Dei
1473 1476 1639 1512 ordinata
1655 1479 1690 1512 et
1714 1477 1757 1512 de
1781 1477 1861 1522 lege
1883 1489 1977 1513 com-

359 1535 471 1576 muni,
491 1538 553 1569 aut
579 1546 641 1578 per
664 1533 919 1577 expositionem
943 1533 986 1566 de
1014 1531 1171 1575 potentia
1196 1531 1261 1566 Dei
1287 1532 1462 1572 absoluta,
1488 1531 1689 1566 confitendo
1716 1544 1818 1567 suam
1841 1532 1976 1577 impru-

358 1590 515 1624 dentiam
539 1589 663 1631 utique
686 1589 817 1632 populo
840 1586 994 1630 simplici
1019 1586 1266 1630 periculosam,
1285 1597 1327 1620 ac
1351 1597 1414 1629 per
1436 1585 1504 1620 hoc
1528 1586 1761 1629 penitentiam
1782 1587 1921 1631 agendo
1937 1586 1977 1621 in

359 1655 502 1679 carcere
528 1644 573 1677 ad
600 1643 790 1677 arbitrium
818 1642 990 1682 iudicum,
1020 1643 1154 1675 attento
1186 1640 1357 1683 qualitate
1386 1651 1535 1683 persone
1563 1651 1643 1674 cum
1672 1640 1794 1675 multis
1821 1640 1974 1676 circum·

357 1700 512 1741 stancijs‚
545 1702 580 1733 et
610 1710 672 1742 per
702 1697 957 1741 expositionem
984 1696 1136 1731 secunde
1167 1695 1268 1730 iuxta
1298 1695 1480 1738 premissa,
1511 1697 1547 1729 et
1574 1694 1742 1729 similiter
1765 1695 1904 1740 agendo
1935 1694 1974 1729 in

358 1765 502 1790 carcere
523 1753 769 1797 penitentiam.

707 1818 900 1859 Carlerius,
920 1818 998 1853 deel
1014 1817 1059 1859 II,
1078 1816 1337 1860 verhandeling
1353 1819 1383 1850 4.

1102 1943 1222 1988 356.

423 2067 537 2111 Vo'o‘r
552 2062 805 2110 November
826 2063 964 2112 1472,
980 2063 1024 2103 in
1047 2061 1073 2102 ’t
1095 2059 1266 2102 bisdom
1285 2058 1485 2102 Atrecht.
1502 2059 1697 2103 Stukken
1719 2059 1973 2115 aangaande

355 2141 468 2181 twee
490 2135 723 2179 verdachte
741 2144 992 2176 sermoenen
1010 2129 1113 2171 door
1135 2140 1270 2172 eenen
1288 2127 1516 2171 karmeliet
1536 2142 1588 2186 op
1606 2129 1689 2172 den
1706 2128 1870 2185 zondag
1887 2142 1969 2172 van

359 2207 551 2248 Laetare
571 2218 623 2246 en
648 2216 701 2258 op
723 2197 1069 2253 Palmenzondag
1091 2195 1333 2252 gepredikt.
1360 2220 1409 2226 —
1438 2196 1482 2248 a)
1503 2196 1723 2239 Fransche
1755 2196 1873 2240 tekst
1896 2196 1973 2240 der

355 2275 438 2332 vijf
454 2273 687 2317 verdachte
709 2276 873 2328 punten
894 2279 1104 2322 vanwege
1126 2266 1208 2308 den
1240 2264 1439 2321 bisschop
1463 2279 1546 2308 van
1580 2265 1762 2309 Atrecht
1784 2279 1866 2308 aan
1887 2265 1970 2310 den

354 2342 712 2399 KameriJkschen
745 2340 881 2383 deken
914 2338 1077 2382 Carlier
1108 2337 1435 2393 onderworpen.
1473 2363 1507 2368 -
1543 2335 1584 2388 b)
1606 2336 1802 2379 Carlier's
1825 2335 1971 2393 latiJn-

354 2411 454 2454 sche
472 2409 797 2465 wederlegging
814 2423 897 2451 van
915 2407 981 2450 die
998 2406 1442 2462 punten‚waaronder
1460 2405 1611 2448 enkele
1627 2406 1727 2448 hem
1746 2405 1969 2449 kettersch

354 2479 631 2521 voorkomen.

397 2569 456 2602 Eae
464 2575 574 2614 parte
590 2569 734 2603 domini
749 2567 1024 2602 Attrebatensis.

398 2624 585 2658 Dominiea
607 2635 677 2667 qua
704 2626 869 2657 cantatur
891 2623 1021 2656 Letare
1043 2620 1288 2663 ,merus-alem,
1307 2621 1362 2656 fut
1384 2620 1437 2656 dit
1459 2631 1525 2665 par
1540 2630 1616 2665 ung
1639 2620 1818 2665 religieux
1833 2631 1879 2656 en
1902 2630 1968 2657 son

353 2691 504 2720 sermon,
522 2690 624 2722 apres
640 2689 680 2712 ce
695 2677 771 2721 quil
793 2677 869 2711 eult
892 2676 1006 2720 parlet
1029 2677 1072 2711 de
1094 2676 1198 2711 lestat
1219 2676 1263 2711 de
1277 2675 1453 2720 mariaige
1468 2678 1504 2710 et
1528 2675 1571 2710 de
1587 2675 1770 2720 virginite,
1788 2687 1858 2720 que
1873 2687 1966 2720 pour

392 2826 436 2866 (1)
461 2825 512 2859 De
534 2823 710 2868 inleiding
725 2835 810 2859 over
825 2824 868 2858 de
891 2824 1048 2867 plichten
1065 2835 1134 2858 van
1150 2824 1218 2859 den
1234 2823 1402 2867 prediker
1432 2823 1522 2858 leert
1548 2833 1612 2858 ons
1639 2821 1731 2857 niets
1754 2820 1966 2866 aangaande

355 2880 400 2914 de
415 2878 503 2913 zaak
519 2879 624 2913 zelve.

400 2932 444 2975 (2)
469 2930 557 2965 Hier
571 2930 701 2975 volgen
717 2929 954 2975 godgeleerde
968 2928 1238 2975 uitweidingen.
