2097 3466
319 255 382 290 290
453 242 455 245 ‘
997 254 1129 290 ΑΝΝΟ
1156 256 1256 290 1418

364 348 416 382 40.
434 345 572 381 Electio
587 356 702 391 papae
716 358 738 381 a
755 346 1006 382 cardinalibus
1023 359 1044 382 a
1061 348 1206 383 diabolo
1224 351 1276 384 est
1291 348 1512 385 introducta.

365 405 415 436 41.
434 401 514 436 Non
539 405 591 436 est
613 402 656 436 de
677 403 887 438 necessitate
911 402 1038 438 salutis
1063 404 1209 438 credere
1227 402 1430 440 Romanam
1447 403 1634 439 ecclesiam
1651 416 1726 440 esse
1741 416 1946 450 supremam

320 457 416 492 inter
431 456 521 491 alias
538 457 719 493 ecclesias.

364 512 476 546 Error
499 516 562 554 est,
591 512 621 546 si
647 523 710 556 per
735 513 937 548 Romanam
972 513 1161 549 ecclesiam
1186 514 1371 559 intelligat
1397 514 1641 550 universalem
1670 515 1859 551 ecclesiam
1883 518 1945 551 aut

319 567 514 602 concilium
538 568 720 612 generale,
740 573 803 603 aut
820 580 885 612 pro
902 573 1038 612 quanto
1064 574 1214 614 negaret
1241 571 1439 615 primatum
1466 570 1598 605 summi
1627 570 1808 615 pontificis
1839 582 1947 616 super

319 621 408 656 alias
425 622 595 657 ecclesias
612 623 868 666 particulares.

363 680 415 712 42.
435 677 592 712 Fatuum
609 682 662 713 est
675 680 824 715 credere
838 679 1082 725 indulgentiis
1098 691 1211 724 papae
1225 683 1259 716 et
1273 680 1536 726 episcoporum.

365 735 418 767 43.
437 731 653 768 Juramenta
677 734 808 769 illicita
833 738 928 777 sunt,
947 746 1040 779 quae
1057 735 1150 770 fiunt
1173 735 1218 769 ad
1242 736 1551 772 corroborandum
1574 736 1754 772 humanos
1779 739 1945 773 contrac-

317 790 376 823 tus
391 792 426 824 et
439 789 659 824 commercia
675 789 812 825 civilia.

360 847 411 878 44.
432 844 669 889 Augustinus,
688 845 906 880 Benedictus
931 849 965 881 et
988 847 1197 881 Bernardus
1220 847 1383 882 damnati
1409 850 1505 890 sunt,
1525 847 1596 883 nisi
1624 847 1873 893 poenituerint
1899 848 1944 884 de

317 898 397 940 hoc,
417 900 512 942 quod
536 900 743 936 habuerunt
765 902 1018 945 possessiones,
1037 906 1072 937 et
1095 902 1334 938 instituerunt
1358 906 1392 938 et
1419 903 1649 939 intraverunt
1672 903 1890 949 religiones3
1909 906 1945 939 et

315 954 366 989 sic
381 966 401 989 a
419 967 512 999 papa
528 968 638 1000 usque
655 958 699 991 ad
716 958 889 993 ultimum
906 959 1122 1004 religiosum
1139 971 1263 995 omnes
1281 963 1364 994 sunt
1383 960 1569 995 haeretici.

361 1013 411 1045 45.
434 1011 567 1046 Omnes
583 1011 780 1056 religiones
798 1013 1049 1049 indifferenter
1066 1015 1297 1050 introductae
1312 1018 1397 1049 sunt
1413 1026 1434 1049 a
1457 1015 1614 1050 diabolo.

803 1068 924 1103 Tenor
939 1070 1178 1105 articulorum
1191 1070 1342 1105 Joannis
1361 1070 1466 1105 Husz.

362 1123 392 1155 1.
414 1120 531 1157 Unica
556 1126 608 1158 est
631 1127 756 1158 sancta
776 1124 991 1160 universalis
1016 1126 1178 1167 ecclesia,
1197 1137 1290 1169 quae
1313 1129 1366 1161 est
1391 1125 1744 1170 praedestinatorum
1767 1125 1943 1160 universi-

315 1180 382 1219 tas,
402 1184 437 1212 01
453 1178 549 1212 infra
572 1180 759 1221 sequitur:
786 1179 1011 1215 Universalis
1033 1187 1160 1216 sancta
1184 1181 1336 1217 ecclesia
1352 1186 1495 1216 tantum
1513 1185 1565 1216 est
1587 1192 1673 1224 una,
1691 1181 1786 1216 sicut
1800 1184 1943 1216 tantum

317 1244 412 1266 unus
428 1237 479 1267 est
494 1245 667 1268 numerus
682 1234 845 1269 omnium
862 1236 1224 1279 praedestinatorum.

359 1290 391 1321 2.
411 1287 548 1323 Paulus
572 1300 770 1332 numquam
795 1290 864 1324 fuit
879 1291 1083 1325 membrum
1106 1291 1254 1333 diaboli,
1274 1291 1359 1327 licet
1383 1291 1468 1326 fecit
1489 1291 1662 1335 quosdam
1686 1294 1789 1326 actus
1803 1290 1943 1325 actibus

317 1342 492 1377 ecclesiae
509 1343 793 1388 malignantium
810 1345 1028 1380 consimiles.

362 1399 393 1431 3.
414 1397 591 1433 Praesciti
615 1410 687 1433 11011
711 1403 795 1435 511111
819 1403 938 1444 patres
955 1400 1139 1442 ecclesiae,
1159 1412 1242 1435 cum
1259 1400 1361 1436 nulla
1378 1412 1461 1445 pars
1478 1404 1555 1445 ejus
1571 1399 1729 1436 finaliter
1744 1399 1886 1436 excidet
1899 1399 1945 1434 ab

319 1463 372 1493 ea,
392 1463 434 1487 eo
449 1453 547 1495 quod
563 1454 904 1496 praedestinationis
920 1454 1093 1495 charitas,
1112 1467 1204 1499 quae
1221 1455 1336 1500 ipsam
1352 1456 1463 1501 legat,
1482 1467 1556 1490 non
1573 1454 1725 1490 excidet.

361 1510 393 1541 4.
410 1507 512 1542 Duae
530 1513 695 1550 naturae,
715 1508 887 1544 divinitas
903 1513 938 1544 et
954 1509 1174 1553 humanitas,
1192 1515 1276 1546 sunt
1293 1522 1385 1545 unus
1403 1510 1579 1546 Christus.

364 1565 392 1597 5.
419 1562 637 1607 Praemitus,
669 1564 735 1599 etsi
764 1564 960 1608 aliquando
990 1568 1042 1600 est
1069 1566 1108 1600 in
1135 1566 1257 1610 gratia
1280 1568 1478 1600 secundum
1504 1567 1727 1609 praesentem
1747 1563 1940 1609 justitiam,

319 1619 441 1652 tamen
472 1629 659 1661 nunquam
687 1623 740 1654 est
773 1631 857 1664 pars
884 1624 1030 1655 sanctae
1057 1621 1246 1665 ccclesiae3
1277 1625 1311 1655 et
1338 1620 1625 1665 praedestinatus
1653 1631 1794 1665 semper
1820 1622 1942 1654 manet

318 1674 520 1708 membrum
546 1674 729 1716 ecclesiae,
748 1675 834 1711 licet
849 1675 1045 1719 aliquando
1062 1677 1204 1712 excidet
1219 1688 1240 1710 a
1255 1676 1376 1720 gratia
1391 1675 1601 1718 adventitia,
1619 1676 1681 1711 sed
1697 1687 1771 1711 non
1782 1687 1804 1710 a
1819 1674 1941 1719 gratia

317 1729 670 1771 praedestinationis.

361 1786 394 1819 6.
426 1785 607 1820 Sumendo
639 1786 827 1821 ecclesiam
858 1798 924 1831 pro
954 1788 1212 1823 convocatione
1242 1787 1607 1832 praedestinatorum.
1638 1786 1714 1822 sive
1740 1785 1877 1821 fuerint
1902 1784 1942 1820 in

318 1839 449 1883 gratia,
467 1840 542 1875 sive
559 1851 633 1875 11011
649 1842 848 1877 secundum
865 1847 1088 1886 praesentem
1100 1843 1295 1887 Justitiam,
1314 1843 1383 1878 isto
1400 1843 1507 1878 modo
1524 1842 1676 1878 ecclesia
1692 1844 1745 1878 est
1766 1840 1942 1877 articulus

318 1895 414 1931 fidei.

359 1953 391 1987 7.
412 1951 542 1986 Petrus
558 1963 630 1987 non
647 1955 699 1988 est
715 1964 781 1988 nec
796 1953 866 1988 fuit
878 1957 986 1998 caput
1003 1955 1174 1991 ecclesiae
1198 1958 1344 1990 sanctae
1361 1954 1570 1991 catholicae.

360 2011 394 2041 8.
414 2006 624 2043 Sacerdotes
648 2009 918 2051 quomodolibet
942 2010 1136 2044 criminose
1160 2010 1321 2045 viventes
1336 2009 1528 2045 sacerdotii
1544 2009 1712 2053 polluunt
1727 2009 1942 2053 potestatem

318 2064 353 2096 et
376 2061 438 2101 sic,
458 2065 498 2096 ut
521 2063 589 2096 filii
614 2063 789 2104 infideles,
809 2064 970 2098 sentiunt
993 2064 1190 2099 infideliter
1213 2065 1257 2099 de
1280 2069 1416 2108 septem
1442 2066 1678 2099 sacramentis
1695 2061 1878 2104 ecclesiae,
1897 2061 1942 2096 de

317 2118 490 2158 clavibus,
517 2117 656 2159 officiis,
684 2122 857 2158 censuris,
885 2118 1058 2162 moribus,
1078 2119 1292 2154 ceremoniis
1316 2123 1350 2155 01
1374 2119 1485 2156 sacris
1508 2120 1615 2154 rebus
1638 2118 1821 2160 ecclesiae,
1839 2127 1941 2152 vene·

316 2176 458 2205 ratione
474 2171 713 2214 reliquiarum
727 2172 950 2216 indulgentis
967 2176 1000 2208 et
1016 2173 1217 2208 ordinibus.

361 2229 393 2260 9.
412 2226 558 2270 Papalns
581 2227 741 2272 dignitas
765 2240 786 2263 a
811 2229 962 2264 Caesare
984 2228 1153 2274 inolevit3
1171 2241 1285 2274 papae
1300 2230 1495 2274 praefectio
1520 2233 1555 2265 et
1577 2228 1759 2265 institutio
1775 2239 1797 2263 a
1813 2228 1940 2264 Caesa-

317 2280 368 2315 ris
384 2281 545 2324 potentia
561 2282 756 2318 emanavit.

363 2338 413 2370 10.
436 2337 565 2371 Nullus
587 2337 664 2372 sine
681 2339 902 2374 revelatione
927 2342 1100 2375 assereret
1124 2339 1392 2375 rationabiliter
1407 2341 1451 2375 de
1476 2352 1512 2375 se
1538 2340 1597 2375 vel
1625 2339 1708 2377 alio.
1726 2337 1822 2382 quod
1849 2339 1941 2372 esset

317 2395 427 2434 caput
444 2392 616 2428 ecclesiae
632 2392 877 2437 particularis,
896 2406 961 2430 nec
981 2395 1165 2429 Romanus
1178 2395 1340 2438 pontifex
1364 2398 1418 2430 est
1441 2398 1550 2439 caput
1567 2394 1752 2430 Romanae
1768 2392 1941 2428 ecclesiae

318 2447 563 2489 particularis.

363 2503 414 2535 11.
438 2503 519 2536 hon
541 2505 682 2546 oportet
704 2504 863 2545 credere,
881 2505 976 2547 quod
993 2505 1059 2539 iste
1075 2505 1294 2549 quicumque
1310 2508 1362 2540 est
1379 2505 1564 2540 Romanus
1578 2505 1752 2549 pontifex,
1770 2502 1817 2539 sit
1832 2504 1941 2547 caput

317 2561 576 2601 cujuscumque
593 2559 825 2602 particularis
842 2559 1014 2595 ecclesiae
1030 2565 1176 2596 sanctae
1193 2561 1263 2595 nisi
1282 2561 1376 2596 Deus
1392 2573 1472 2596 eum
1490 2559 1824 2604 praedestinaverit.

365 2615 415 2646 12.
436 2613 550 2647 Nemo
567 2615 664 2657 gerit
690 2615 807 2649 vicem
833 2614 967 2649 Christi
983 2616 1040 2650 vel
1064 2615 1174 2656 Petri,
1194 2615 1265 2650 n1si
1288 2623 1458 2658 sequatur
1485 2627 1568 2650 eum
1591 2615 1630 2649 111
1657 2615 1832 2655 moribus,
1857 2623 1940 2647 cum

319 2666 421 2700 nulla
454 2667 526 2701 alia
555 2669 699 2710 sequela
729 2669 775 2703 sit
808 2668 1063 2712 pertinentior,
1089 2681 1155 2704 nec
1190 2670 1298 2705 aliter
1324 2670 1476 2714 recipiat
1503 2681 1524 2704 a
1554 2672 1624 2705 Deo
1649 2667 1940 2714 procuratoriam

318 2724 541 2763 potestatem,
559 2723 645 2764 quia
661 2722 706 2756 ad
723 2721 814 2756 illud
832 2722 992 2758 officium
1010 2724 1206 2758 vicariatus
1221 2724 1420 2767 requiritur
1437 2727 1472 2759 et
1486 2735 1630 2760 morum
1645 2722 1879 2758 conformitas
1905 2724 1941 2756 01

318 2774 523 2810 instituenti
540 2778 753 2812 auctoritas.

363 2832 413 2863 13.
435 2829 535 2874 Papa
559 2843 631 2866 non
656 2840 707 2866 est
724 2843 830 2867 verus
854 2836 889 2867 et
911 2832 1123 2868 manifestus
1143 2844 1327 2868 successor
1351 2833 1596 2878 apostolorum
1623 2831 1800 2878 principis
1823 2830 1937 2872 Petri,

317 2883 347 2918 51
365 2884 453 2919 vivit
470 2885 631 2922 moribus
644 2887 837 2922 contrariis
854 2888 982 2932 Petro;
1000 2892 1036 2923 et
1051 2887 1081 2923 si
1096 2890 1239 2932 quaerit
1255 2889 1458 2932 avaritiam,
1476 2892 1564 2924 tunc
1580 2893 1633 2924 est
1649 2889 1808 2924 vicarius
1823 2886 1843 2922 J
1849 2886 1941 2921 udae

320 2939 498 2976 Scarioth.
521 2943 567 2978 Et
590 2943 669 2988 pari
694 2943 877 2980 evidentia
900 2944 1103 2979 cardinales
1128 2956 1201 2980 non
1229 2948 1313 2980 sunt
1338 2946 1415 2980 veri
1440 2949 1476 2981 et
1505 2943 1689 2981 manifesti
1719 2952 1940 2979 successores

2070 2026 2087 2039 ἕ
2064 1554 2092 2007 5:·‘22-:Z;Tf.ss'1'“·²ffl‘m*‘
2072 1532 2073 1535 Α

2079 2366 2081 2373 -
2064 2118 2087 2347 Α’Ξᾼᾳ-ἐὶ-’κῃ
2083 2088 2087 2109 M
2085 2072 2088 2080 -

2039 2703 2077 3466 affamina-sees
2056 2657 2074 2695 4,
