2097 3466
721 243 854 278 ANNO
880 246 991 285 1316,
1019 246 1119 280 1319
1680 251 1743 283 169

115 347 197 371 nem
213 336 409 372 secundum
426 348 568 373 omnem
584 338 737 383 gradum
753 340 982 383 perfectionis
997 340 1036 375 in
1054 342 1207 384 presenti
1225 344 1377 386 assequi,
1397 343 1490 379 sicut
1506 355 1585 379 eam
1601 344 1639 380 in
1664 345 1738 381 vita

115 391 291 426 obtinebit
306 393 420 428 beata.
441 393 587 434 Quinto,
607 395 701 438 quod
719 395 876 438 quelibet
891 395 1144 430 intellectualis
1170 400 1299 432 natura
1324 398 1361 432 in
1378 410 1414 433 se
1431 399 1507 443 ipsa
1526 401 1739 436 naturaliter

114 448 168 480 est
190 445 294 480 beata
319 447 484 490 quodque
507 448 628 482 anima
657 460 726 483 non
753 449 891 492 indiget
919 450 1054 484 lumine
1081 450 1196 494 glorie
1224 451 1336 494 ipsam
1361 453 1524 487 elevante
1547 454 1593 488 ad
1622 455 1734 489 Dcum

114 499 307 534 videndum
324 503 359 534 et
381 511 423 535 eo
449 502 548 537 beate
566 504 767 538 fruendum.
789 504 907 544 Sexto,
935 505 1028 548 quod
1044 516 1080 538 se
1097 504 1133 538 in
1151 506 1289 539 actibus
1305 517 1471 541 exercere
1496 508 1670 542 virtutum
1687 512 1740 544 est

114 554 271 589 hominis
286 554 485 598 imperfecti
501 560 537 592 et
565 559 720 600 perfecta
743 558 865 592 anima
886 559 1048 594 licentiat
1075 572 1096 593 a
1115 572 1152 594 se
1176 560 1336 595 virtutes.
1357 562 1526 605 Septimo,
1551 564 1644 606 quod
1663 575 1738 597 mu-

113 607 213 643 lieris
239 610 413 650 osculum,
432 622 514 645 cum
541 612 586 646 ad
615 612 682 646 hoc
710 616 839 647 natura
863 624 934 647 non
961 613 1122 653 inclinet,
1147 617 1200 648 est
1226 615 1376 649 mortale
1407 619 1612 659 peccatum3
1638 620 1738 651 actus

113 666 233 699 autem
261 665 428 707 carnalis,
447 678 529 700 eum
557 668 601 701 ad
629 668 696 701 hoc
729 672 858 702 natura
888 668 1049 709 inclinet,
1068 672 1252 712 peccatum
1287 682 1356 704 non
1384 674 1446 711 est,
1474 672 1628 706 maxime
1656 685 1737 706 vum

114 720 273 754 tentatur
287 731 466 755 exercens
498 721 644 763 Octavo,
664 723 757 765 quod
775 722 812 756 in
837 723 1035 758 elevatione
1061 724 1222 767 corporis
1237 725 1321 759 Jesu
1346 725 1479 760 Christi
1509 738 1579 760 non
1607 727 1739 761 debent

113 784 302 818 assurgere
332 786 397 809 nec
425 774 540 810 eidem
571 777 810 811 reverentiam
827 777 1007 817 exhibere.
1027 781 1222 814 asserentes
1239 780 1332 823 quod
1349 783 1440 814 esset
1456 781 1737 824 imperfectionis

113 828 246 864 eisdem
262 828 292 863 si
309 840 330 863 a
346 829 503 873 puritate
519 833 554 866 et
569 831 759 866 altitudine
776 844 838 867 sue
862 833 1174 877 contemplationis
1191 836 1331 869 tantum
1355 836 1622 878 descenderent,
1642 838 1737 880 quod

113 883 212 919 circa
226 884 467 920 ministerium
480 896 541 920 seu
558 898 700 921 sacrum
714 887 931 922 eucharistie
947 892 1011 923 aut
1027 888 1124 923 circa
1140 889 1339 933 passionem
1353 890 1589 927 humanitatis
1604 892 1741 927 Christi

112 939 307 983 aliquando
323 940 536 986 cogitarent.
555 942 739 976 Nonnulla
755 943 863 978 etiam
880 943 952 978 alia
969 945 1034 978 sub
1051 943 1219 979 simulata
1235 945 1389 989 quadam
1406 947 1606 982 sanctitatis
1621 947 1739 991 specie

111 994 248 1037 dicunt,
266 996 404 1032 faciunt
419 1000 455 1032 et
466 997 706 1039 committunt,
725 1010 794 1042 que
817 1000 938 1034 oculos
955 999 1084 1035 Divine
1099 1001 1295 1045 majestatis
1319 1002 1504 1038 offendunt
1519 1006 1554 1038 et
1570 1014 1680 1047 grave
1697 1002 1735 1038 in

111 1061 148 1086 se
164 1050 349 1087 continent
360 1051 561 1096 periculum
574 1052 790 1088 animarum.

157 1105 247 1140 Cum
263 1109 383 1141 autem
400 1118 444 1141 ex
467 1106 586 1142 debito
603 1107 783 1142 commissi
800 1108 902 1144 nobis
918 1109 1027 1144 officii
1051 1110 1257 1154 hujusmodi
1282 1114 1415 1147 sectam
1441 1112 1687 1148 detestabilem
1705 1117 1740 1149 et

111 1159 301 1204 premissos
327 1160 439 1205 ipsius
465 1163 683 1198 execrandos
705 1175 856 1205 0110105,
882 1177 925 1200 110
949 1169 1194 1210 propagentur
1218 1167 1369 1201 ulterius
1393 1171 1428 1202 et
1455 1179 1519 1212 per
1546 1180 1606 1203 eos
1629 1169 1738 1203 corda

111 1215 272 1251 fidelium
288 1215 545 1253 damnabiliter
567 1221 858 1262 corrumpantur,
879 1220 1059 1264 extirpare
1083 1221 1128 1255 ab
1155 1222 1308 1256 ecclesia
1336 1223 1514 1257 catholica
1539 1222 1740 1258 necessario

111 1272 325 1315 habeamus3
343 1284 418 1313 nOS,
436 1284 538 1308 sacro
554 1275 775 1318 approbante
792 1275 958 1316 concilio,
978 1279 1110 1311 sectam
1127 1276 1240 1320 ipsam
1258 1289 1339 1311 cum
1358 1278 1539 1321 premissis
1555 1277 1741 1312 erroribus

111 1327 322 1361 damnamus
338 1330 373 1362 et
395 1329 628 1372 reprobamus
651 1329 798 1364 omnino
815 1329 1016 1365 inhibentes
1039 1331 1249 1373 districtius,
1280 1344 1324 1367 110
1351 1331 1430 1376 quis
1454 1332 1548 1376 ipsos
1574 1333 1738 1367 decetero

110 1386 241 1426 teneat,
263 1385 435 1428 approbet
452 1386 507 1420 vel
526 1386 712 1429 defendat3
731 1398 790 1421 eos
803 1390 935 1428 autem,
954 1387 1016 1431 qui
1030 1400 1131 1423 secus
1143 1388 1295 1433 egerint,
1314 1387 1623 1423 animadversione
1636 1400 1739 1422 cano-

111 1438 193 1474 nica
219 1439 445 1474 decernimus
476 1440 686 1485 puniendos.
721 1442 835 1476 Porro
859 1443 1049 1486 dyocesani
1073 1446 1109 1478 01
1139 1443 1286 1478 illarum
1316 1444 1473 1487 partium
1506 1442 1736 1486 inquisitores

109 1494 268 1530 heretice
284 1495 483 1539 pravitatis,
496 1495 534 1530 111
551 1496 681 1539 quibus
697 1497 880 1541 Beguardi
894 1500 929 1532 et
941 1497 1105 1542 Beguine
1117 1497 1325 1542 hujusmodi
1339 1500 1618 1538 commorantur,
1633 1509 1738 1532 suum

111 1548 270 1583 officium
294 1548 392 1584 circa
407 1561 467 1585 eos
483 1549 677 1595 diligenter
691 1554 893 1593 exerceant,
912 1551 1135 1596 inquirentes
1150 1552 1194 1587 de
1210 1552 1285 1587 vita
1300 1555 1336 1587 et
1359 1551 1630 1586 conversatione
1646 1551 1736 1595 ipso-

109 1614 192 1639 rum
205 1603 404 1647 qualiterve
419 1604 576 1640 sentiant
590 1605 633 1639 de
649 1605 814 1640 articulis
827 1606 910 1641 fidei
926 1609 961 1641 et
972 1606 1121 1641 ecclesie
1137 1606 1369 1641 sacramentis
1381 1620 1389 1649 ς
1407 1606 1445 1640 in
1457 1606 1539 1640 illos
1550 1617 1635 1640 vero
1648 1617 1736 1650 quos

111 1658 308 1703 culpabiles
337 1660 574 1704 reppererint,
604 1659 674 1694 nisi
704 1660 880 1705 abjuratis
903 1664 1028 1705 sponte
1055 1661 1224 1705 predictis
1251 1661 1435 1696 erroribus
1458 1661 1680 1706 penituerint
1703 1663 1739 1697 et

110 1714 390 1751 satisfactionem
406 1714 637 1750 exhibuerint
652 1718 924 1759 competentem,
943 1716 1100 1752 debitam
1115 1719 1306 1752 exerceant
1322 1717 1508 1752 ultionem.

372 1792 652 1828 Constitutiones
680 1794 942 1836 Clementinae,
969 1793 1048 1829 Lib.
1070 1794 1114 1836 V,
1139 1793 1252 1830 Titul.
1269 1794 1334 1836 ΠΙ,
1359 1795 1423 1830 fol.
1442 1796 1484 1829 59
1509 1795 1719 1829 verso—61

862 1921 975 1966 173.

171 2059 310 2112 1316,
336 2060 575 2116 Auyustus
601 2059 675 2111 13,
702 2059 930 2116 Avi-quon.
959 2059 1037 2102 Bul
1062 2073 1145 2102 van
1169 2059 1392 2103 Johannes
1417 2059 1544 2102 XXII
1568 2059 1738 2115 gericht

108 2131 174 2173 tot
196 2129 248 2172 de
269 2129 548 2185 inquisiteurs
567 2142 652 2172 van
683 2128 759 2172 het
782 2129 1037 2186 koninkrijk
1060 2128 1298 2185 Frankrijk
1323 2142 1427 2171 over
1448 2129 1524 2172 het
1546 2129 1738 2171 001111011-

108 2198 191 2241 (1011
209 2211 295 2241 van
311 2198 480 2242 ketters
503 2212 557 2241 en
580 2198 806 2241 hervallen
825 2199 963 2242 Joden
982 2199 1025 2241 in
1045 2198 1096 2241 de
1114 2198 1296 2241 kerken.
1321 2221 1368 2227 —
1388 2198 1546 2240 Daarin
1566 2201 1736 2241 moeten

108 2267 160 2311 de
181 2266 592 2324 aartsbisschoppen
616 2282 669 2311 en
687 2268 739 2311 de
763 2267 1048 2325 bisschoppen
1072 2269 1165 2311 hun
1188 2266 1471 2323 behulpzaam
1495 2267 1597 2324 zijn.

151 2392 210 2427 Ex
218 2397 330 2437 parte
345 2397 466 2427 vestra
478 2418 487 2426 .
508 2416 517 2425 .
538 2417 546 2426 .
567 2417 575 2426 .
596 2392 735 2426 Datum
748 2392 946 2434 Avem'one,
965 2392 1092 2427 idibus
1106 2393 1275 2438 Αιιριιεεί,
1289 2403 1388 2427 anno
1401 2394 1537 2437 primo.

455 2470 639 2514 Maymcm
663 2469 883 2504 Bullarz'um
906 2471 1132 2512 Romanum,
1150 2471 1229 2505 (1001
1244 2470 1272 2512 I,
1298 2471 1364 2505 blz.
1382 2472 1454 2505 191.
1469 2489 1513 2494 —
1525 2470 1616 2505 Deze
1628 2470 1691 2504 bul
1708 2470 1738 2504 is

498 2536 687 2570 nagenoeg
703 2526 860 2560 dezclfde
877 2525 929 2559 als
955 2525 1013 2560 die
1030 2537 1100 2560 van
1121 2526 1301 2561 Martinus
1317 2526 1366 2560 IV
1383 2527 1435 2568 (21
1455 2526 1610 2560 October
1626 2526 1735 2567 1281),

499 2592 690 2616 waarnaar
706 2581 748 2626 zij
768 2581 957 2626 overigens
973 2581 1143 2626 verwijst.
1165 2581 1227 2617 Zie
1243 2581 1380 2626 hooger
1395 2593 1458 2616 ons
1476 2588 1513 2616 nr
1530 2583 1604 2616 152.

859 2726 978 2771 174.

169 2854 308 2906 1319,
334 2855 492 2898 Μαανί
517 2856 590 2903 17,
618 2853 858 2912 (ΗίνεοΙιί).
885 2856 1124 2900 Uittreksel
1148 2856 1212 2899 uit
1233 2856 1284 2899 de
1308 2855 1514 2914 synodale
1537 2858 1734 2900 statuten

104 2937 191 2968 van
222 2923 433 2969 Frederik
464 2937 550 2967 van
587 2923 734 2984 Zyrik,
765 2923 965 2985 bisschop
996 2939 1081 2970 van
1104 2925 1302 2978 Utrecht,
1329 2939 1433 2970 over
1470 2926 1548 2970 het
1578 2926 1734 2971 0111101-
