2097 3466
803 242 936 277 ANNO
967 244 1062 277 1403
1688 244 1749 275 «101⁵

117 334 156 369 in
172 334 362 378 sepulchro
379 339 585 378 parentum;
604 346 674 368 non
699 334 891 378 distinguit
907 335 950 368 de
972 334 1155 377 indigena,
1173 334 1218 367 de
1244 333 1361 368 incola
1379 335 1434 368 vel
1460 333 1649 378 inquilino,
1668 333 1752 368 alie-

117 401 211 434 gena
239 390 294 424 vel
311 389 460 430 viatore,
479 390 522 424 de
546 401 617 433 quo
640 390 803 424 doctores
825 389 915 423 iuris
941 389 1106 423 canonici
1132 389 1245 423 multa
1268 389 1404 429 dicunt,
1431 390 1475 424 ad
1500 401 1588 433 quos
1612 390 1756 433 proprie

118 444 217 488 loqui
235 447 368 488 spectat
398 445 442 478 dc
470 445 537 478 liac
566 445 729 486 materia,
749 445 809 478 sed
840 445 885 478 ad
913 456 1027 488 pauca
1054 444 1267 488 aspicientes
1294 445 1489 479 enunciant
1518 445 1633 479 facile.
1655 444 1757 480 lfnde

118 499 350 535 temerarium
367 504 419 534 est
437 499 580 533 unicam
600 499 866 543 responsionem
892 500 990 539 darc,
1012 499 1072 532 ubi
1102 499 1216 533 multa
1243 502 1325 533 sunt
1349 499 1523 541 dicenda3
1542 504 1575 534 et
1599 503 1653 534 est
1668 499 1756 534 inci-

117 555 202 590 dere
219 556 256 589 in
274 554 455 589 fallaciam
473 566 581 598 quam
599 555 686 590 dare
703 555 901 589 secundum
921 555 1041 598 plures
1060 553 1362 598 interrogationes
1380 558 1415 589 ut
1444 566 1564 589 unam.
1586 556 1756 590 Preterea

118 612 243 644 notum
256 613 309 644 est
325 610 362 644 in
381 610 459 644 iure
477 611 571 652 quod
589 610 617 643 si
636 609 729 650 talis,
749 610 811 654 qui
831 622 901 644 non
919 610 1028 654 elegit
1048 610 1269 653 sepulturam
1287 621 1351 644 nce
1368 613 1619 645 testamentum
1635 610 1755 645 condi·

117 666 181 708 dit,
209 670 300 701 essct
328 666 365 700 in
393 667 569 701 sententia
602 666 988 701 excommunicationis
1021 666 1168 700 maioris
1200 665 1351 707 notorie,
1381 666 1484 700 debet
1517 667 1549 700 ci
1580 666 1754 709 denegari

118 721 361 756 ecclesiastica
397 722 601 765 sepultura;
636 726 671 756 ct
708 725 805 765 patet
833 733 897 765 per
925 724 1058 756 statuta
1086 721 1264 755 sinodalia
1287 721 1449 765 dyocesis
1478 721 1757 759 Cameracensis,

118 775 224 811 titulo
241 776 284 811 de
300 776 506 819 sepulturis,
525 776 667 810 statutis
692 776 741 818 ix,
760 778 836 819 xiij,
856 776 924 810 nisi
942 776 1047 821 signa
1064 775 1265 820 penitencie
1283 775 1319 810 in
1336 775 1490 810 articulo
1508 777 1632 811 mortis
1648 788 1754 821 appa-

118 830 271 872 ruerint,
285 831 362 874 xiiij
391 835 427 866 et
453 842 499 865 xv
527 830 625 865 circa
651 832 925 874 tinen13cont1·a
951 843 1020 875 que
1043 831 1163 865 nullus
1181 830 1385 874 predicator
1408 831 1445 865 in
1473 831 1595 866 eadem
1624 832 1758 875 diocesi

117 888 304 929 exemptus
320 885 377 920 vel
395 896 465 919 non
481 890 667 928 exemptus
686 885 930 930 dogmatisare
946 886 1091 920 deberet
1112 888 1175 920 aut
1203 885 1409 929 predicare;
1437 886 1532 929 quod
1558 886 1587 919 si
1616 886 1753 928 fecerit,

118 952 182 984 per
197 939 384 975 dominum
400 940 608 984 episcopum
622 943 683 974 aut
701 953 783 975 suos
801 941 956 975 vicarios
970 940 1220 984 corripiendus
1235 943 1271 975 et.
1287 941 1530 975 emendandus
1543 944 1606 976 cst.
1625 941 1756 975 Debuit

117 1007 206 1040 ergo
222 996 284 1031 ille
297 997 409 1031 frater
424 1009 525 1031 suam
543 998 775 1032 assertionem
797 998 922 1032 fulsire
936 997 1107 1031 clausulis
1120 996 1319 1040 oportunis,
1336 999 1370 1031 et
1385 995 1445 1030 ubi
1463 997 1506 1030 de
1523 996 1756 1039 impedimen-

118 1051 165 1086 tis
180 1051 363 1095 sepulture
386 1051 585 1094 dubitatur‚
606 1053 790 1087 remittere
815 1053 860 1086 ad
889 1063 1038 1086 examen
1068 1051 1255 1094 ordinarij,
1274 1054 1467 1094 antequam
1499 1051 1757 1085 concederetur

120 1105 197 1149 ipsa
209 1106 406 1149 sepultura.

161 1160 203 1196 In
219 1163 320 1196 sexta
336 1161 532 1197 assertione
550 1162 715 1197 concedit
731 1163 826 1206 quod
844 1161 1087 1196 mendicantes
1103 1160 1218 1195 eciam
1230 1159 1302 1194 dici
1316 1163 1464 1204 possunt
1480 1162 1614 1204 proprij
1641 1171 1756 1194 sacer-

118 1215 218 1250 dotes
242 1215 280 1250 in
305 1220 387 1250 actu
417 1217 670 1260 consessionis3
689 1217 757 1251 hoc
786 1228 857 1251 non
881 1216 1042 1260 loquitur
1067 1218 1107 1250 ut
1130 1215 1186 1249 sui
1212 1215 1396 1258 doctores;
1424 1226 1494 1249 non
1523 1215 1620 1250 enim
1648 1215 1759 1250 habet

118 1271 292 1306 terminos
330 1282 478 1314 eorum3
511 1272 658 1314 quidam
691 1271 788 1306 enim
819 1274 1006 1314 sequentes
1034 1269 1181 1304 Scotum
1213 1270 1336 1312 utique
1375 1270 1543 1305 subtilem
1572 1270 1755 1305 doctorem

118 1326 348 1371 distinguunt
365 1330 400 1362 et
416 1327 505 1362 bene
521 1328 565 1362 de
582 1327 739 1371 proprio.
757 1327 963 1372 Proprium,
983 1326 1164 1369 inquiunt,
1182 1325 1316 1360 dicitur
1329 1325 1539 1369 dupliciter:
1559 1337 1631 1360 uno
1649 1325 1754 1360 modo

119 1384 161 1417 ut
175 1380 416 1426 distinguit-ur
427 1384 553 1416 contra
565 1382 737 1423 alienum,
754 1386 789 1417 et
807 1381 859 1416 sie
875 1392 967 1426 papa
984 1383 1019 1415 et
1033 1380 1221 1424 episeopus
1237 1383 1272 1414 ct
1288 1379 1468 1414 commissi
1494 1381 1539 1414 ab
1555 1380 1606 1415 eis
1630 1379 1755 1415 dicun-

118 1439 180 1472 tur
204 1438 339 1482 proprij
365 1438 567 1472 sacerdotes
597 1441 633 1472 et
661 1437 790 1478 curati,
819 1436 904 1480 quia
933 1447 1004 1470 non
1031 1439 1115 1470 sunt
1140 1435 1274 1478 alieni3
1293 1434 1362 1469 hoc
1387 1435 1493 1469 modo
1510 1434 1756 1469 mendicantes

118 1492 314 1536 presentati
345 1492 461 1526 eciam
492 1496 641 1536 possunt
667 1492 740 1527 dici
765 1493 914 1536 propriJ,
940 1490 1026 1534 quia
1042 1502 1114 1525 non
1141 1493 1225 1524 sunt
1247 1489 1378 1532 alieni;
1397 1492 1433 1524 et
1457 1489 1523 1524 iste
1549 1492 1602 1524 est
1627 1489 1754 1524 modus

120 1547 291 1590 loquendi
307 1547 455 1581 illorum
480 1547 680 1589 doctorum,
699 1558 854 1590 quorum
878 1545 1032 1590 vestigia
1047 1550 1082 1580 et
1098 1545 1211 1580 lineas
1226 1544 1326 1588 sequi
1343 1548 1376 1579 et
1394 1544 1530 1579 imitari
1557 1545 1755 1585 debuissem

121 1601 194 1636 alio
206 1601 325 1643 modo,
345 1605 385 1636 ut
400 1601 639 1646 distinguitur
662 1605 788 1636 contra
813 1612 1061 1643 communem3
1080 1603 1115 1635 et
1130 1600 1181 1634 sic
1197 1600 1364 1634 sacerdos
1377 1599 1596 1643 parochialis
1608 1603 1661 1634 est
1677 1610 1756 1643 pro-

120 1658 233 1703 prius,
253 1658 339 1702 quia
355 1669 428 1693 non
443 1662 496 1692 est
511 1656 733 1700 communis;
751 1660 804 1692 est
819 1656 916 1691 enim
932 1656 1029 1691 solus
1046 1667 1154 1699 super
1170 1656 1343 1699 populum
1359 1654 1529 1699 parochie
1547 1667 1609 1690 sue
1626 1658 1661 1690 et
1688 1655 1757 1689 hoc

120 1714 226 1748 modo
243 1713 487 1748 mendicantes
505 1723 578 1746 non
589 1716 672 1746 sunt
684 1713 819 1755 proprij
833 1711 1035 1746 sacerdotes
1048 1724 1056 1754 3
1073 1714 1155 1745 sunt
1167 1710 1264 1745 enim
1279 1721 1498 1744 communes.
1515 1710 1596 1744 Tali
1610 1709 1757 1754 proprio

123 1768 300 1803 sacerdoti
316 1779 359 1802 ac
376 1767 522 1812 proprio
538 1767 655 1810 primo
678 1767 784 1801 modo
801 1766 910 1801 semel
934 1766 972 1800 in
990 1777 1086 1801 anno
1102 1765 1267 1800 confiteri
1283 1768 1424 1809 oportet
1440 1765 1542 1801 iuxta
1555 1776 1730 1800 canonem
1746 1777 1754 1800 :

125 1825 250 1860 Omnis
269 1823 454 1867 utriusque
470 1835 587 1857 sexus

167 1880 223 1915 Ad
239 1879 427 1923 septimam
443 1878 676 1914 assertionem
692 1877 845 1912 dicenda
860 1880 943 1912 sunt
959 1888 1001 1912 ea
1013 1888 1082 1920 que
1099 1876 1197 1911 circa
1214 1876 1377 1920 quintam
1398 1876 1513 1920 posita
1529 1879 1623 1912 sunt.

168 1936 307 1970 Octaua
323 1934 472 1970 assertio
489 1934 579 1968 falsa
594 1937 647 1968 est
662 1936 708 1975 et,
726 1935 767 1968 ut
782 1932 887 1974 iacet,
906 1933 999 1967 male
1020 1943 1149 1966 sonans
1165 1944 1173 1974 ς
1193 1942 1276 1965 nam
1292 1932 1338 1966 ad
1360 1943 1612 1976 quamcunque
1629 1943 1758 1975 penam

123 1991 200 2026 siue
227 1990 401 2035 passionis
425 1989 570 2024 Domini
597 1989 710 2024 nostri
737 1989 848 2023 Jhesu
874 1987 1008 2023 Christi
1033 1987 1110 2022 siue
1138 1988 1338 2032 purgatorij
1365 1987 1571 2031 penitencia
1594 1987 1759 2022 iniuncta

123 2050 353 2091 comparetur
375 2058 419 2081 ex
446 2057 531 2080 vera
555 2044 782 2089 penitencia;
811 2043 974 2088 alioquin
998 2044 1119 2078 claues
1142 2043 1291 2078 ecclesie
1318 2046 1435 2078 essent
1461 2043 1608 2078 inutiles
1635 2046 1669 2078 et
1693 2043 1758 2087 fig-

122 2106 256 2143 menta,
281 2101 368 2145 quid
395 2104 448 2136 est
473 2111 689 2142 erroneum3
719 2104 754 2134 et.
779 2102 1045 2134 sacramentum
1074 2098 1276 2142 penitencie
1303 2102 1392 2133 esset
1423 2098 1639 2139 illusorium,
1663 2098 1759 2141 quod

123 2160 265 2192 auertat
290 2157 408 2198 Deus;
438 2156 499 2190 sed
515 2155 637 2190 debuit
661 2154 782 2189 dicere
806 2155 900 2197 quod
918 2154 1121 2198 penitencia
1147 2154 1310 2188 iniuncta
1333 2157 1541 2198 comparata
1565 2153 1665 2198 penis
1681 2165 1759 2198 pre-

123 2212 229 2247 dictis
258 2215 310 2246 est
339 2211 471 2246 modici
503 2210 670 2254 ponderis
700 2210 738 2244 in
770 2209 964 2253 affligendo
992 2221 1053 2244 seu
1083 2220 1210 2252 parum
1239 2208 1436 2251 afflictiua3
1469 2215 1505 2244 et
1535 2209 1586 2243 sic
1617 2209 1759 2253 publice

124 2277 302 2311 exponere
318 2270 353 2301 et
369 2266 554 2300 declarare
571 2265 677 2299 debet
701 2264 882 2308 predictus
899 2264 1023 2298 frater.

167 2322 344 2367 Magister
359 2322 541 2356 Johannes
557 2321 600 2355 de
619 2321 817 2361 Gersonno,
837 2319 1077 2355 cancellarius
1092 2318 1318 2360 Parisinus-is,
1338 2319 1451 2354 multa
1467 2319 1510 2353 de
1528 2318 1760 2362 potestatibus

124 2377 386 2422 episcoporum,
405 2379 615 2411 curatorum
639 2378 674 2410 et
698 2374 983 2410 mendicantium
1011 2374 1328 2419 priuilegiatorum
1353 2374 1522 2409 disseruit
1545 2374 1582 2408 in
1605 2377 1758 2409 tractato

124 2431 168 2466 de
183 2430 337 2466 diuersis
353 2430 504 2466 statibus
520 2429 783 2464 ecclesiasticis.

169 2487 246 2522 Pro
262 2489 497 2532 reparatione
512 2486 638 2530 fienda
651 2497 719 2530 per
736 2488 858 2530 ipsum
875 2486 1033 2528 fratrem.
1053 2485 1285 2529 Dymis-ium.

170 2541 271 2576 Finis
285 2545 407 2576 sancte
423 2540 678 2585 predicationis
694 2543 747 2574 est
770 2551 852 2574 vere
877 2539 959 2574 fidei
985 2540 1022 2573 in
1047 2539 1179 2583 populo
1200 2538 1397 2573 christiano
1422 2536 1628 2578 elucidatio,
1646 2536 1758 2572 virtu-

122 2599 201 2632 tum
223 2595 486 2631 commendatio
515 2599 550 2630 et
577 2595 806 2639 exprobratio
834 2594 1023 2635 viciorum,
1040 2594 1125 2637 quia
1154 2593 1206 2627 illi
1234 2605 1326 2628 unus
1356 2594 1449 2627 Deus
1477 2595 1540 2633 est,
1562 2603 1633 2626 una
1658 2592 1757 2632 fides,

125 2664 238 2687 unum
266 2651 454 2696 baptisma.
485 2651 540 2686 Ad
564 2651 633 2685 hoc
661 2650 775 2695 igitur
802 2650 949 2685 tendere
977 2650 1080 2684 debet
1111 2649 1317 2693 predicator
1345 2652 1383 2682 ut
1412 2648 1527 2691 ipsum
1556 2647 1607 2681 sic
1631 2648 1761 2681 formet

125 2708 295 2753 quatinus
311 2707 355 2742 sit
380 2719 492 2742 unum
517 2707 555 2741 in
571 2706 717 2741 vinculo
739 2705 849 2750 pacis,
875 2705 926 2739 sic
950 2706 1060 2739 verba
1077 2707 1268 2748 componat
1293 2707 1331 2738 ut
1355 2703 1497 2738 edificet
1520 2701 1707 2737 ecclesiam
1724 2705 1761 2736 et

125 2776 198 2800 non
221 2763 495 2799 scandalizando
525 2763 678 2807 perimat
701 2762 859 2804 animam
891 2761 1097 2805 predicator
1122 2772 1288 2803 namque,
1320 2763 1406 2794 teste
1435 2759 1582 2793 Alberto
1610 2758 1758 2802 Magno,

125 2823 178 2856 aet
200 2820 344 2864 agalma
362 2819 438 2860 Dei,
459 2819 494 2853 id
519 2821 569 2853 est
597 2830 728 2862 ymago
746 2818 801 2852 vel
830 2817 920 2851 lucis
945 2820 1066 2852 eterne
1083 2815 1219 2856 radius,
1238 2815 1300 2859 qui
1329 2815 1446 2849 luceat
1471 2814 1507 2848 in
1532 2817 1635 2848 nocte
1658 2813 1759 2858 igno-

125 2874 243 2910 rantie
258 2887 267 2918 3
285 2878 338 2909 est
361 2874 491 2908 ardens
507 2873 657 2908 caritate
673 2876 708 2908 et
732 2873 854 2908 lucens
873 2871 1061 2916 sapientia.
1082 2871 1242 2905 Verbum
1268 2869 1380 2913 igitur
1395 2868 1473 2903 eius
1489 2880 1563 2903 effle
1587 2868 1691 2903 debet
1714 2868 1759 2902 ad

128 2929 473 2967 consummationem
491 2929 693 2963 seculorum
719 2928 756 2963 in
773 2940 862 2972 opus
878 2927 1052 2962 ministcri
1053 2928 1081 2969 j,
1102 2926 1137 2960 in
1155 2925 1420 2960 edificationem
1437 2923 1598 2968 corporis
1612 2922 1758 2966 Christi,
