2097 3466
360 262 379 293 S
1045 259 1177 295 ANNO
1204 261 1304 295 1049

422 357 529 398 Deze
552 356 776 412 prachtige
797 356 910 400 brief
928 370 1011 399 van
1034 356 1233 412 bisschop
1252 358 1390 400 Wazo
1413 356 1601 415 bewijSt,
1623 357 1697 402 dat
1717 358 1768 401 de
1790 358 1881 401 leer
1901 357 1979 401 der

363 424 556 479 bloedige
594 424 995 481 kettervervolging
1032 428 1105 468 ten
1143 428 1301 469 onzent
1339 426 1382 468 in
1420 425 1472 468 de
1508 426 1578 469 lle
1609 439 1730 469 eeuw
1768 439 1855 483 nog
1885 426 1978 469 niet

362 493 582 546 algemeen
606 494 648 535 iu
674 493 725 536 de
751 495 872 537 Kerk
904 495 986 537 had
1010 494 1306 549 gezegevierd.
1333 495 1391 537 De
1413 494 1653 550 tijdgenoot
1676 508 1729 537 en
1751 494 1979 539 kanunnik

363 560 609 611 Anselmus,
637 561 703 604 die
726 562 788 605 dit
812 563 911 605 stuk
938 564 979 605 in
1004 563 1115 619 zijne
1137 561 1314 619 kronijk
1337 562 1539 613 inlascht,
1566 561 1797 618 bespreekt
1816 566 1860 606 te
1887 564 1979 607 dier

364 628 646 683 gelegenheid
671 631 745 673 het
777 632 1015 687 vraagstuk
1044 645 1129 673 van
1152 630 1227 673 het
1259 630 1422 673 dooden
1455 630 1531 672 der
1556 630 1724 674 ketters
1746 644 1801 673 611
1823 630 1979 674 besluit

363 697 485 739 aldus
510 710 517 738 :
554 715 570 735 α
595 699 711 741 Haec
733 699 927 750 dicimus,
955 712 1040 743 non
1065 699 1164 754 quia
1186 711 1376 741 errorem
1398 699 1686 742 hereticorum
1707 702 1851 743 tutare
1873 700 1980 743 veli-

365 781 476 818 mus,
520 767 593 809 sed
630 767 728 822 quia
762 767 842 810 hoc
879 769 921 809 in
959 767 1112 810 divinis
1155 766 1322 822 legibus
1364 780 1574 822 nusquam
1614 767 1852 811 sanccitum
1892 781 1978 810 non

365 836 600 891 approbare
623 840 927 879 monstremus.
958 853 974 874 »
1005 835 1195 894 (Aldaan
1222 835 1304 878 blz.
1331 835 1451 892 229.)

1141 990 1193 1031 4.

428 1116 564 1163 1049,
597 1115 779 1159 Octobe)²
800 1116 832 1159 3
853 1128 907 1159 6η
930 1118 974 1169 5,
1002 1116 1169 1160 Reims.
1197 1115 1436 1158 Uittreksel
1469 1116 1533 1159 uit
1564 1116 1616 1158 (16
1646 1114 1761 1160 Acta
1788 1129 1872 1159 van
1905 1115 1982 1160 het

365 1183 552 1227 Concilie
585 1198 667 1227 van
702 1186 861 1235 Reims,
887 1186 991 1228 door
1023 1199 1128 1240 paus
1161 1185 1244 1226 Leo
1278 1185 1342 1226 IX
1375 1184 1616 1240 gehouden,
1643 1197 1746 1226 over
1776 1184 1853 1228 het
1884 1197 1983 1227 ver-

364 1252 518 1306 volgen
545 1252 621 1293 der
642 1252 833 1309 ketterij.
849 1281 902 1285 -
923 1255 984 1310 Op
1007 1255 1087 1297 den
1107 1257 1278 1296 eersten
1301 1253 1384 1308 dag
1402 1266 1484 1295 van
1502 1253 1576 1295 het
1599 1252 1783 1296 Concilie
1806 1252 1982 1308 spreekt

365 1321 415 1363 de
440 1321 844 1365 kardinaal-diaken
868 1324 1013 1366 Pieter
1045 1337 1149 1366 over
1179 1323 1230 1365 de
1262 1322 1527 1364 misbruiken
1561 1322 1637 1364 der
1669 1322 1789 1365 Kerk
1822 1335 1875 1365 611
1906 1321 1983 1365 (161·

364 1391 533 1441 leeken,
555 1390 689 1432 onder
706 1392 894 1435 anderen
915 1393 995 1435 ook
1019 1407 1123 1435 over
1141 1392 1191 1435 de
1207 1392 1383 1448 talrijke
1405 1391 1575 1434 ketters
1594 1405 1722 1434 onzer
1739 1393 1979 1448 gewesten.

365 1460 425 1515 Op
449 1460 531 1503 den
555 1460 714 1503 derden
738 1461 822 1517 dag
847 1463 959 1506 slaat
986 1462 1037 1505 de
1059 1463 1173 1505 Paus
1196 1477 1243 1505 ze
1271 1465 1358 1505 met
1386 1462 1426 1504 al
1460 1461 1607 1503 hunne
1629 1461 1906 1518 aanhangers
1936 1462 1984 1505 in

364 1529 447 1571 den
469 1529 741 1586 kerkelijken
764 1528 862 1572 ban.

409 1637 498 1671 Acta
514 1636 590 1670 diei
599 1638 764 1682 primae.
787 1636 925 1676 Quibus
942 1634 1132 1679 [episcopis
1146 1637 1180 1669 et
1196 1633 1398 1679 abbatibus]
1417 1634 1468 1669 ita
1483 1634 1723 1670 residentibus
1738 1645 1781 1669 ex
1794 1637 1987 1680 praecepto

366 1692 489 1726 domni
520 1703 632 1736 papae
661 1692 818 1726 surrexit
850 1691 981 1725 Petrus
1011 1693 1156 1724 sanctae
1187 1689 1373 1725 Romanae
1402 1690 1574 1725 ecclesiae
1604 1690 1789 1732 diaconus,
1820 1690 1986 1734 expedito

366 1758 530 1781 sermone
545 1758 747 1790 proponens
763 1746 806 1780 de
823 1746 954 1788 quibus
978 1745 1016 1779 in
1040 1745 1163 1780 eadem
1181 1745 1315 1789 synodo
1331 1757 1448 1779 sermo
1465 1748 1554 1779 esset
1577 1744 1784 1780 habendus:
1803 1745 1847 1781 de
1862 1745 1988 1781 multis

366 1802 534 1836 videlicet
550 1802 700 1842 illicitis,
719 1813 810 1844 quae
827 1804 953 1835 contra
970 1811 1149 1835 canonum
1163 1800 1330 1834 instituta
1345 1800 1383 1834 in
1401 1799 1548 1834 Gallicis
1565 1800 1696 1835 finibus
1712 1801 1984 1842 exercebantur,

365 1859 401 1892 id
430 1862 492 1899 est,
524 1859 567 1893 de
594 1857 793 1892 simoniaca
820 1856 972 1897 haeresi,
1003 1856 1046 1890 de
1073 1856 1285 1891 ministeriis
1308 1855 1560 1891 ecclesiasticis
1582 1858 1617 1891 61
1639 1857 1826 1899 altaribus,
1851 1868 1944 1901 quae
1965 1869 1987 1892 a

366 1916 469 1950 laicis
492 1915 719 1955 tenebantur,
739 1914 780 1946 (16
805 1913 925 1956 pravis
949 1912 1281 1953 consuetudinibus,
1307 1923 1399 1955 quae
1423 1912 1467 1946 ab
1492 1912 1543 1947 eis
1565 1911 1604 1946 in
1628 1911 1730 1947 atriis
1753 1910 1986 1946 ecclesiarum

367 1970 650 2013 accipiebantur,
680 1969 724 2003 de
751 1968 898 2002 incestis
926 1967 1107 2011 conjugiis
1134 1970 1168 2000 61
1200 1966 1250 2001 615
1277 1966 1340 2009 qui
1369 1966 1550 2010 legitimas
1576 1966 1818 2009 relinquentes
1857 1976 1989 2000 uxores

367 2025 580 2060 adulterinis
597 2025 731 2059 iterum
759 2024 895 2067 nuptiis
920 2023 1213 2067 implicabantur,
1234 2023 1278 2056 de
1294 2021 1482 2056 monachis
1500 2025 1535 2056 61
1557 2021 1699 2056 clericis
1725 2033 1746 2055 a
1769 2024 1894 2056 sancto
1909 2032 1989 2065 pro·

367 2082 484 2124 posito
511 2079 771 2118 recedentibus,
796 2079 883 2113 item
910 2079 953 2112 dc
976 2077 1119 2112 clericis
1142 2076 1320 2111 mundiali
1342 2077 1496 2113 militiae
1520 2077 1758 2118 studentibus,
1783 2077 1827 2110 de
1850 2076 1988 2120 rapinis

368 2147 638 2179 pauperumque
664 2134 808 2178 injustis
825 2133 1065 2176 captionibus,
1083 2133 1127 2166 de
1143 2132 1355 2167 sodomitico
1372 2132 1461 2166 vitio
1478 2136 1513 2167 61
1535 2131 1750 2175 quibusdam
1765 2131 1985 2174 haeresibus,

368 2202 460 2233 quae
477 2191 514 2224 in
531 2190 664 2224 eisdem
683 2189 951 2232 pullulaverant
967 2188 1129 2231 partibus
1138 2211 1234 2220 .....

412 2246 501 2279 Acta
518 2246 593 2279 dici
610 2247 738 2278 tertiae
745 2267 842 2277 .....
874 2244 919 2278 Ε1
942 2243 1027 2286 quia
1054 2243 1138 2277 novi
1163 2242 1337 2277 haeretici
1366 2243 1404 2277 in
1431 2242 1627 2278 Gallicanis
1653 2242 1815 2286 partibus
1838 2252 1986 2277 emerse-

369 2304 464 2341 rant,
485 2311 543 2334 eos
563 2299 729 2343 [domnus
745 2298 850 2342 papa]
870 2297 1208 2339 excommunicavit,
1227 2297 1300 2331 illis
1323 2297 1453 2332 additis
1469 2297 1531 2340 qui
1554 2298 1599 2332 ab
1623 2297 1674 2332 eis
1696 2296 1841 2340 aliquod
1857 2307 1988 2331 munus

370 2354 425 2389 vel
440 2354 629 2388 servitium
657 2352 863 2396 acciperent
873 2356 935 2386 aut
951 2351 1136 2394 quodlibet
1151 2351 1367 2385 defensionis
1380 2351 1621 2395 patrocinium
1637 2351 1710 2386 illis
1725 2351 1986 2396 impenderent.

702 2429 835 2471 Mansi,
855 2429 933 2463 (1661
956 2427 1061 2469 XIX,
1085 2428 1156 2462 blz.
1187 2430 1250 2462 737
1274 2439 1318 2462 en
1342 2430 1421 2462 742.
1440 2428 1556 2472 (Jaffe‚
1582 2429 1737 2472 Reyesta
1756 2429 1986 2474 pontificum,

758 2485 838 2519 dccl
857 2485 882 2525 I,
900 2484 963 2519 blz.
981 2485 1056 2524 532,
1076 2489 1114 2516 nr
1131 2485 1227 2524 4176,
1247 2494 1346 2517 waar
1362 2495 1447 2518 eene
1464 2483 1652 2528 ontleding
1667 2484 1731 2518 der
1747 2483 1988 2520 verbandelde

758 2541 871 2575 zaken
889 2550 1063 2584 gegeven,
1081 2550 1182 2573 maar
1197 2539 1241 2574 de
1256 2539 1400 2582 ketterij
1419 2543 1591 2584 vergeten
1607 2538 1754 2582 wordt).

1152 2677 1199 2721 5.

437 2797 694 2840 Omstreeks
719 2797 856 2848 1050,
884 2795 1017 2838 Luz‘k.
1054 2793 1176 2837 Brief
1203 2807 1288 2837 van
1320 2794 1612 2846 Theoduinus,
1645 2792 1988 2850 prins-hisschop

377 2878 463 2907 van
495 2864 619 2915 Luik‚
656 2877 738 2906 aan
772 2863 967 2906 Hendrik
997 2864 1032 2915 Ι,
1067 2863 1231 2919 koning
1261 2876 1345 2906 van
1377 2861 1628 2920 Frankrijk,
1663 2876 1768 2906 over
1797 2863 1989 2919 hetgeen

374 2945 421 2975 61·
445 2934 488 2975 te
512 2932 620 2975 doen
644 2933 736 2976 valt
768 2935 898 2988 tegen
931 2932 983 2974 de
1017 2932 1251 2989 ketteriJen
1272 2945 1356 2974 van
1380 2931 1462 2974 den
1494 2930 1692 2987 hisschop
1725 2932 1870 2974 Bruno
1902 2944 1989 2974 van
