<?xml version="1.0" encoding="UTF-8"?>
<!DOCTYPE html PUBLIC "-//W3C//DTD XHTML 1.0 Transitional//EN"
    "http://www.w3.org/TR/xhtml1/DTD/xhtml1-transitional.dtd">
<html xmlns="http://www.w3.org/1999/xhtml" xml:lang="en" lang="en">
 <head>
  <title>
</title>
<meta http-equiv="Content-Type" content="text/html;charset=utf-8" />
  <meta name='ocr-system' content='tesseract 3.04.00' />
  <meta name='ocr-capabilities' content='ocr_page ocr_carea ocr_par ocr_line ocrx_word'/>
</head>
<body>
  <div class='ocr_page' id='page_1' title='image "./corpusdocumentor01fruoft_0688.png"; bbox 0 0 2097 3466; ppageno 0'>
   <div class='ocr_carea' id='block_1_1' title="bbox 608 826 1647 876">
    <p class='ocr_par' dir='ltr' id='par_1_1' title="bbox 608 826 1647 876">
     <span class='ocr_line' id='line_1_1' title="bbox 608 826 1647 876; baseline -0.005 -1"><span class='ocrx_word' id='word_1_1' title='bbox 608 829 1074 876; x_wconf 83' lang='lat' dir='ltr'>VERBETERINGEN</span> <span class='ocrx_word' id='word_1_2' title='bbox 1111 829 1182 872; x_wconf 90' lang='lat' dir='ltr'><strong><em>EN</em></strong></span> <span class='ocrx_word' id='word_1_3' title='bbox 1214 826 1647 873; x_wconf 82' lang='lat' dir='ltr'><strong>AANVULLINGEN</strong></span> 
     </span>
    </p>
   </div>
   <div class='ocr_carea' id='block_1_2' title="bbox 943 1178 1317 1220">
    <p class='ocr_par' dir='ltr' id='par_1_2' title="bbox 943 1178 1317 1220">
     <span class='ocr_line' id='line_1_2' title="bbox 943 1178 1317 1220; baseline -0.005 -6"><span class='ocrx_word' id='word_1_4' title='bbox 943 1180 1037 1215; x_wconf 77' lang='lat' dir='ltr'><strong><em>Stuk</em></strong></span> <span class='ocrx_word' id='word_1_5' title='bbox 1054 1186 1095 1212; x_wconf 77' lang='lat'><strong><em>72¹·</em></strong></span> <span class='ocrx_word' id='word_1_6' title='bbox 1113 1185 1149 1220; x_wconf 68' lang='grc' dir='ltr'><strong><em>Ξ,</em></strong></span> <span class='ocrx_word' id='word_1_7' title='bbox 1169 1178 1242 1214; x_wconf 71' lang='lat' dir='ltr'><strong><em>blz.</em></strong></span> <span class='ocrx_word' id='word_1_8' title='bbox 1263 1179 1317 1213; x_wconf 82' lang='grc'><strong><em>42.</em></strong></span> 
     </span>
    </p>
   </div>
   <div class='ocr_carea' id='block_1_3' title="bbox 315 1241 1954 1463">
    <p class='ocr_par' dir='ltr' id='par_1_3' title="bbox 315 1241 1954 1400">
     <span class='ocr_line' id='line_1_3' title="bbox 362 1241 1952 1295; baseline -0.006 -9"><span class='ocrx_word' id='word_1_9' title='bbox 362 1252 403 1286; x_wconf 91' lang='lat' dir='ltr'><strong><em>In</em></strong></span> <span class='ocrx_word' id='word_1_10' title='bbox 426 1251 470 1286; x_wconf 89' lang='lat' dir='ltr'><strong><em>de</em></strong></span> <span class='ocrx_word' id='word_1_11' title='bbox 494 1250 611 1295; x_wconf 82' lang='lat' dir='ltr'><strong>plaats</strong></span> <span class='ocrx_word' id='word_1_12' title='bbox 626 1259 722 1283; x_wconf 84' lang='lat' dir='ltr'><strong><em>van:</em></strong></span> <span class='ocrx_word' id='word_1_13' title='bbox 750 1247 932 1289; x_wconf 78' lang='lat' dir='ltr'><strong><em>Balderic,</em></strong></span> <span class='ocrx_word' id='word_1_14' title='bbox 954 1246 1165 1291; x_wconf 71' lang='lat' dir='ltr'><strong><em>Chronz&#39;que</em></strong></span> <span class='ocrx_word' id='word_1_15' title='bbox 1187 1245 1341 1279; x_wconf 79' lang='lat' dir='ltr'><strong><em>d&#39;Arras</em></strong></span> <span class='ocrx_word' id='word_1_16' title='bbox 1370 1248 1403 1278; x_wconf 86' lang='lat' dir='ltr'><strong><em>et</em></strong></span> <span class='ocrx_word' id='word_1_17' title='bbox 1430 1243 1475 1278; x_wconf 84' lang='lat' dir='ltr'><strong><em>de</em></strong></span> <span class='ocrx_word' id='word_1_18' title='bbox 1499 1242 1685 1285; x_wconf 78' lang='lat' dir='ltr'><strong><em>Gambrai,</em></strong></span> <span class='ocrx_word' id='word_1_19' title='bbox 1702 1241 1770 1278; x_wconf 87' lang='lat' dir='ltr'><strong><em>blz.</em></strong></span> <span class='ocrx_word' id='word_1_20' title='bbox 1795 1242 1952 1289; x_wconf 54' lang='lat'><strong>356352,</strong></span> 
     </span>
     <span class='ocr_line' id='line_1_4' title="bbox 315 1298 1954 1345; baseline -0.006 -2"><span class='ocrx_word' id='word_1_21' title='bbox 315 1309 408 1344; x_wconf 89' lang='lat' dir='ltr'><strong><em>lees:</em></strong></span> <span class='ocrx_word' id='word_1_22' title='bbox 432 1306 565 1343; x_wconf 79' lang='lat' dir='ltr'><strong><em>Chron.</em></strong></span> <span class='ocrx_word' id='word_1_23' title='bbox 580 1306 614 1341; x_wconf 90' lang='lat' dir='ltr'><strong><em>S.</em></strong></span> <span class='ocrx_word' id='word_1_24' title='bbox 624 1305 799 1340; x_wconf 79' lang='lat' dir='ltr'><strong><em>Andreae</em></strong></span> <span class='ocrx_word' id='word_1_25' title='bbox 811 1305 924 1338; x_wconf 78' lang='lat' dir='ltr'><em>castri</em></span> <span class='ocrx_word' id='word_1_26' title='bbox 944 1303 1207 1344; x_wconf 83' lang='lat' dir='ltr'><strong><em>Cameracesii‚</em></strong></span> <span class='ocrx_word' id='word_1_27' title='bbox 1224 1302 1289 1345; x_wconf 82' lang='grc' dir='ltr'><strong>ΙΙΙ,</strong></span> <span class='ocrx_word' id='word_1_28' title='bbox 1304 1303 1336 1344; x_wconf 87' lang='grc'><strong><em>3,</em></strong></span> <span class='ocrx_word' id='word_1_29' title='bbox 1354 1300 1395 1336; x_wconf 87' lang='lat' dir='ltr'><strong><em>in</em></strong></span> <span class='ocrx_word' id='word_1_30' title='bbox 1409 1301 1454 1336; x_wconf 90' lang='lat' dir='ltr'><strong><em>de</em></strong></span> <span class='ocrx_word' id='word_1_31' title='bbox 1466 1301 1720 1342; x_wconf 75' lang='lat' dir='ltr'><strong><em>Monumenta‚</em></strong></span> <span class='ocrx_word' id='word_1_32' title='bbox 1735 1298 1954 1343; x_wconf 79' lang='lat' dir='ltr'><strong><em>Scriptores,</em></strong></span> 
     </span>
     <span class='ocr_line' id='line_1_5' title="bbox 315 1362 494 1400; baseline -0.017 -1"><span class='ocrx_word' id='word_1_33' title='bbox 315 1364 396 1400; x_wconf 82' lang='lat' dir='ltr'><strong><em>deel</em></strong></span> <span class='ocrx_word' id='word_1_34' title='bbox 412 1362 494 1400; x_wconf 83' lang='lat' dir='ltr'><strong><em>Vn.</em></strong></span> 
     </span>
    </p>

    <p class='ocr_par' dir='ltr' id='par_1_4' title="bbox 878 1420 1357 1463">
     <span class='ocr_line' id='line_1_6' title="bbox 878 1420 1357 1463; baseline -0.006 -6"><span class='ocrx_word' id='word_1_35' title='bbox 878 1422 967 1457; x_wconf 79' lang='lat' dir='ltr'><em>Stuk</em></span> <span class='ocrx_word' id='word_1_36' title='bbox 1000 1429 1042 1457; x_wconf 67' lang='lat' dir='ltr'><strong><em>nr</em></strong></span> <span class='ocrx_word' id='word_1_37' title='bbox 1073 1428 1145 1463; x_wconf 78' lang='lat'><strong><em>¹⁰,</em></strong></span> <span class='ocrx_word' id='word_1_38' title='bbox 1182 1420 1258 1455; x_wconf 68' lang='lat' dir='ltr'><strong><em>blz.</em></strong></span> <span class='ocrx_word' id='word_1_39' title='bbox 1301 1421 1357 1454; x_wconf 79' lang='grc'><strong><em>44.</em></strong></span> 
     </span>
    </p>
   </div>
   <div class='ocr_carea' id='block_1_4' title="bbox 314 1497 1953 1712">
    <p class='ocr_par' dir='ltr' id='par_1_5' title="bbox 314 1497 1953 1712">
     <span class='ocr_line' id='line_1_7' title="bbox 359 1497 1950 1546; baseline -0.007 -5"><span class='ocrx_word' id='word_1_40' title='bbox 359 1506 401 1541; x_wconf 92' lang='lat' dir='ltr'><strong><em>In</em></strong></span> <span class='ocrx_word' id='word_1_41' title='bbox 416 1505 460 1540; x_wconf 90' lang='lat' dir='ltr'><strong><em>de</em></strong></span> <span class='ocrx_word' id='word_1_42' title='bbox 477 1506 590 1540; x_wconf 84' lang='lat' dir='ltr'><strong><em>eerste</em></strong></span> <span class='ocrx_word' id='word_1_43' title='bbox 606 1501 725 1546; x_wconf 83' lang='lat' dir='ltr'><strong><em>regels</em></strong></span> <span class='ocrx_word' id='word_1_44' title='bbox 740 1512 811 1536; x_wconf 87' lang='lat' dir='ltr'><strong><em>van</em></strong></span> <span class='ocrx_word' id='word_1_45' title='bbox 827 1501 882 1535; x_wconf 80' lang='lat' dir='ltr'><strong><em>dit</em></strong></span> <span class='ocrx_word' id='word_1_46' title='bbox 897 1500 980 1535; x_wconf 89' lang='lat' dir='ltr'><strong><em>stuk</em></strong></span> <span class='ocrx_word' id='word_1_47' title='bbox 994 1500 1025 1535; x_wconf 88' lang='lat' dir='ltr'><strong><em>is</em></strong></span> <span class='ocrx_word' id='word_1_48' title='bbox 1039 1511 1079 1535; x_wconf 90' lang='lat' dir='ltr'><strong><em>er</em></strong></span> <span class='ocrx_word' id='word_1_49' title='bbox 1103 1511 1190 1536; x_wconf 84' lang='lat' dir='ltr'><strong><em>eene</em></strong></span> <span class='ocrx_word' id='word_1_50' title='bbox 1217 1498 1404 1534; x_wconf 79' lang='lat' dir='ltr'><strong><em>drukfout.</em></strong></span> <span class='ocrx_word' id='word_1_51' title='bbox 1439 1497 1480 1532; x_wconf 91' lang='lat' dir='ltr'><strong><em>In</em></strong></span> <span class='ocrx_word' id='word_1_52' title='bbox 1503 1497 1547 1533; x_wconf 91' lang='lat' dir='ltr'><strong><em>de</em></strong></span> <span class='ocrx_word' id='word_1_53' title='bbox 1571 1497 1687 1541; x_wconf 86' lang='lat' dir='ltr'>plaats</span> <span class='ocrx_word' id='word_1_54' title='bbox 1702 1507 1774 1532; x_wconf 85' lang='lat' dir='ltr'><strong><em>van</em></strong></span> <span class='ocrx_word' id='word_1_55' title='bbox 1799 1505 1950 1531; x_wconf 84' lang='lat' dir='ltr'><strong><em>reverus</em></strong></span> 
     </span>
     <span class='ocr_line' id='line_1_8' title="bbox 315 1547 1953 1601; baseline -0.007 -4"><span class='ocrx_word' id='word_1_56' title='bbox 315 1560 563 1601; x_wconf 79' lang='lat' dir='ltr'><strong><em>Hierusalem,</em></strong></span> <span class='ocrx_word' id='word_1_57' title='bbox 583 1559 655 1594; x_wconf 89' lang='lat' dir='ltr'><strong><em>lees</em></strong></span> <span class='ocrx_word' id='word_1_58' title='bbox 670 1559 840 1592; x_wconf 59' lang='lat' dir='ltr'><strong><em>reverens</em></strong></span> <span class='ocrx_word' id='word_1_59' title='bbox 852 1556 1109 1591; x_wconf 82' lang='lat' dir='ltr'><strong><em>Hierusalem.</em></strong></span> <span class='ocrx_word' id='word_1_60' title='bbox 1132 1557 1184 1590; x_wconf 91' lang='lat' dir='ltr'><strong><em>De</em></strong></span> <span class='ocrx_word' id='word_1_61' title='bbox 1201 1567 1242 1600; x_wconf 81' lang='lat' dir='ltr'><strong><em>pa</em></strong></span> <span class='ocrx_word' id='word_1_62' title='bbox 1250 1567 1290 1590; x_wconf 86' lang='lat' dir='ltr'><strong><em>us</em></strong></span> <span class='ocrx_word' id='word_1_63' title='bbox 1303 1553 1431 1589; x_wconf 78' lang='lat' dir='ltr'><strong><em>zwaait</em></strong></span> <span class='ocrx_word' id='word_1_64' title='bbox 1446 1553 1551 1588; x_wconf 86' lang='lat' dir='ltr'>aldus</span> <span class='ocrx_word' id='word_1_65' title='bbox 1565 1563 1635 1587; x_wconf 86' lang='lat' dir='ltr'><strong><em>aan</em></strong></span> <span class='ocrx_word' id='word_1_66' title='bbox 1649 1551 1760 1597; x_wconf 80' lang='lat' dir='ltr'><strong><em>graaf</em></strong></span> <span class='ocrx_word' id='word_1_67' title='bbox 1768 1550 1906 1586; x_wconf 80' lang='lat' dir='ltr'><strong><em>Robert</em></strong></span> <span class='ocrx_word' id='word_1_68' title='bbox 1919 1547 1953 1586; x_wconf 90' lang='lat'><strong><em>11</em></strong></span> 
     </span>
     <span class='ocr_line' id='line_1_9' title="bbox 314 1605 1952 1658; baseline -0.009 -4"><span class='ocrx_word' id='word_1_69' title='bbox 314 1629 385 1654; x_wconf 88' lang='lat' dir='ltr'><strong><em>van</em></strong></span> <span class='ocrx_word' id='word_1_70' title='bbox 415 1615 644 1652; x_wconf 88' lang='lat' dir='ltr'><strong><em>Vlaanderen</em></strong></span> <span class='ocrx_word' id='word_1_71' title='bbox 674 1624 814 1658; x_wconf 87' lang='lat' dir='ltr'><strong><em>geenen</em></strong></span> <span class='ocrx_word' id='word_1_72' title='bbox 837 1612 891 1646; x_wconf 85' lang='lat' dir='ltr'><strong><em>lof</em></strong></span> <span class='ocrx_word' id='word_1_73' title='bbox 917 1615 976 1647; x_wconf 79' lang='lat' dir='ltr'><strong><em>toe</em></strong></span> <span class='ocrx_word' id='word_1_74' title='bbox 1005 1623 1092 1647; x_wconf 88' lang='lat' dir='ltr'><strong><em>over</em></strong></span> <span class='ocrx_word' id='word_1_75' title='bbox 1114 1613 1207 1655; x_wconf 87' lang='lat' dir='ltr'><strong><em>zijne</em></strong></span> <span class='ocrx_word' id='word_1_76' title='bbox 1230 1608 1476 1650; x_wconf 77' lang='lat' dir='ltr'><strong><em>aanstaande,</em></strong></span> <span class='ocrx_word' id='word_1_77' title='bbox 1502 1618 1606 1643; x_wconf 83' lang='lat' dir='ltr'><strong><em>maar</em></strong></span> <span class='ocrx_word' id='word_1_78' title='bbox 1627 1618 1715 1643; x_wconf 85' lang='lat' dir='ltr'><strong><em>over</em></strong></span> <span class='ocrx_word' id='word_1_79' title='bbox 1729 1609 1823 1651; x_wconf 85' lang='lat' dir='ltr'><strong><em>zijne</em></strong></span> <span class='ocrx_word' id='word_1_80' title='bbox 1847 1605 1952 1641; x_wconf 85' lang='lat' dir='ltr'><strong><em>reeds</em></strong></span> 
     </span>
     <span class='ocr_line' id='line_1_10' title="bbox 314 1660 1947 1712; baseline -0.007 -5"><span class='ocrx_word' id='word_1_81' title='bbox 314 1670 523 1707; x_wconf 76' lang='lat' dir='ltr'><strong><em>volbrachte</em></strong></span> <span class='ocrx_word' id='word_1_82' title='bbox 539 1670 759 1705; x_wconf 82' lang='lat' dir='ltr'><strong><em>kruisvaart.</em></strong></span> <span class='ocrx_word' id='word_1_83' title='bbox 784 1668 837 1703; x_wconf 91' lang='lat' dir='ltr'><strong><em>De</em></strong></span> <span class='ocrx_word' id='word_1_84' title='bbox 861 1668 971 1712; x_wconf 86' lang='lat' dir='ltr'><strong><em>graaf</em></strong></span> <span class='ocrx_word' id='word_1_85' title='bbox 989 1667 1096 1702; x_wconf 83' lang='lat' dir='ltr'><strong><em>stierf</em></strong></span> <span class='ocrx_word' id='word_1_86' title='bbox 1107 1666 1191 1701; x_wconf 85' lang='lat' dir='ltr'><strong><em>kort</em></strong></span> <span class='ocrx_word' id='word_1_87' title='bbox 1206 1666 1354 1708; x_wconf 83' lang='lat' dir='ltr'><strong><em>daarna,</em></strong></span> <span class='ocrx_word' id='word_1_88' title='bbox 1372 1664 1506 1700; x_wconf 89' lang='lat' dir='ltr'><strong><em>zonder</em></strong></span> <span class='ocrx_word' id='word_1_89' title='bbox 1523 1674 1613 1699; x_wconf 85' lang='lat' dir='ltr'><strong><em>naar</em></strong></span> <span class='ocrx_word' id='word_1_90' title='bbox 1626 1662 1692 1699; x_wconf 83' lang='lat' dir='ltr'><strong><em>het</em></strong></span> <span class='ocrx_word' id='word_1_91' title='bbox 1704 1661 1830 1708; x_wconf 89' lang='lat' dir='ltr'><strong><em>Heilig</em></strong></span> <span class='ocrx_word' id='word_1_92' title='bbox 1842 1660 1947 1698; x_wconf 86' lang='lat' dir='ltr'><strong><em>Land</em></strong></span> 
     </span>
    </p>
   </div>
   <div class='ocr_carea' id='block_1_5' title="bbox 316 1726 1325 1831">
    <p class='ocr_par' dir='ltr' id='par_1_6' title="bbox 316 1726 1325 1831">
     <span class='ocr_line' id='line_1_11' title="bbox 316 1726 740 1773; baseline -0.017 -8"><span class='ocrx_word' id='word_1_93' title='bbox 316 1726 584 1773; x_wconf 83' lang='lat' dir='ltr'><strong><em>teruggekeerd</em></strong></span> <span class='ocrx_word' id='word_1_94' title='bbox 601 1728 636 1760; x_wconf 84' lang='lat' dir='ltr'><strong><em>te</em></strong></span> <span class='ocrx_word' id='word_1_95' title='bbox 652 1727 740 1768; x_wconf 85' lang='lat' dir='ltr'><strong><em>zijn.</em></strong></span> 
     </span>
     <span class='ocr_line' id='line_1_12' title="bbox 922 1787 1325 1831; baseline -0.007 -7"><span class='ocrx_word' id='word_1_96' title='bbox 922 1789 1013 1824; x_wconf 72' lang='lat' dir='ltr'><strong><em>stuk</em></strong></span> <span class='ocrx_word' id='word_1_97' title='bbox 1028 1796 1069 1823; x_wconf 67' lang='lat' dir='ltr'><strong><em>nr</em></strong></span> <span class='ocrx_word' id='word_1_98' title='bbox 1087 1794 1154 1831; x_wconf 73' lang='grc'><strong><em>44,</em></strong></span> <span class='ocrx_word' id='word_1_99' title='bbox 1176 1787 1246 1823; x_wconf 66' lang='lat' dir='ltr'><strong><em>blz.</em></strong></span> <span class='ocrx_word' id='word_1_100' title='bbox 1267 1789 1325 1822; x_wconf 75' lang='lat'><strong><em>44.</em></strong></span> 
     </span>
    </p>
   </div>
   <div class='ocr_carea' id='block_1_6' title="bbox 315 1859 1949 2024">
    <p class='ocr_par' dir='ltr' id='par_1_7' title="bbox 315 1859 1949 2024">
     <span class='ocr_line' id='line_1_13' title="bbox 356 1859 1949 1912; baseline -0.006 -5"><span class='ocrx_word' id='word_1_101' title='bbox 356 1871 433 1908; x_wconf 85' lang='lat' dir='ltr'><strong><em>Met</em></strong></span> <span class='ocrx_word' id='word_1_102' title='bbox 455 1871 508 1906; x_wconf 83' lang='lat' dir='ltr'><strong><em>dit</em></strong></span> <span class='ocrx_word' id='word_1_103' title='bbox 531 1870 594 1905; x_wconf 85' lang='lat' dir='ltr'><strong><em>feit</em></strong></span> <span class='ocrx_word' id='word_1_104' title='bbox 618 1870 657 1904; x_wconf 88' lang='lat' dir='ltr'><strong><em>in</em></strong></span> <span class='ocrx_word' id='word_1_105' title='bbox 678 1869 703 1904; x_wconf 82' lang='lat' dir='ltr'><strong><em>‘t</em></strong></span> <span class='ocrx_word' id='word_1_106' title='bbox 722 1872 804 1912; x_wconf 86' lang='lat' dir='ltr'><strong><em>jaar</em></strong></span> <span class='ocrx_word' id='word_1_107' title='bbox 830 1869 913 1902; x_wconf 86' lang='lat'>1164</span> <span class='ocrx_word' id='word_1_108' title='bbox 929 1871 964 1902; x_wconf 84' lang='lat' dir='ltr'><strong><em>te</em></strong></span> <span class='ocrx_word' id='word_1_109' title='bbox 980 1867 1143 1911; x_wconf 84' lang='lat' dir='ltr'><strong><em>plaatsen</em></strong></span> <span class='ocrx_word' id='word_1_110' title='bbox 1159 1867 1257 1902; x_wconf 80' lang='lat' dir='ltr'><strong><em>heeft</em></strong></span> <span class='ocrx_word' id='word_1_111' title='bbox 1275 1864 1498 1901; x_wconf 85' lang='lat' dir='ltr'><strong><em>Schoockius</em></strong></span> <span class='ocrx_word' id='word_1_112' title='bbox 1513 1864 1638 1909; x_wconf 80' lang='lat' dir='ltr'><strong><em>stellig</em></strong></span> <span class='ocrx_word' id='word_1_113' title='bbox 1652 1862 1855 1909; x_wconf 85' lang='lat' dir='ltr'><strong><em>gedwaald.</em></strong></span> <span class='ocrx_word' id='word_1_114' title='bbox 1877 1859 1949 1897; x_wconf 80' lang='lat' dir='ltr'><strong><em>Het</em></strong></span> 
     </span>
     <span class='ocr_line' id='line_1_14' title="bbox 316 1917 1948 1971; baseline -0.007 -8"><span class='ocrx_word' id='word_1_115' title='bbox 316 1932 412 1964; x_wconf 81' lang='lat' dir='ltr'><strong><em>moet</em></strong></span> <span class='ocrx_word' id='word_1_116' title='bbox 426 1938 472 1971; x_wconf 91' lang='lat' dir='ltr'><strong><em>op</em></strong></span> <span class='ocrx_word' id='word_1_117' title='bbox 490 1926 573 1961; x_wconf 89' lang='lat'>1135</span> <span class='ocrx_word' id='word_1_118' title='bbox 589 1923 875 1970; x_wconf 79' lang='lat' dir='ltr'><strong><em>teruggebracht</em></strong></span> <span class='ocrx_word' id='word_1_119' title='bbox 890 1923 1050 1962; x_wconf 79' lang='lat' dir='ltr'><strong><em>worden.</em></strong></span> <span class='ocrx_word' id='word_1_120' title='bbox 1063 1923 1181 1958; x_wconf 85' lang='lat' dir='ltr'><strong><em>zooals</em></strong></span> <span class='ocrx_word' id='word_1_121' title='bbox 1198 1922 1306 1966; x_wconf 81' lang='lat' dir='ltr'><strong><em>blijkt</em></strong></span> <span class='ocrx_word' id='word_1_122' title='bbox 1324 1921 1378 1957; x_wconf 84' lang='lat' dir='ltr'><strong><em>uit</em></strong></span> <span class='ocrx_word' id='word_1_123' title='bbox 1393 1931 1479 1956; x_wconf 87' lang='lat' dir='ltr'><strong><em>onze</em></strong></span> <span class='ocrx_word' id='word_1_124' title='bbox 1491 1922 1602 1966; x_wconf 41' lang='lat' dir='ltr'><strong><em>urs-27</em></strong></span> <span class='ocrx_word' id='word_1_125' title='bbox 1617 1931 1662 1956; x_wconf 87' lang='lat' dir='ltr'><strong><em>en</em></strong></span> <span class='ocrx_word' id='word_1_126' title='bbox 1673 1922 1729 1956; x_wconf 80' lang='lat'><strong><em>28.</em></strong></span> <span class='ocrx_word' id='word_1_127' title='bbox 1745 1917 1948 1963; x_wconf 84' lang='lat' dir='ltr'><strong><em>Overigens</em></strong></span> 
     </span>
     <span class='ocr_line' id='line_1_15' title="bbox 315 1981 1078 2024; baseline -0.007 -7"><span class='ocrx_word' id='word_1_128' title='bbox 315 1984 345 2017; x_wconf 84' lang='lat' dir='ltr'><strong><em>is</em></strong></span> <span class='ocrx_word' id='word_1_129' title='bbox 360 1982 478 2018; x_wconf 90' lang='lat' dir='ltr'><strong><em>keizer</em></strong></span> <span class='ocrx_word' id='word_1_130' title='bbox 496 1981 692 2016; x_wconf 81' lang='lat' dir='ltr'><strong><em>Lotharius</em></strong></span> <span class='ocrx_word' id='word_1_131' title='bbox 708 1981 748 2015; x_wconf 86' lang='lat' dir='ltr'><strong><em>in</em></strong></span> <span class='ocrx_word' id='word_1_132' title='bbox 765 1981 850 2015; x_wconf 82' lang='lat'>1133</span> <span class='ocrx_word' id='word_1_133' title='bbox 869 1982 1078 2024; x_wconf 78' lang='lat' dir='ltr'><strong><em>gestorven.</em></strong></span> 
     </span>
    </p>
   </div>
   <div class='ocr_carea' id='block_1_7' title="bbox 913 2062 1352 2105">
    <p class='ocr_par' dir='ltr' id='par_1_8' title="bbox 913 2062 1352 2105">
     <span class='ocr_line' id='line_1_16' title="bbox 913 2062 1352 2105; baseline -0.002 -7"><span class='ocrx_word' id='word_1_134' title='bbox 913 2064 1004 2098; x_wconf 74' lang='lat' dir='ltr'><strong><em>Sczck</em></strong></span> <span class='ocrx_word' id='word_1_135' title='bbox 1029 2071 1069 2097; x_wconf 66' lang='grc' dir='ltr'><strong><em>ηῑ·</em></strong></span> <span class='ocrx_word' id='word_1_136' title='bbox 1092 2069 1162 2105; x_wconf 67' lang='lat' dir='ltr'><strong><em>ow,</em></strong></span> <span class='ocrx_word' id='word_1_137' title='bbox 1189 2062 1267 2098; x_wconf 70' lang='lat' dir='ltr'><em>blz.</em></span> <span class='ocrx_word' id='word_1_138' title='bbox 1297 2064 1352 2097; x_wconf 87' lang='lat'><strong><em>60.</em></strong></span> 
     </span>
    </p>
   </div>
   <div class='ocr_carea' id='block_1_8' title="bbox 360 2138 1944 2187">
    <p class='ocr_par' dir='ltr' id='par_1_9' title="bbox 360 2138 1944 2187">
     <span class='ocr_line' id='line_1_17' title="bbox 360 2138 1944 2187; baseline -0.004 -8"><span class='ocrx_word' id='word_1_139' title='bbox 360 2142 471 2179; x_wconf 85' lang='lat' dir='ltr'><strong><em>Lees:</em></strong></span> <span class='ocrx_word' id='word_1_140' title='bbox 491 2142 577 2177; x_wconf 80' lang='grc'><em>4498</em></span> <span class='ocrx_word' id='word_1_141' title='bbox 599 2143 644 2187; x_wconf 82' lang='lat' dir='ltr'><strong><em>of</em></strong></span> <span class='ocrx_word' id='word_1_142' title='bbox 661 2142 758 2184; x_wconf 84' lang='grc'><em>4499,</em></span> <span class='ocrx_word' id='word_1_143' title='bbox 784 2142 912 2176; x_wconf 79' lang='lat' dir='ltr'><strong><em>Maart</em></strong></span> <span class='ocrx_word' id='word_1_144' title='bbox 935 2142 989 2183; x_wconf 75' lang='lat'><strong><em>25,</em></strong></span> <span class='ocrx_word' id='word_1_145' title='bbox 1018 2141 1218 2175; x_wconf 77' lang='lat' dir='ltr'><strong><em>Laceraan.</em></strong></span> <span class='ocrx_word' id='word_1_146' title='bbox 1246 2141 1309 2175; x_wconf 92' lang='lat' dir='ltr'><strong><em>Zie</em></strong></span> <span class='ocrx_word' id='word_1_147' title='bbox 1333 2139 1512 2180; x_wconf 50' lang='lat' dir='ltr'><strong><em>Potthazt,</em></strong></span> <span class='ocrx_word' id='word_1_148' title='bbox 1538 2138 1617 2174; x_wconf 89' lang='lat' dir='ltr'><strong><em>deel</em></strong></span> <span class='ocrx_word' id='word_1_149' title='bbox 1643 2139 1670 2180; x_wconf 91' lang='grc' dir='ltr'><strong><em>Ι,</em></strong></span> <span class='ocrx_word' id='word_1_150' title='bbox 1694 2138 1766 2173; x_wconf 91' lang='lat' dir='ltr'><strong><em>blz.</em></strong></span> <span class='ocrx_word' id='word_1_151' title='bbox 1786 2141 1806 2175; x_wconf 89' lang='grc'>8</span> <span class='ocrx_word' id='word_1_152' title='bbox 1825 2148 1872 2173; x_wconf 85' lang='lat' dir='ltr'><strong><em>en</em></strong></span> <span class='ocrx_word' id='word_1_153' title='bbox 1888 2139 1944 2180; x_wconf 86' lang='lat'><strong><em>61,</em></strong></span> 
     </span>
    </p>
   </div>
   <div class='ocr_carea' id='block_1_9' title="bbox 317 2201 1359 2293">
    <p class='ocr_par' dir='ltr' id='par_1_10' title="bbox 317 2201 1359 2293">
     <span class='ocr_line' id='line_1_18' title="bbox 317 2201 639 2241; baseline -0.009 -6"><span class='ocrx_word' id='word_1_154' title='bbox 317 2205 369 2235; x_wconf 64' lang='lat' dir='ltr'><strong><em>n‘s</em></strong></span> <span class='ocrx_word' id='word_1_155' title='bbox 384 2202 426 2234; x_wconf 79' lang='lat'><strong><em>64</em></strong></span> <span class='ocrx_word' id='word_1_156' title='bbox 443 2212 488 2235; x_wconf 90' lang='lat' dir='ltr'><strong><em>en</em></strong></span> <span class='ocrx_word' id='word_1_157' title='bbox 505 2201 586 2234; x_wconf 85' lang='lat'><strong><em>643.</em></strong></span> <span class='ocrx_word' id='word_1_158' title='bbox 637 2238 639 2241; x_wconf 32' lang='grc' dir='ltr'>Ι</span> 
     </span>
     <span class='ocr_line' id='line_1_19' title="bbox 915 2250 1359 2293; baseline -0.005 -7"><span class='ocrx_word' id='word_1_159' title='bbox 915 2252 1005 2286; x_wconf 73' lang='lat' dir='ltr'><strong><em>Stuk</em></strong></span> <span class='ocrx_word' id='word_1_160' title='bbox 1028 2259 1069 2285; x_wconf 64' lang='grc' dir='ltr'><strong><em>η’·</em></strong></span> <span class='ocrx_word' id='word_1_161' title='bbox 1092 2257 1163 2293; x_wconf 66' lang='lat' dir='ltr'><strong><em>iu,</em></strong></span> <span class='ocrx_word' id='word_1_162' title='bbox 1193 2250 1270 2285; x_wconf 63' lang='lat' dir='ltr'><strong><em>blz.</em></strong></span> <span class='ocrx_word' id='word_1_163' title='bbox 1298 2252 1359 2284; x_wconf 70' lang='lat'><strong><em>93.</em></strong></span> 
     </span>
    </p>
   </div>
   <div class='ocr_carea' id='block_1_10' title="bbox 317 2326 1952 2981">
    <p class='ocr_par' dir='ltr' id='par_1_11' title="bbox 317 2326 1951 2428">
     <span class='ocr_line' id='line_1_20' title="bbox 363 2326 1951 2375; baseline -0.004 -7"><span class='ocrx_word' id='word_1_164' title='bbox 363 2334 458 2368; x_wconf 89' lang='lat' dir='ltr'><strong><em>Over</em></strong></span> <span class='ocrx_word' id='word_1_165' title='bbox 473 2333 517 2367; x_wconf 92' lang='lat' dir='ltr'><strong><em>de</em></strong></span> <span class='ocrx_word' id='word_1_166' title='bbox 531 2329 748 2375; x_wconf 84' lang='lat' dir='ltr'><strong><em>vervolging</em></strong></span> <span class='ocrx_word' id='word_1_167' title='bbox 765 2330 828 2364; x_wconf 90' lang='lat' dir='ltr'><strong><em>der</em></strong></span> <span class='ocrx_word' id='word_1_168' title='bbox 845 2329 982 2364; x_wconf 83' lang='lat' dir='ltr'><strong><em>ketters</em></strong></span> <span class='ocrx_word' id='word_1_169' title='bbox 999 2333 1034 2364; x_wconf 81' lang='lat' dir='ltr'><strong><em>te</em></strong></span> <span class='ocrx_word' id='word_1_170' title='bbox 1051 2328 1241 2373; x_wconf 78' lang='lat' dir='ltr'><strong><em>KameriJk</em></strong></span> <span class='ocrx_word' id='word_1_171' title='bbox 1267 2340 1312 2364; x_wconf 89' lang='lat' dir='ltr'><strong><em>en</em></strong></span> <span class='ocrx_word' id='word_1_172' title='bbox 1337 2328 1485 2363; x_wconf 86' lang='lat' dir='ltr'><strong><em>Dowaai</em></strong></span> <span class='ocrx_word' id='word_1_173' title='bbox 1503 2328 1542 2363; x_wconf 86' lang='lat' dir='ltr'><strong><em>in</em></strong></span> <span class='ocrx_word' id='word_1_174' title='bbox 1562 2328 1762 2370; x_wconf 71' lang='lat'><strong>1234-1236,</strong></span> <span class='ocrx_word' id='word_1_175' title='bbox 1784 2327 1826 2362; x_wconf 87' lang='lat' dir='ltr'><strong><em>of</em></strong></span> <span class='ocrx_word' id='word_1_176' title='bbox 1836 2326 1951 2363; x_wconf 85' lang='lat' dir='ltr'><strong><em>liever</em></strong></span> 
     </span>
     <span class='ocr_line' id='line_1_21' title="bbox 317 2381 1946 2428; baseline -0.001 -6"><span class='ocrx_word' id='word_1_177' title='bbox 317 2389 355 2422; x_wconf 88' lang='lat' dir='ltr'><strong><em>in</em></strong></span> <span class='ocrx_word' id='word_1_178' title='bbox 373 2389 469 2428; x_wconf 77' lang='lat'><strong>1235,</strong></span> <span class='ocrx_word' id='word_1_179' title='bbox 484 2386 624 2421; x_wconf 84' lang='lat' dir='ltr'><strong><em>hebben</em></strong></span> <span class='ocrx_word' id='word_1_180' title='bbox 639 2387 699 2428; x_wconf 85' lang='lat' dir='ltr'><strong><em>wij</em></strong></span> <span class='ocrx_word' id='word_1_181' title='bbox 715 2383 898 2419; x_wconf 84' lang='lat' dir='ltr'><strong><em>verzuimd</em></strong></span> <span class='ocrx_word' id='word_1_182' title='bbox 911 2383 973 2418; x_wconf 82' lang='lat' dir='ltr'><strong><em>het</em></strong></span> <span class='ocrx_word' id='word_1_183' title='bbox 985 2382 1162 2427; x_wconf 85' lang='lat' dir='ltr'><strong><em>volgende</em></strong></span> <span class='ocrx_word' id='word_1_184' title='bbox 1174 2394 1253 2418; x_wconf 87' lang='lat' dir='ltr'><strong><em>zeer</em></strong></span> <span class='ocrx_word' id='word_1_185' title='bbox 1267 2382 1474 2427; x_wconf 85' lang='lat' dir='ltr'><strong><em>belangrijk</em></strong></span> <span class='ocrx_word' id='word_1_186' title='bbox 1490 2381 1680 2417; x_wconf 83' lang='lat' dir='ltr'><strong><em>uittreksel</em></strong></span> <span class='ocrx_word' id='word_1_187' title='bbox 1692 2392 1738 2425; x_wconf 90' lang='lat' dir='ltr'><strong><em>op</em></strong></span> <span class='ocrx_word' id='word_1_188' title='bbox 1751 2385 1788 2419; x_wconf 86' lang='lat' dir='ltr'><strong><em>te</em></strong></span> <span class='ocrx_word' id='word_1_189' title='bbox 1801 2393 1946 2420; x_wconf 85' lang='lat' dir='ltr'><strong><em>nemen:</em></strong></span> 
     </span>
    </p>

    <p class='ocr_par' dir='ltr' id='par_1_12' title="bbox 318 2436 1952 2981">
     <span class='ocr_line' id='line_1_22' title="bbox 362 2436 1949 2482; baseline -0.004 -4"><span class='ocrx_word' id='word_1_190' title='bbox 362 2459 377 2471; x_wconf 70' lang='lat' dir='ltr'><em>u</em></span> <span class='ocrx_word' id='word_1_191' title='bbox 396 2443 451 2478; x_wconf 90' lang='lat' dir='ltr'><strong><em>Ad</em></strong></span> <span class='ocrx_word' id='word_1_192' title='bbox 468 2454 605 2477; x_wconf 87' lang='lat' dir='ltr'><strong><em>annum</em></strong></span> <span class='ocrx_word' id='word_1_193' title='bbox 622 2443 717 2476; x_wconf 80' lang='lat'>1235.</span> <span class='ocrx_word' id='word_1_194' title='bbox 748 2441 788 2475; x_wconf 90' lang='lat' dir='ltr'><strong><em>In</em></strong></span> <span class='ocrx_word' id='word_1_195' title='bbox 811 2441 958 2474; x_wconf 83' lang='lat' dir='ltr'><strong><em>civitate</em></strong></span> <span class='ocrx_word' id='word_1_196' title='bbox 983 2438 1278 2480; x_wconf 80' lang='lat' dir='ltr'><strong><em>cathalaunensi,</em></strong></span> <span class='ocrx_word' id='word_1_197' title='bbox 1297 2441 1484 2482; x_wconf 79' lang='lat' dir='ltr'><strong><em>praesente</em></strong></span> <span class='ocrx_word' id='word_1_198' title='bbox 1501 2438 1613 2472; x_wconf 83' lang='lat' dir='ltr'><strong><em>fratre</em></strong></span> <span class='ocrx_word' id='word_1_199' title='bbox 1629 2436 1790 2472; x_wconf 78' lang='lat' dir='ltr'><strong><em>Roberto</em></strong></span> <span class='ocrx_word' id='word_1_200' title='bbox 1812 2440 1848 2473; x_wconf 78' lang='lat' dir='ltr'><strong><em>et</em></strong></span> <span class='ocrx_word' id='word_1_201' title='bbox 1866 2448 1949 2472; x_wconf 86' lang='lat' dir='ltr'><strong><em>can·</em></strong></span> 
     </span>
     <span class='ocr_line' id='line_1_23' title="bbox 318 2491 1952 2540; baseline -0.004 -7"><span class='ocrx_word' id='word_1_202' title='bbox 318 2499 467 2534; x_wconf 87' lang='lat' dir='ltr'><strong><em>cellario</em></strong></span> <span class='ocrx_word' id='word_1_203' title='bbox 492 2497 690 2532; x_wconf 80' lang='lat' dir='ltr'><strong><em>parisiensi</em></strong></span> <span class='ocrx_word' id='word_1_204' title='bbox 714 2496 889 2540; x_wconf 82' lang='lat' dir='ltr'><strong><em>magistro</em></strong></span> <span class='ocrx_word' id='word_1_205' title='bbox 914 2494 1097 2539; x_wconf 85' lang='lat' dir='ltr'><strong><em>Philippo,</em></strong></span> <span class='ocrx_word' id='word_1_206' title='bbox 1124 2494 1303 2529; x_wconf 80' lang='lat' dir='ltr'>combusti</span> <span class='ocrx_word' id='word_1_207' title='bbox 1327 2494 1477 2528; x_wconf 78' lang='lat' dir='ltr'><strong><em>fuerunt</em></strong></span> <span class='ocrx_word' id='word_1_208' title='bbox 1499 2492 1670 2527; x_wconf 87' lang='lat' dir='ltr'><strong><em>heretici.</em></strong></span> <span class='ocrx_word' id='word_1_209' title='bbox 1692 2491 1834 2528; x_wconf 88' lang='lat' dir='ltr'><strong><em>Horum</em></strong></span> <span class='ocrx_word' id='word_1_210' title='bbox 1855 2503 1952 2528; x_wconf 84' lang='lat' dir='ltr'><strong><em>unus</em></strong></span> 
     </span>
     <span class='ocr_line' id='line_1_24' title="bbox 318 2547 1950 2588; baseline -0.004 0"><span class='ocrx_word' id='word_1_211' title='bbox 318 2553 515 2588; x_wconf 86' lang='lat' dir='ltr'><strong><em>Arnolinus</em></strong></span> <span class='ocrx_word' id='word_1_212' title='bbox 530 2557 654 2588; x_wconf 78' lang='lat' dir='ltr'><strong><em>tonsor</em></strong></span> <span class='ocrx_word' id='word_1_213' title='bbox 676 2555 773 2586; x_wconf 82' lang='lat' dir='ltr'><strong><em>totus</em></strong></span> <span class='ocrx_word' id='word_1_214' title='bbox 789 2550 934 2585; x_wconf 90' lang='lat' dir='ltr'><strong><em>demoni</em></strong></span> <span class='ocrx_word' id='word_1_215' title='bbox 950 2550 1092 2585; x_wconf 81' lang='lat' dir='ltr'><strong><em>deditus</em></strong></span> <span class='ocrx_word' id='word_1_216' title='bbox 1109 2553 1144 2584; x_wconf 78' lang='lat' dir='ltr'><strong><em>et</em></strong></span> <span class='ocrx_word' id='word_1_217' title='bbox 1160 2550 1257 2584; x_wconf 82' lang='lat' dir='ltr'><strong><em>ultra</em></strong></span> <span class='ocrx_word' id='word_1_218' title='bbox 1280 2549 1427 2584; x_wconf 90' lang='lat' dir='ltr'><strong><em>modum</em></strong></span> <span class='ocrx_word' id='word_1_219' title='bbox 1452 2548 1584 2584; x_wconf 78' lang='lat' dir='ltr'><strong><em>fetidus</em></strong></span> <span class='ocrx_word' id='word_1_220' title='bbox 1599 2548 1733 2583; x_wconf 81' lang='lat' dir='ltr'><strong><em>multos</em></strong></span> <span class='ocrx_word' id='word_1_221' title='bbox 1747 2547 1787 2582; x_wconf 85' lang='lat' dir='ltr'><strong><em>in</em></strong></span> <span class='ocrx_word' id='word_1_222' title='bbox 1802 2547 1950 2583; x_wconf 84' lang='lat' dir='ltr'><strong><em>civitate</em></strong></span> 
     </span>
     <span class='ocr_line' id='line_1_25' title="bbox 319 2602 1950 2652; baseline -0.002 -10"><span class='ocrx_word' id='word_1_223' title='bbox 319 2608 533 2652; x_wconf 82' lang='lat' dir='ltr'><strong><em>decipiebat.</em></strong></span> <span class='ocrx_word' id='word_1_224' title='bbox 566 2606 745 2642; x_wconf 84' lang='lat' dir='ltr'><strong><em>Similiter</em></strong></span> <span class='ocrx_word' id='word_1_225' title='bbox 774 2606 815 2639; x_wconf 89' lang='lat' dir='ltr'><strong><em>in</em></strong></span> <span class='ocrx_word' id='word_1_226' title='bbox 845 2605 1041 2640; x_wconf 86' lang='lat' dir='ltr'><strong><em>Cameraco</em></strong></span> <span class='ocrx_word' id='word_1_227' title='bbox 1073 2604 1179 2639; x_wconf 80' lang='lat' dir='ltr'><strong><em>multi</em></strong></span> <span class='ocrx_word' id='word_1_228' title='bbox 1208 2603 1459 2648; x_wconf 85' lang='lat' dir='ltr'><strong><em>comprehensi</em></strong></span> <span class='ocrx_word' id='word_1_229' title='bbox 1483 2606 1579 2645; x_wconf 84' lang='lat' dir='ltr'><strong><em>sunt,</em></strong></span> <span class='ocrx_word' id='word_1_230' title='bbox 1604 2602 1700 2638; x_wconf 83' lang='lat' dir='ltr'><strong><em>inter</em></strong></span> <span class='ocrx_word' id='word_1_231' title='bbox 1723 2613 1812 2646; x_wconf 88' lang='lat' dir='ltr'><strong><em>quos</em></strong></span> <span class='ocrx_word' id='word_1_232' title='bbox 1827 2602 1950 2638; x_wconf 81' lang='lat' dir='ltr'><strong><em>vetula</em></strong></span> 
     </span>
     <span class='ocr_line' id='line_1_26' title="bbox 318 2657 1951 2706; baseline -0.003 -9"><span class='ocrx_word' id='word_1_233' title='bbox 318 2663 473 2706; x_wconf 87' lang='lat' dir='ltr'><strong><em>quedam</em></strong></span> <span class='ocrx_word' id='word_1_234' title='bbox 503 2662 652 2706; x_wconf 88' lang='lat' dir='ltr'><strong><em>Alaydis</em></strong></span> <span class='ocrx_word' id='word_1_235' title='bbox 683 2661 841 2702; x_wconf 88' lang='lat' dir='ltr'><strong><em>nomine,</em></strong></span> <span class='ocrx_word' id='word_1_236' title='bbox 873 2660 937 2703; x_wconf 88' lang='lat' dir='ltr'><strong><em>qui</em></strong></span> <span class='ocrx_word' id='word_1_237' title='bbox 963 2660 1155 2694; x_wconf 79' lang='lat' dir='ltr'><strong><em>videbatur</em></strong></span> <span class='ocrx_word' id='word_1_238' title='bbox 1182 2663 1218 2694; x_wconf 79' lang='lat' dir='ltr'><strong><em>et</em></strong></span> <span class='ocrx_word' id='word_1_239' title='bbox 1244 2658 1460 2694; x_wconf 82' lang='lat' dir='ltr'><strong><em>credebatur</em></strong></span> <span class='ocrx_word' id='word_1_240' title='bbox 1488 2669 1563 2693; x_wconf 89' lang='lat' dir='ltr'><strong><em>esse</em></strong></span> <span class='ocrx_word' id='word_1_241' title='bbox 1590 2657 1694 2692; x_wconf 83' lang='lat' dir='ltr'><strong><em>valde</em></strong></span> <span class='ocrx_word' id='word_1_242' title='bbox 1718 2657 1892 2702; x_wconf 83' lang='lat' dir='ltr'><strong><em>religiosa</em></strong></span> <span class='ocrx_word' id='word_1_243' title='bbox 1914 2660 1951 2692; x_wconf 81' lang='lat' dir='ltr'><strong><em>et</em></strong></span> 
     </span>
     <span class='ocr_line' id='line_1_27' title="bbox 319 2711 1950 2760; baseline -0.005 -6"><span class='ocrx_word' id='word_1_244' title='bbox 319 2718 572 2754; x_wconf 78' lang='lat' dir='ltr'><strong><em>elemosinaria</em></strong></span> <span class='ocrx_word' id='word_1_245' title='bbox 588 2718 684 2752; x_wconf 83' lang='lat' dir='ltr'><strong><em>ultra</em></strong></span> <span class='ocrx_word' id='word_1_246' title='bbox 708 2717 867 2760; x_wconf 90' lang='lat' dir='ltr'><strong><em>modum,</em></strong></span> <span class='ocrx_word' id='word_1_247' title='bbox 894 2716 1040 2750; x_wconf 86' lang='lat' dir='ltr'><strong><em>tandem</em></strong></span> <span class='ocrx_word' id='word_1_248' title='bbox 1054 2719 1224 2750; x_wconf 82' lang='lat' dir='ltr'><strong><em>accusata</em></strong></span> <span class='ocrx_word' id='word_1_249' title='bbox 1256 2714 1515 2758; x_wconf 84' lang='lat' dir='ltr'><strong><em>comprehensa</em></strong></span> <span class='ocrx_word' id='word_1_250' title='bbox 1542 2716 1611 2748; x_wconf 74' lang='lat' dir='ltr'><strong><em>est.</em></strong></span> <span class='ocrx_word' id='word_1_251' title='bbox 1633 2713 1685 2748; x_wconf 90' lang='lat' dir='ltr'><strong><em>De</em></strong></span> <span class='ocrx_word' id='word_1_252' title='bbox 1714 2713 1784 2747; x_wconf 82' lang='lat' dir='ltr'><strong><em>ista</em></strong></span> <span class='ocrx_word' id='word_1_253' title='bbox 1809 2711 1950 2746; x_wconf 79' lang='lat' dir='ltr'><strong><em>dictum</em></strong></span> 
     </span>
     <span class='ocr_line' id='line_1_28' title="bbox 321 2765 1946 2816; baseline -0.004 -9"><span class='ocrx_word' id='word_1_254' title='bbox 321 2777 385 2815; x_wconf 88' lang='lat' dir='ltr'><strong><em>est,</em></strong></span> <span class='ocrx_word' id='word_1_255' title='bbox 403 2773 498 2816; x_wconf 90' lang='lat' dir='ltr'><strong><em>quod</em></strong></span> <span class='ocrx_word' id='word_1_256' title='bbox 515 2772 670 2815; x_wconf 83' lang='lat' dir='ltr'>quadam</span> <span class='ocrx_word' id='word_1_257' title='bbox 688 2771 746 2805; x_wconf 90' lang='lat' dir='ltr'><strong><em>die</em></strong></span> <span class='ocrx_word' id='word_1_258' title='bbox 770 2781 835 2814; x_wconf 88' lang='lat' dir='ltr'><strong><em>per</em></strong></span> <span class='ocrx_word' id='word_1_259' title='bbox 857 2770 962 2804; x_wconf 88' lang='lat' dir='ltr'><strong><em>illum</em></strong></span> <span class='ocrx_word' id='word_1_260' title='bbox 993 2769 1055 2813; x_wconf 92' lang='lat' dir='ltr'><strong><em>qui</em></strong></span> <span class='ocrx_word' id='word_1_261' title='bbox 1089 2770 1269 2804; x_wconf 84' lang='lat' dir='ltr'><strong><em>clamabat</em></strong></span> <span class='ocrx_word' id='word_1_262' title='bbox 1296 2779 1360 2813; x_wconf 88' lang='lat' dir='ltr'><strong><em>per</em></strong></span> <span class='ocrx_word' id='word_1_263' title='bbox 1390 2768 1600 2803; x_wconf 80' lang='lat' dir='ltr'><strong><em>civitatem:</em></strong></span> <span class='ocrx_word' id='word_1_264' title='bbox 1629 2767 1766 2802; x_wconf 81' lang='lat' dir='ltr'><strong><em>Vinum</em></strong></span> <span class='ocrx_word' id='word_1_265' title='bbox 1798 2765 1946 2808; x_wconf 77' lang='lat' dir='ltr'><strong><em>bonum,</em></strong></span> 
     </span>
     <span class='ocr_line' id='line_1_29' title="bbox 318 2822 1947 2871; baseline -0.003 -11"><span class='ocrx_word' id='word_1_266' title='bbox 318 2829 449 2860; x_wconf 80' lang='lat' dir='ltr'><strong><em>vinum</em></strong></span> <span class='ocrx_word' id='word_1_267' title='bbox 474 2828 670 2871; x_wconf 79' lang='lat' dir='ltr'><strong><em>optimum,</em></strong></span> <span class='ocrx_word' id='word_1_268' title='bbox 691 2827 822 2859; x_wconf 79' lang='lat' dir='ltr'><strong><em>vinum</em></strong></span> <span class='ocrx_word' id='word_1_269' title='bbox 837 2827 1058 2869; x_wconf 76' lang='lat' dir='ltr'><strong><em>pretiosum,</em></strong></span> <span class='ocrx_word' id='word_1_270' title='bbox 1084 2824 1168 2859; x_wconf 76' lang='lat' dir='ltr'><strong><em>dato</em></strong></span> <span class='ocrx_word' id='word_1_271' title='bbox 1197 2823 1313 2868; x_wconf 81' lang='lat' dir='ltr'><strong><em>pretio</em></strong></span> <span class='ocrx_word' id='word_1_272' title='bbox 1339 2822 1466 2858; x_wconf 82' lang='lat' dir='ltr'><strong><em>fecerit</em></strong></span> <span class='ocrx_word' id='word_1_273' title='bbox 1496 2822 1674 2857; x_wconf 87' lang='lat' dir='ltr'><strong><em>clamari:</em></strong></span> <span class='ocrx_word' id='word_1_274' title='bbox 1693 2822 1813 2856; x_wconf 83' lang='lat' dir='ltr'><strong><em>Deum</em></strong></span> <span class='ocrx_word' id='word_1_275' title='bbox 1821 2823 1947 2866; x_wconf 81' lang='lat' dir='ltr'><strong><em>pium,</em></strong></span> 
     </span>
     <span class='ocr_line' id='line_1_30' title="bbox 320 2877 1950 2923; baseline -0.002 -8"><span class='ocrx_word' id='word_1_276' title='bbox 320 2881 438 2915; x_wconf 78' lang='lat' dir='ltr'><strong><em>Deum</em></strong></span> <span class='ocrx_word' id='word_1_277' title='bbox 476 2879 770 2922; x_wconf 78' lang='lat' dir='ltr'><strong><em>misericordem,</em></strong></span> <span class='ocrx_word' id='word_1_278' title='bbox 803 2879 922 2913; x_wconf 85' lang='lat' dir='ltr'><strong><em>Deum</em></strong></span> <span class='ocrx_word' id='word_1_279' title='bbox 954 2877 1089 2913; x_wconf 81' lang='lat' dir='ltr'><strong><em>bonum</em></strong></span> <span class='ocrx_word' id='word_1_280' title='bbox 1121 2883 1153 2912; x_wconf 81' lang='lat' dir='ltr'><strong><em>et</em></strong></span> <span class='ocrx_word' id='word_1_281' title='bbox 1183 2880 1375 2923; x_wconf 78' lang='lat' dir='ltr'><strong><em>optimum,</em></strong></span> <span class='ocrx_word' id='word_1_282' title='bbox 1412 2888 1477 2923; x_wconf 87' lang='lat' dir='ltr'><strong><em>per</em></strong></span> <span class='ocrx_word' id='word_1_283' title='bbox 1513 2880 1627 2913; x_wconf 82' lang='lat' dir='ltr'><strong><em>totam</em></strong></span> <span class='ocrx_word' id='word_1_284' title='bbox 1657 2877 1843 2912; x_wconf 82' lang='lat' dir='ltr'><strong><em>civitatem</em></strong></span> <span class='ocrx_word' id='word_1_285' title='bbox 1871 2877 1950 2920; x_wconf 84' lang='lat' dir='ltr'><strong><em>ipsa</em></strong></span> 
     </span>
     <span class='ocr_line' id='line_1_31' title="bbox 319 2929 1950 2981; baseline -0.005 -7"><span class='ocrx_word' id='word_1_286' title='bbox 319 2940 488 2981; x_wconf 80' lang='lat' dir='ltr'><strong><em>sequente</em></strong></span> <span class='ocrx_word' id='word_1_287' title='bbox 505 2940 540 2973; x_wconf 85' lang='lat' dir='ltr'><strong><em>et</em></strong></span> <span class='ocrx_word' id='word_1_288' title='bbox 558 2936 782 2973; x_wconf 86' lang='lat' dir='ltr'><strong><em>affirmante:</em></strong></span> <span class='ocrx_word' id='word_1_289' title='bbox 802 2935 905 2970; x_wconf 77' lang='lat' dir='ltr'><strong><em>Bene</em></strong></span> <span class='ocrx_word' id='word_1_290' title='bbox 921 2934 1023 2976; x_wconf 78' lang='lat' dir='ltr'><strong><em>dicit,</em></strong></span> <span class='ocrx_word' id='word_1_291' title='bbox 1048 2944 1179 2970; x_wconf 82' lang='lat' dir='ltr'><strong><em>verum</em></strong></span> <span class='ocrx_word' id='word_1_292' title='bbox 1199 2934 1305 2970; x_wconf 76' lang='lat' dir='ltr'><strong><em>dicit.</em></strong></span> <span class='ocrx_word' id='word_1_293' title='bbox 1328 2933 1374 2970; x_wconf 86' lang='lat' dir='ltr'><strong><em>Et</em></strong></span> <span class='ocrx_word' id='word_1_294' title='bbox 1390 2931 1459 2970; x_wconf 75' lang='lat' dir='ltr'><strong><em>h‘oc</em></strong></span> <span class='ocrx_word' id='word_1_295' title='bbox 1474 2936 1591 2970; x_wconf 78' lang='lat' dir='ltr'><strong><em>totum</em></strong></span> <span class='ocrx_word' id='word_1_296' title='bbox 1606 2932 1694 2970; x_wconf 80' lang='lat' dir='ltr'><strong><em>fecit</em></strong></span> <span class='ocrx_word' id='word_1_297' title='bbox 1708 2943 1816 2970; x_wconf 85' lang='lat' dir='ltr'><strong><em>causa</em></strong></span> <span class='ocrx_word' id='word_1_298' title='bbox 1829 2929 1950 2968; x_wconf 83' lang='lat' dir='ltr'><strong><em>laudis</em></strong></span> 
     </span>
    </p>
   </div>
   <div class='ocr_carea' id='block_1_11' title="bbox 2019 871 2097 3466">
    <p class='ocr_par' dir='ltr' id='par_1_13' title="bbox 2019 871 2097 3466">
     <span class='ocr_line' id='line_1_32' title="bbox 2019 871 2097 3466; baseline 0 0"><span class='ocrx_word' id='word_1_299' title='bbox 2019 871 2097 3466; x_wconf 95' lang='lat' dir='ltr'><strong><em> </em></strong></span> 
     </span>
    </p>
   </div>
  </div>
 </body>
</html>
