2097 3466
805 230 938 267 ANNO
965 233 1066 267 1418
1692 231 1756 265 285

115 326 252 362 furenti
275 325 499 371 phrenetico,
518 329 553 361 et
577 329 680 370 pater
700 326 973 370 indisciplinato
991 326 1078 367 filio,
1106 325 1168 359 ille
1190 323 1353 368 ligando,
1381 323 1447 358 iste
1471 322 1668 364 caedendo,
1694 322 1754 357 sed

116 382 222 417 ambo
239 381 438 426 diligendo.
460 380 498 416 Si
517 385 637 416 autem
657 381 848 426 negligant
865 385 900 416 et
917 393 976 416 eos
992 381 1111 424 perire
1130 380 1354 423 permittant,
1379 378 1499 422 inquit
1515 378 1756 423 Augustinus,

115 437 186 472 ista
200 436 441 472 mansuetudo
458 435 578 479 potius
594 436 684 470 falsa
700 435 898 471 crudelitas
911 439 974 470 est.
996 434 1155 470 Proinde
1171 434 1329 478 synodus
1342 434 1516 477 praefata,
1532 433 1576 467 ad
1593 432 1758 476 omnipo·

115 491 226 528 tentis
243 491 310 526 Dei
337 490 494 536 gloriam
525 491 708 535 ipsiusque
739 491 942 526 catholicae
966 491 1050 525 fidei
1075 501 1117 524 ac
1150 489 1378 524 Christianae
1403 489 1593 534 religionis
1616 499 1760 524 conser-

115 546 311 588 vationem,
362 550 599 590 augmentum
645 550 680 581 et
718 546 924 581 animarum
961 545 1115 580 salutem
1153 548 1188 579 et
1225 543 1569 588 praeservationem,
1613 543 1754 578 eosdem

115 602 295 638 Joannem
318 601 475 638 Wieleff
487 606 522 636 et
545 601 724 636 Joannem
750 600 844 636 Husz
868 605 903 636 et
927 600 1183 644 Hieronymus,
1210 599 1274 642 qui
1298 599 1395 634 inter
1419 602 1563 634 caetera
1586 599 1632 634 de
1655 609 1759 633 sacro

116 657 371 694 Eucharistiae
394 661 623 692 sacramento
655 662 690 691 et
719 656 802 691 aliis
825 655 1063 691 sacramentis
1086 654 1258 690 ecclesiae
1290 658 1326 689 et
1355 654 1519 689 articulis
1544 654 1628 688 fidei
1653 653 1761 688 aliter

115 724 226 757 quam
249 715 374 748 sancta
398 711 564 747 Romana
589 711 741 747 ecclesia
773 712 890 746 credit
920 720 955 747 et
978 715 1076 746 tenet
1100 715 1136 746 et
1160 710 1348 754 praedicat
1373 714 1408 744 et
1431 710 1546 750 docet,
1573 709 1761 753 quamplu-

116 768 212 804 rima
224 771 360 803 temere
377 770 411 803 et
436 767 695 802 damnabiliter
722 767 869 802 credere
899 779 941 802 ac
965 770 1101 808 tenere,
1127 765 1340 810 praedicare
1364 770 1472 808 atque
1495 765 1624 799 docere
1651 764 1761 808 perti·

117 823 260 859 naciter
283 822 524 862 attentabant,
544 822 644 856 velut
666 822 868 857 haereticos
892 826 928 857 et
951 821 1155 866 pertinaces
1179 831 1220 854 ac
1244 819 1443 855 obstinatos
1462 823 1540 863 jam
1556 831 1578 853 a
1602 830 1762 854 commu-

119 877 229 913 nione
244 876 407 912 fidelium
423 880 608 919 separatos
625 877 669 911 de
684 877 790 911 domo
816 876 883 911 Dei
909 875 1150 920 corporaliter
1172 875 1280 918 eJecit
1305 879 1339 909 et
1362 874 1606 918 spiritualiter
1632 878 1765 918 eJectos

119 933 320 968 declaravit
336 936 370 967 et
387 931 460 966 alia
475 931 654 967 nonnulla
672 931 769 966 circa
787 931 985 975 praemissa
1001 931 1108 966 utilia
1132 934 1167 964 et
1189 929 1351 964 salubria
1375 930 1506 964 statuit
1531 933 1566 964 et
1590 929 1762 969 decrevit,

118 999 184 1033 per
199 998 292 1031 quae
307 986 384 1029 alii,
403 988 465 1030 qui
483 987 716 1022 causantibus
733 986 1000 1022 haeresiarchis
1016 996 1215 1028 eorumque
1232 984 1330 1019 falsis
1355 983 1530 1019 doctrinis
1554 983 1763 1028 huJusmodi

118 1042 360 1088 spiritualiter
372 1042 416 1078 de
432 1042 539 1077 domo
555 1041 622 1076 Dei
647 1041 827 1083 exierunt,
853 1052 918 1086 per
941 1042 1018 1076 vias
1041 1042 1236 1076 canonicas
1258 1041 1522 1076 reducerentur
1547 1039 1593 1074 ad
1616 1040 1763 1075 semitas

119 1096 301 1134 veritatis.

166 1153 213 1188 Et
238 1153 325 1197 quia
354 1152 449 1188 sicut
480 1152 645 1188 dolenter
671 1151 889 1196 accepimus,
922 1163 996 1187 non
1019 1152 1136 1187 solum
1160 1152 1200 1187 in
1229 1162 1343 1196 regno
1375 1150 1573 1185 Bohemiae
1602 1153 1638 1185 et
1668 1162 1762 1185 mar-

123 1209 315 1246 chionatus
330 1208 502 1244 dominiis
526 1212 561 1244 et
583 1209 672 1244 locis
694 1209 923 1253 supradictis,
943 1219 1073 1243 verum
1098 1207 1208 1244 etiam
1233 1208 1273 1242 in
1296 1206 1513 1251 quibusdam
1537 1205 1702 1250 partibus
1732 1211 1767 1242 et

123 1264 323 1310 provinciis
339 1264 522 1309 contiguis
540 1276 608 1299 seu
625 1263 758 1299 vicinis
774 1264 920 1306 eisdem,
941 1263 1051 1298 etiam
1068 1263 1236 1299 nonnulli
1255 1274 1298 1298 ex
1320 1261 1560 1297 sectatoribus
1585 1264 1620 1296 et
1642 1272 1766 1305 sequa-

125 1320 228 1356 cibus
252 1320 443 1355 haeresum
465 1331 508 1354 ac
537 1330 708 1355 errorum
740 1318 1084 1354 haeresiarcharum
1107 1318 1389 1363 praedictorum,
1419 1316 1550 1352 timore
1579 1316 1704 1352 divino
1730 1321 1764 1352 et

123 1375 263 1419 pudore
278 1375 439 1410 humano
455 1386 602 1419 prorsus
620 1375 782 1418 abjectis,
798 1385 865 1409 nec
883 1374 927 1408 de
951 1374 1114 1418 ipsorum
1138 1378 1174 1408 et
1197 1373 1412 1418 praesertim
1435 1372 1588 1408 Joannis
1613 1372 1708 1408 Husz
1732 1378 1768 1409 et

122 1429 338 1473 Hieronymi
361 1428 514 1465 interitu
536 1429 737 1465 miserabili
762 1435 951 1465 sumentes
983 1429 1231 1464 conversionis
1255 1433 1290 1464 et
1313 1428 1560 1473 poenitentiae
1591 1428 1765 1470 fructum,

119 1485 181 1520 sed
205 1488 392 1528 tamquam
421 1484 462 1519 in
487 1485 708 1528 profundum
733 1484 847 1529 pressi
874 1488 1108 1528 peccatorum
1133 1483 1331 1518 Dominum
1366 1483 1482 1518 Deum
1514 1482 1768 1527 blasphemare

119 1550 193 1575 non
209 1544 360 1582 cessant,
379 1539 550 1575 ducentes
565 1538 605 1574 in
623 1539 773 1574 irritum
790 1551 925 1575 nomen
943 1543 1033 1583 eJus,
1052 1550 1209 1583 quorum
1235 1542 1376 1574 mentes
1392 1542 1497 1582 pater
1511 1540 1693 1575 mendacii
1717 1540 1770 1575 sic

118 1595 377 1632 damnabiliter
408 1595 626 1637 excaecavit,
653 1598 692 1630 ut
716 1595 920 1639 praedictos
946 1594 1071 1637 libros,
1098 1595 1241 1629 codices
1267 1597 1301 1629 et
1333 1595 1509 1638 opuscula
1539 1594 1706 1630 haereses
1737 1600 1772 1630 et

119 1662 262 1692 errores
277 1650 504 1686 continentes
519 1661 582 1685 seu
599 1649 841 1691 continentia,
870 1649 1008 1685 dudum
1032 1648 1142 1684 etiam
1166 1660 1230 1693 per
1254 1649 1431 1694 synodum
1454 1650 1660 1694 praefatum
1676 1651 1771 1686 dam-

119 1710 224 1742 natos
255 1709 291 1741 et
320 1707 492 1741 damnata
521 1716 563 1740 ac
594 1705 744 1750 ignibus
781 1705 1049 1740 concremanda
1084 1705 1256 1748 deputata
1290 1707 1325 1740 et
1359 1709 1590 1740 concremata
1627 1705 1768 1751 legunt,

121 1762 269 1798 student
285 1773 327 1797 ac
343 1761 394 1796 eis
418 1761 457 1796 in
475 1761 531 1795 sui
548 1764 584 1795 et
608 1759 808 1795 multorum
833 1761 1056 1804 simplicium
1081 1760 1299 1804 periculum,
1318 1761 1451 1796 nedum
1468 1763 1598 1795 contra
1619 1764 1768 1804 statuta,

124 1818 271 1853 decreta
294 1821 330 1851 et
353 1816 522 1851 ordinata
545 1816 584 1850 in
599 1816 735 1860 synodo
752 1815 974 1860 supradicta,
993 1816 1054 1851 sed
1072 1815 1182 1850 etiam
1199 1819 1326 1850 contra
1350 1815 1546 1851 canonicas
1569 1816 1774 1851 sanctiones

123 1872 369 1918 dogmatizare
397 1875 636 1916 praesumunt
663 1871 703 1906 in
731 1871 937 1907 animarum
969 1871 1176 1916 periculum
1203 1883 1246 1906 ac
1277 1871 1448 1916 puritatis
1482 1870 1567 1906 fidei
1603 1871 1771 1917 denigra-

123 1927 260 1963 tionem
277 1932 312 1962 et
327 1927 540 1962 scandalum
555 1927 813 1971 plurimorum.

167 1983 242 2018 Nos
272 1981 390 2028 igitur
420 1983 658 2022 attendentes,
689 1982 786 2025 quod
819 1992 934 2024 error,
967 1982 1028 2016 cui
1051 1993 1126 2017 non
1157 1980 1352 2023 resistitur,
1384 1982 1580 2026 approbari
1611 1981 1770 2026 videtur,

124 2049 166 2073 ac
190 2037 296 2073 malis
323 2042 359 2073 et
387 2037 601 2082 perniciosis
625 2037 812 2072 erroribus
839 2036 1050 2080 hujusmodi
1076 2036 1245 2072 resistere
1269 2047 1311 2071 ac
1336 2048 1397 2072 eos
1420 2038 1464 2072 de
1488 2037 1608 2073 medio
1637 2037 1773 2073 Christi

125 2092 289 2128 fidelium
331 2096 367 2129 et
404 2093 619 2137 praesertim
650 2093 694 2127 de
733 2092 952 2136 supradictis
990 2091 1190 2128 Bohemiae
1228 2096 1262 2127 et
1300 2091 1488 2128 Moraviae
1527 2092 1700 2128 dominiis
1740 2097 1775 2128 et

126 2148 354 2184 districtibus
380 2160 423 2183 ac
451 2148 656 2184 confinibus
680 2152 715 2183 et
742 2147 889 2183 viciniis
913 2158 1051 2190 eorum,
1070 2159 1115 2183 ne
1138 2147 1295 2191 amplius
1311 2152 1347 2182 et
1369 2148 1480 2183 latius
1502 2161 1540 2184 se
1563 2149 1771 2189 extendant,

127 2203 293 2239 funditus
315 2205 470 2240 evellere
491 2204 690 2248 cupientes,
717 2202 929 2238 discretioni
953 2208 1106 2244 vestrae,
1125 2214 1228 2237 sacro
1252 2203 1478 2247 approbante
1502 2205 1659 2240 concilio
1687 2205 1776 2241 Con·

129 2260 333 2303 stantiensi‚
375 2271 440 2304 per
480 2259 679 2304 apostolica
714 2258 851 2302 scripta
885 2258 1149 2293 committimus
1180 2261 1216 2293 et
1246 2259 1473 2302 mandamus,
1507 2265 1686 2304 quatenus
1714 2272 1778 2296 vos

127 2315 396 2360 archiepiscopi
425 2319 461 2350 et
477 2314 636 2359 episcopi
654 2325 697 2348 ac
715 2313 821 2349 electi
840 2317 875 2348 et
890 2313 1046 2356 quilibet
1064 2317 1237 2356 vestrum,
1255 2325 1320 2357 per
1336 2325 1374 2349 se
1389 2327 1452 2350 seu
1470 2315 1584 2350 alium
1600 2316 1657 2350 vel
1672 2316 1774 2358 alios,

127 2382 219 2414 quos
242 2381 373 2415 graves
398 2373 433 2404 et
455 2369 605 2404 idoneas
630 2380 803 2413 personas
826 2367 1057 2412 spiritualem
1077 2368 1372 2412 jurisdictionem
1396 2369 1570 2405 habentes
1586 2382 1661 2406 esse
1677 2372 1779 2406 volu-

130 2438 225 2468 mus,
251 2436 376 2460 omnes
403 2429 439 2460 et
470 2424 634 2469 singulos
663 2428 931 2468 cujuscumque
956 2423 1149 2469 dignitatis
1178 2423 1301 2465 officii,
1331 2424 1642 2468 praeeminentiae,
1667 2430 1782 2460 status

127 2484 188 2519 vel
213 2482 436 2518 conditionis
458 2481 615 2516 existant
632 2484 667 2516 et
691 2480 984 2524 quibuscumque
1007 2480 1216 2515 nominibus
1231 2484 1460 2522 censeantur,
1479 2480 1542 2524 qui
1565 2481 1608 2516 de
1632 2492 1780 2526 praeex-

130 2539 238 2581 celso,
257 2538 446 2573 salutifero
463 2542 498 2572 et
527 2536 800 2580 supermirabili
832 2539 1060 2570 sacramento
1085 2534 1248 2578 corporis
1271 2540 1306 2569 et
1329 2536 1520 2579 sanguinis
1545 2535 1593 2570 D.
1622 2535 1667 2572 N.
1692 2536 1778 2572 Jesu

133 2594 282 2636 Christi,
302 2593 360 2628 vel
377 2593 422 2628 de
438 2591 654 2636 baptismate
681 2603 743 2627 seu
770 2595 1003 2634 peccatorum
1022 2589 1256 2631 consessione,
1276 2591 1523 2634 poenitentiae
1539 2603 1604 2636 pro
1621 2593 1779 2636 peccatis

134 2649 364 2693 injunctione
388 2648 447 2683 vel
463 2646 613 2691 reliquis
630 2645 885 2681 ecclesiasticis
902 2644 1139 2680 sacramentis
1155 2657 1217 2680 seu
1235 2645 1320 2680 fidei
1338 2645 1506 2680 articulis
1521 2647 1629 2682 ahter
1645 2646 1780 2682 sentire

132 2709 197 2739 aut
212 2704 343 2738 docere
369 2714 480 2747 quam
504 2706 735 2737 sacrosancta
756 2701 923 2736 Romana
952 2701 1106 2736 ecclesia
1124 2706 1160 2735 et
1175 2700 1393 2736 universalis
1409 2701 1525 2743 docet,
1544 2702 1730 2746 praedicat
1747 2707 1782 2737 et

134 2759 314 2800 observat,
343 2761 406 2792 aut
435 2757 609 2792 articulos
637 2768 700 2791 seu
731 2756 844 2791 libros
876 2760 911 2791 et
941 2756 1126 2790 doctrinas
1156 2756 1406 2799 praefatorum
1439 2756 1779 2792 haeresiarcharum

132 2813 287 2849 Joannis
315 2811 472 2849 Wicleff
490 2816 525 2847 et
548 2811 702 2847 Joannis
725 2810 821 2846 Husz
849 2814 883 2846 et
915 2809 1143 2854 Hieronymi,
1168 2821 1232 2854 per
1268 2811 1431 2846 eamdem
1465 2811 1779 2847 Constantiensem

133 2868 312 2913 synodum
337 2879 421 2903 cum
447 2867 522 2902 suis
545 2866 768 2908 auctoribus,
795 2869 836 2901 ut
860 2865 1096 2910 praedicitur,
1122 2865 1312 2901 damnatos
1343 2870 1379 2902 et
1414 2866 1605 2903 damnatas
1638 2871 1774 2910 tenere,

134 2923 282 2960 credere
309 2928 346 2960 et
367 2923 624 2969 dogmatizare,
649 2933 692 2958 ac
715 2924 811 2959 vitae
843 2921 953 2959 finem
982 2921 1145 2968 ipsorum
1169 2921 1508 2960 haeresiarcharum
1538 2923 1684 2970 publice
1715 2924 1772 2960 vel
