2097 3466
818 234 952 269 ANNO
979 235 1079 269 1482
1704 235 1765 268 451

134 333 212 366 sent
224 330 446 376 materiaque
458 329 642 376 praedicta
655 328 692 363 in
706 327 829 363 multis
842 325 1183 372 congregationibus
1197 326 1401 370 praedictae
1416 326 1601 362 facultatis
1614 326 1762 372 agitata,

132 386 277 421 tandem
301 397 395 421 anno
428 385 572 421 Domini
605 383 796 419 millesimo
821 380 1175 427 quadringentesimo
1201 381 1446 424 octuagesimo
1469 382 1638 423 secundo,
1664 393 1763 416 more

135 439 321 475 Gallicano
338 440 590 484 computando,
609 438 805 474 indictione
829 438 957 482 prima,
977 436 1108 471 mensis
1129 448 1214 470 vero
1234 436 1422 471 Februarii
1447 436 1505 471 die
1522 437 1660 481 quinta,
1679 448 1765 481 pon·

132 494 290 530 tificatus
316 495 532 531 sanctissimi
562 494 599 529 in
637 493 778 529 Christo
807 493 918 537 patris
951 496 986 527 ct
1016 491 1153 527 domini
1186 491 1298 526 nostri
1330 491 1466 526 domini
1506 492 1598 527 Sixti
1636 492 1767 527 Divina

133 549 360 594 providentia
378 561 490 594 papae
513 548 631 592 quarti
649 560 744 583 anno
761 547 984 588 duodecimo,
1003 546 1041 581 in
1055 545 1124 580 mei
1141 545 1272 580 notarii
1298 546 1434 589 publici
1453 547 1634 590 praefatae
1652 547 1764 582 facul-

133 604 218 640 tatis
240 605 379 640 scribae
395 605 611 647 testiumque
626 604 722 638 infra
738 603 955 646 scriptorum
972 602 1018 636 ad
1035 602 1102 636 hoc
1121 605 1331 635 vocatorum
1357 602 1571 644 praesentia,
1602 603 1763 646 praefata

133 659 231 694 alma
253 659 504 705 theologorum
529 659 699 694 facultate
723 659 819 702 apud
843 662 1005 692 sanctum
1025 655 1288 691 Mathurimum
1307 656 1469 690 Parisius
1496 656 1534 691 in
1562 657 1641 692 loco
1657 657 1763 692 solito

133 725 199 759 per
220 715 409 760 egregium
436 718 472 749 et
498 714 745 749 doctissimum
770 713 888 748 virum
912 712 1126 757 magistrum
1150 711 1353 746 Johannem
1375 711 1464 753 Huc,
1484 724 1607 747 sacrae
1631 712 1765 747 theolo-

133 767 216 814 giae
240 770 486 813 professorem,
513 768 686 804 eeclesiae
716 767 932 803 parisiensis
959 765 1278 811 poenitentiarium
1303 777 1345 799 ac
1376 767 1558 809 praefatae
1586 766 1768 802 facultatis

132 823 321 865 decanum,
350 823 558 859 solemniter
585 827 621 859 et,
644 835 708 868 per
730 825 979 869 juramentum
1007 822 1052 856 ad
1075 820 1358 864 qualificandum
1388 822 1568 864 praefatas
1596 825 1765 866 quatuor·

131 878 249 914 decim
277 878 535 923 propositiones
559 881 755 913 convocata
782 881 817 913 et
845 879 1077 921 congregata,
1104 875 1342 918 omnibusque
1360 876 1543 920 magistris
1566 876 1604 910 in
1632 888 1764 921 magno

131 944 294 975 numero,
312 937 385 968 tam
408 933 631 968 secularibus
655 944 763 977 quam
788 932 1018 977 religiosibus
1040 932 1201 975 praefata
1219 931 1500 974 congregatione
1517 931 1763 973 existentibus,

131 1000 226 1024 unus
253 992 332 1032 post
367 989 480 1023 alium
511 989 556 1023 ad
594 989 743 1034 longum
773 989 917 1029 auditis,
952 987 1112 1031 praefata
1143 986 1240 1020 alma
1271 986 1475 1030 theologiae
1506 988 1658 1022 facultas
1689 990 1767 1032 post

130 1042 293 1079 omnium
321 1046 356 1078 et
383 1043 611 1087 singulorum
640 1044 886 1088 praefatorum
902 1042 1161 1086 magistrorum
1186 1043 1367 1075 maturam
1391 1041 1686 1077 deliberationem
1703 1054 1767 1086 per

131 1109 309 1142 orgamun
326 1098 590 1142 praenominati
614 1098 778 1142 magistri
804 1096 981 1132 Johannis
1000 1096 1090 1137 Hue,
1110 1095 1250 1136 decani,
1271 1095 1414 1130 nemine
1432 1100 1644 1139 opponente,
1664 1108 1764 1140 prae-

132 1151 248 1187 dictas
263 1152 538 1196 quatuordecim
561 1152 822 1197 propositiones
840 1151 946 1186 modo
970 1154 1005 1186 et
1029 1151 1144 1185 forma
1160 1154 1195 1185 et
1211 1152 1319 1194 prout
1335 1150 1541 1185 continetur
1556 1151 1594 1185 in
1610 1152 1766 1195 quodam

130 1207 259 1252 papyri
283 1207 370 1243 folio
387 1208 430 1242 de
447 1208 557 1243 verbo
573 1208 619 1243 ad
636 1208 786 1242 verbum
803 1208 841 1242 in
858 1206 1042 1252 praedicta
1067 1204 1349 1250 congregatione
1366 1205 1501 1248 pluries
1516 1206 1609 1241 lecto
1625 1210 1660 1241 et
1675 1206 1765 1240 mihi

131 1263 274 1300 notario
300 1264 446 1308 publico
471 1264 605 1299 tradito
633 1263 869 1307 qualificavit.
901 1263 1013 1306 CuJus
1040 1261 1167 1306 papyri
1195 1260 1273 1295 folii
1301 1260 1416 1296 dictas
1443 1261 1704 1305 propositiones
1732 1265 1767 1297 et

130 1330 256 1355 earum
287 1319 594 1364 qualificationem
625 1319 842 1355 continentis
868 1322 972 1354 tenor
998 1318 1042 1352 de
1069 1318 1178 1352 verbo
1206 1316 1252 1350 ad
1279 1317 1429 1350 verbnm
1455 1317 1618 1360 sequitur
1648 1322 1684 1353 et
1711 1321 1764 1353 est

132 1374 238 1410 talis:

175 1429 305 1464 Frater
326 1428 509 1464 Johannes
525 1429 670 1474 Angeli,
688 1428 880 1473 religiosus
907 1428 1062 1462 fratrum
1085 1426 1279 1469 minorum,
1298 1427 1336 1461 in
1352 1426 1630 1471 quadragesima
1647 1426 1762 1462 novis-

133 1483 225 1519 sima
248 1484 392 1528 publice
416 1484 639 1529 praedicavit
661 1485 834 1519 articulos
861 1495 922 1518 seu
947 1482 1208 1527 propositiones
1234 1486 1421 1525 sequentes
1451 1486 1524 1517 tam
1551 1482 1591 1516 in
1613 1482 1765 1517 ecclesia

132 1539 353 1575 Tornacensi
367 1550 476 1583 quam
500 1540 539 1575 in
563 1540 833 1585 parochialibus
855 1539 1017 1575 ecclesiis
1035 1542 1243 1573 sanctorum
1260 1538 1361 1573 Petri
1384 1545 1420 1572 et
1443 1538 1610 1578 Quintini
1627 1538 1763 1573 Torna-

131 1593 258 1636 censis,
288 1594 447 1639 capitulo
474 1596 656 1639 praefatae
683 1595 855 1631 ecclesiae
884 1593 1124 1629 Tornacensis
1154 1593 1318 1628 subditis.
1350 1592 1417 1628 Cui
1449 1593 1577 1627 fratres
1608 1593 1765 1629 minores

131 1653 329 1685 conventus
343 1649 499 1685 civitatis
513 1651 751 1686 Tornacensis
767 1652 926 1685 favorem
941 1655 975 1684 et
991 1649 1232 1684 assistentiam
1249 1648 1492 1683 omnimodam
1507 1649 1761 1691 prae-buerunt.

176 1704 323 1739 Primus
357 1704 544 1740 articulus.
580 1721 596 1733 ιι
639 1706 784 1741 Fratres
814 1706 971 1740 minores
1003 1704 1220 1748 praesentati
1251 1704 1417 1747 episcopo
1447 1706 1483 1738 et
1510 1703 1653 1737 admissi
1682 1710 1766 1738 sunt

134 1776 150 1791 π
169 1759 286 1805 propii
310 1761 511 1796 sacerdotes
535 1765 570 1796 et
592 1762 668 1796 veri
692 1762 809 1797 curati
837 1766 872 1796 et
899 1761 1027 1795 melius
1055 1771 1163 1804 quam
1192 1760 1391 1803 presbyteri
1415 1759 1652 1803 parochiales,
1679 1760 1764 1804 quia

129 1831 147 1846 n
166 1815 375 1850 facultatem
390 1827 492 1850 suam
509 1816 642 1852 habent
657 1828 678 1851 a
695 1828 834 1852 summo
851 1815 1032 1860 pontifice,
1051 1820 1087 1850 et
1109 1814 1196 1849 dicti
1221 1815 1420 1858 presbyteri
1438 1816 1483 1850 ab
1506 1815 1581 1859 ipso
1597 1816 1763 1860 episcopo

132 1870 364 1906 „dumtaxat
399 1887 414 1900 n
448 1871 629 1915 Quicquid
667 1872 714 1907 sit
751 1872 794 1907 de
833 1871 949 1916 prima
980 1874 1082 1915 parte
1121 1874 1266 1914 propter
1296 1870 1630 1914 aequivocationem
1660 1870 1765 1906 istius

128 1925 276 1961 termini
307 1928 468 1970 proprii,
495 1927 584 1962 dicit
615 1930 736 1961 tamen
762 1926 914 1961 facultas
945 1925 1040 1970 quod
1067 1924 1263 1969 propositio
1291 1924 1330 1958 in
1363 1937 1400 1959 se
1435 1933 1470 1960 et
1497 1926 1615 1969 quoad
1642 1937 1764 1960 omnes

127 1981 287 2024 reliquas
309 1984 428 2025 partes
451 1985 487 2016 et
510 1981 758 2025 probationem
775 1980 887 2024 partis
908 1980 1070 2020 ultimae,
1089 1979 1128 2012 in
1150 1990 1222 2022 qua
1245 1978 1380 2013 dicitur
1396 1980 1441 2013 ab
1467 1983 1633 2024 episcopo
1657 1981 1762 2013 dum-

128 2040 244 2078 ιαωαε,
273 2038 326 2071 est
355 2036 576 2077 scandalosa,
605 2036 644 2070 in
669 2036 737 2070 fide
772 2046 935 2076 erronea,
961 2033 1180 2068 hierarchici
1212 2033 1349 2068 ordinis
1383 2034 1603 2070 destructiva
1631 2038 1666 2070 et
1697 2046 1762 2079 pro

128 2090 400 2125 conservatione
417 2091 575 2135 ejusdem
592 2091 729 2125 ordinis
747 2090 888 2134 publice
905 2089 1107 2125 revocanda
1123 2095 1157 2123 et
1175 2089 1389 2132 abjuranda.

173 2144 360 2180 Secundus
384 2146 571 2180 articulus.
598 2161 613 2173 ·⁶
633 2145 882 2180 parochianus
905 2145 1086 2178 confessus
1110 2142 1215 2177 dictis
1243 2142 1417 2177 fratribus
1441 2143 1613 2178 satisfecit
1639 2143 1760 2178 decre-

131 2216 147 2230 κ
166 2200 232 2235 tali
258 2201 386 2235 Omnis
412 2206 602 2245 utrzusque
624 2211 734 2234 secus
757 2200 800 2234 de
818 2199 1037 2244 poenitentia
1055 2205 1087 2233 et
1112 2197 1333 2238 remissione,
1353 2209 1419 2231 nec
1440 2203 1582 2233 tenetur
1597 2199 1761 2233 confiteri

129 2270 148 2285 n
166 2254 312 2299 proprio
334 2267 398 2290 suo
415 2259 541 2290 curato
557 2255 666 2289 semel
682 2255 720 2289 in
737 2266 832 2289 anno
849 2266 913 2288 nec
930 2255 976 2288 ab
992 2265 1033 2288 eo
1051 2257 1170 2297 petere
1187 2253 1382 2286 licentiam.
1403 2268 1418 2280 τ’
1439 2253 1535 2288 Haec
1552 2253 1760 2297 propositio,

129 2312 171 2345 ut
179 2311 290 2354 jacet,
308 2313 361 2345 est
376 2310 585 2345 scandalosa
600 2313 635 2344 et
645 2309 723 2354 juri
741 2309 922 2344 communi
947 2308 1129 2343 contraria
1145 2311 1181 2342 et
1197 2319 1261 2350 pro
1277 2307 1503 2342 subditorum
1520 2307 1566 2341 ad
1583 2307 1761 2351 praelatos

127 2365 271 2401 debitae
288 2365 513 2400 obedientiae
528 2369 563 2399 et
577 2364 800 2399 reverentiae
817 2363 1044 2398 observantia
1061 2363 1204 2407 publice
1221 2363 1435 2396 revocanda.

173 2420 318 2455 Tertius
341 2420 527 2456 articulus.
549 2435 564 2447 u
592 2420 630 2454 Si
659 2424 805 2454 curatus
829 2425 970 2454 recuset
993 2423 1258 2452 sacramentum
1288 2416 1528 2451 eucharistiae
1556 2416 1761 2451 ministrare

130 2494 146 2508 n
165 2477 386 2522 parochiano
410 2477 543 2512 eisdem
570 2476 742 2512 fratribus
758 2475 809 2509 sic
833 2475 1005 2516 confesso,
1024 2474 1145 2508 veniat
1172 2473 1234 2508 ille
1262 2473 1505 2516 parochianus
1529 2473 1574 2506 ad
1598 2473 1759 2513 fratrem,

130 2549 146 2563 n
165 2533 227 2577 qui
243 2544 326 2568 eum
351 2533 490 2567 audivit
510 2536 546 2567 et
568 2532 643 2576 ipse
666 2531 734 2565 sibi
758 2530 1036 2565 administrabit.
1058 2545 1072 2558 n
1094 2529 1190 2563 Haec
1208 2528 1403 2572 propositio
1427 2529 1465 2562 in
1490 2529 1605 2563 forma
1628 2527 1667 2561 in
1691 2539 1762 2570 qua

122 2589 234 2633 jacet,
260 2591 313 2624 est
340 2589 430 2623 falsa
457 2591 492 2623 et
521 2587 564 2622 de
594 2585 734 2621 haeresi
761 2585 972 2621 vehemente
999 2586 1174 2628 suspecta,
1199 2583 1278 2627 juri
1307 2582 1489 2617 communi
1518 2581 1700 2617 contraria
1726 2585 1762 2616 et

127 2642 271 2687 publice
288 2643 502 2678 revocanda.

171 2696 332 2738 Quartus
357 2697 545 2732 articulus.
573 2710 588 2723 α
616 2695 770 2731 Curatus
793 2692 1012 2739 parochialis
1041 2691 1133 2727 nihil
1161 2692 1265 2726 debet
1292 2691 1452 2734 recipere
1479 2703 1500 2725 a
1528 2689 1758 2735 parochianis

130 2768 146 2783 n
163 2753 238 2788 suis
261 2764 326 2797 pro
353 2751 575 2787 confessione
599 2754 633 2786 et
656 2754 963 2785 sacramentorum
992 2747 1314 2783 administratione.
1343 2746 1453 2780 Secus
1480 2750 1533 2781 est
1555 2747 1598 2780 de
1623 2746 1758 2780 mendi-

130 2824 146 2839 ἰ
164 2809 341 2844 cantibus.
358 2824 373 2838 n
402 2807 498 2842 Haec
523 2806 718 2851 propositio
742 2809 794 2841 est
821 2803 1238 2848 contradispositionem
1259 2802 1355 2847 juris
1383 2802 1558 2836 naturalis
1585 2808 1620 2836 et
1643 2801 1757 2836 divini

128 2874 343 2908 expressam.
363 2863 446 2898 Ideo
463 2862 552 2896 falsa
567 2870 603 2896 et
619 2866 758 2896 notorie
779 2860 973 2895 haeretica.

173 2916 329 2960 Quintus
344 2917 532 2953 articulus,
552 2931 568 2944 u
588 2917 742 2952 (juratus
765 2926 925 2951 asserens
949 2912 1186 2959 parochianos
1209 2923 1290 2947 suos
1314 2910 1481 2955 obligari,
1500 2917 1540 2946 ut
1561 2909 1630 2945 sibi
1647 2911 1758 2945 confi-
