2097 3466
315 228 377 262 174
988 221 1118 257 ANNO
1145 221 1245 255 1323

311 320 386 354 vita
407 320 443 353 et
466 315 624 351 moribus
641 315 844 356 mulierum,
864 325 954 358 quae.
970 314 1154 358 Beghinae
1170 309 1370 355 vulgariter
1386 308 1640 352 nuncupantur
1655 307 1690 341 et
1705 304 1743 339 in
1756 303 1925 349 beghina-

314 374 375 418 gio
399 375 498 407 extra
521 371 644 405 villam
667 370 960 414 Antverpiensem
985 369 1100 403 dictae
1126 370 1266 402 nostrae
1290 363 1460 399 dioecesis
1485 362 1762 401 commorantur,
1788 370 1926 395 necnon

316 429 359 462 de
375 425 527 470 siugulis
551 426 587 459 in
612 425 707 460 dicto
723 425 895 468 rescripto
912 423 1107 467 apostolico
1124 420 1310 461 contentis,
1329 430 1392 463 per
1408 418 1577 452 dilectum
1601 419 1636 451 et
1656 415 1795 449 fidelem
1812 414 1926 458 capel-

318 486 438 518 lanum
465 485 636 522 nostrum,
655 481 838 514 dominum
863 479 1036 513 Joannem
1066 478 1108 511 de
1136 477 1268 513 Alosto.
1295 476 1459 508 curatum
1486 470 1656 506 ccclesiae
1682 470 1725 504 de
1748 468 1926 509 Morselle,

320 539 520 583 praedictae
537 540 676 571 nostrae
694 535 876 571 dioecesis.
895 534 951 567 cui
972 536 1145 576 quantum
1170 532 1213 565 ad
1242 531 1309 564 hoc
1336 532 1371 563 et
1397 528 1469 562 alia
1496 525 1735 569 infrascripta,
1754 535 1826 558 una
1847 534 1929 558 cum

319 593 481 628 discretis
497 592 596 631 viris,
614 591 752 625 dilectis
777 589 905 623 nostris
929 588 1159 622 ecclesiarum
1179 588 1214 620 S.
1235 585 1396 619 Gudulae
1414 581 1656 617 Bruxellensis
1678 582 1713 614 et
1737 580 1778 614 B.
1792 578 1931 614 Mariae

318 647 588 691 Antverpiensis
605 655 645 680 at·
662 645 839 679 dictorum
867 645 1026 677 locorum
1046 640 1357 676 Christianitatum
1380 637 1534 677 decanis,
1554 647 1634 669 cum
1660 635 1723 668 illa
1744 633 1930 667 clausula:

318 706 492 746 quatenus
508 713 581 741 vos,
595 701 652 735 vel
669 701 740 734 duo
756 702 819 732 aut
835 710 928 732 unus
945 700 1103 731 vestrum
1121 699 1188 730 cte.
1205 693 1447 729 commisimus
1463 691 1558 726 vices
1574 692 1723 724 nostras.

362 757 406 791 Et
422 755 506 800 quia
531 766 594 798 pei·
617 753 906 788 informationem
922 750 1128 794 hujusmodi
1154 749 1221 784 rite
1239 750 1370 783 factam
1387 745 1534 786 invenit,
1555 743 1650 788 quod
1673 741 1790 777 dictae
1811 740 1935 777 mulie-

320 822 376 846 res
408 810 445 844 in
477 808 658 853 praedicto
688 808 766 842 loco
806 808 1065 841 commorantes
1103 804 1250 838 honeste
1288 805 1324 837 et
1360 799 1590 835 laudabiliter
1626 796 1794 832 vixerunt
1829 798 1936 840 atque

320 863 457 902 vivunt,
475 861 601 894 devoto
616 860 843 902 frequentant
865 856 1044 896 ecclesias,
1063 855 1232 899 praelatis
1259 854 1333 888 suis
1355 855 1560 888 reverenter
1582 853 1764 894 obediunt,
1785 854 1819 887 et
1843 851 1938 896 quod

320 928 357 951 se
379 913 680 958 disputationibus
710 916 744 947 et
773 910 1099 956 praedicationibus
1126 910 1170 944 de
1197 920 1336 943 summa
1360 907 1537 943 Trinitate
1560 919 1602 941 ac
1630 906 1763 942 Divina
1787 905 1939 941 essentia

322 980 393 1002 non
416 967 604 1001 involvunt
627 977 691 999 nec
715 965 954 1003 involverunt,
982 974 1047 997 nec
1070 961 1178 997 etiam
1203 961 1389 1004 opiniones
1412 959 1610 994 catholicae
1632 958 1716 994 fidei
1740 957 1939 993 contrarias

322 1023 548 1066 aliquatenus
574 1020 751 1054 seminare
778 1021 1013 1063 praesumunt
1044 1029 1109 1051 nec
1146 1016 1319 1050 hactenus
1357 1016 1682 1058 praesumpserunt,
1712 1013 1806 1057 quod
1840 1012 1940 1047 nulla

324 1089 481 1121 unquam
503 1087 610 1120 super
630 1074 685 1108 his
702 1073 772 1108 fuit
787 1073 843 1107 vel
859 1075 911 1107 est
926 1071 1081 1115 suspicio
1098 1071 1155 1105 vel
1171 1070 1321 1104 infamia
1337 1071 1461 1104 eontra
1476 1069 1570 1112 ipsas
1584 1081 1592 1112 3
1610 1068 1727 1103 dictus
1742 1066 1941 1102 commissa-

325 1132 400 1167 rius
424 1134 554 1171 noster,
580 1129 714 1164 virtute
742 1126 1001 1162 commissionis
1028 1124 1243 1169 praedictae,
1268 1123 1383 1158 voluit
1406 1126 1441 1158 et
1463 1123 1653 1164 ordinavit,
1680 1122 1774 1166 quod
1797 1121 1942 1156 eaedem

325 1186 492 1221 mulieres
514 1185 552 1219 in
576 1186 668 1218 statu
694 1182 844 1226 pacifico
862 1184 896 1216 et
913 1181 1046 1224 quieto,
1066 1182 1172 1223 prout
1195 1179 1283 1213 alias
1307 1180 1578 1219 consueverunt,
1598 1177 1750 1213 Domino
1774 1174 1943 1211 famulari

325 1239 589 1284 permittantur,
619 1241 655 1272 et
681 1236 776 1280 quod
803 1236 867 1270 sub
895 1234 1099 1269 obedientia
1126 1233 1383 1277 magistrarum
1412 1243 1475 1276 per
1508 1232 1626 1276 ipsum
1660 1229 1944 1266 commissarium

325 1295 457 1329 ibidem
474 1293 720 1328 institutarum
736 1291 775 1325 in
790 1290 917 1326 habitu
933 1289 1057 1334 grisio,
1084 1288 1213 1323 humili
1239 1291 1275 1323 et
1297 1288 1445 1322 honesto
1468 1289 1678 1322 remaneant
1701 1288 1736 1321 et
1758 1294 1944 1320 remanere

326 1352 480 1391 valeant,
501 1349 634 1392 absque
649 1345 897 1381 molestatione
912 1345 1035 1388 aliqua
1055 1343 1106 1379 eis
1121 1355 1182 1378 seu
1207 1343 1316 1377 alicui
1338 1354 1475 1384 earum,
1493 1342 1679 1377 occasione
1694 1337 1946 1385 prohibitionis

329 1408 364 1440 et
379 1402 585 1439 abolitionis
601 1401 866 1446 praedictarum
883 1399 928 1433 ab
945 1397 1124 1441 aliquibus
1141 1397 1179 1432 in
1195 1397 1354 1441 personis
1370 1399 1405 1431 et
1427 1396 1465 1431 in
1482 1396 1584 1431 bonis
1607 1396 1804 1438 inferenda,
1821 1405 1945 1431 secun-

329 1461 414 1495 dum
431 1459 610 1494 dictarum
626 1456 829 1491 litterarum
843 1453 1119 1498 apostolicarum
1137 1451 1393 1487 continentiam
1410 1454 1445 1486 et
1459 1454 1632 1486 tenorem.

376 1514 448 1548 Nos
463 1523 547 1547 vero
563 1510 758 1556 praemissa
772 1520 836 1553 per
851 1507 1135 1543 commissarium
1160 1509 1320 1541 nostrum
1342 1506 1437 1540 facta
1459 1505 1692 1547 ratificamus,
1711 1504 1948 1548 approbamus

331 1572 367 1603 et
389 1567 602 1602 auctoritate
626 1577 696 1610 qua
723 1565 761 1599 in
784 1565 852 1598 hac
876 1565 976 1607 parte
1003 1561 1202 1606 fungimur,
1221 1561 1485 1601 confirmamus,
1503 1560 1661 1595 volentes
1683 1570 1726 1594 ea
1749 1559 1901 1595 firmiter
1915 1560 1950 1594 et

332 1624 486 1658 fideliter
501 1620 694 1657 observari.
715 1620 834 1660 Quare
850 1617 952 1652 vobis
975 1617 1140 1652 omnibus
1163 1619 1199 1651 et
1220 1615 1372 1659 singulis
1396 1614 1596 1656 abbatibus,
1614 1614 1806 1658 prioribus,
1824 1624 1948 1658 prepo-

334 1679 422 1719 sitis,
440 1677 596 1718 decanis,
614 1674 829 1719 presbyteris
852 1676 888 1707 et
911 1671 1115 1716 capellanis,
1141 1671 1180 1705 in
1204 1670 1334 1705 nostris
1357 1669 1502 1704 civitate
1526 1671 1561 1704 et
1584 1668 1737 1704 dioecesi
1759 1667 1951 1713 praedictis

334 1732 546 1773 constitutis,
581 1731 626 1765 ad
656 1741 743 1773 quos
772 1730 975 1772 praesentes
1006 1726 1148 1760 litterae
1178 1723 1418 1769 pervenerint,
1451 1723 1612 1759 districte
1642 1723 1888 1767 praecepimus
1916 1724 1953 1758 et

333 1788 556 1827 mandamus,
575 1787 749 1829 quatenus
764 1794 886 1817 omnes
901 1784 936 1816 et
951 1781 1112 1825 singulos
1129 1780 1374 1815 molestatores
1398 1781 1432 1813 et
1447 1778 1608 1820 rebelles,
1626 1778 1655 1812 si
1680 1778 1741 1822 qui
1763 1777 1898 1813 fuerint
1914 1777 1954 1812 in'

334 1842 548 1887 praemissis,
581 1841 838 1884 cujuscumque
867 1839 979 1871 status
1010 1836 1066 1870 vel
1098 1834 1313 1870 conditionis
1344 1833 1515 1875 existant,
1549 1832 1610 1876 qui
1642 1833 1756 1868 dictas
1785 1830 1953 1866 mulieres

335 1895 614 1936 molestaverint,
632 1891 913 1936 inquietaverint
927 1891 984 1925 vel
1000 1889 1241 1934 impedierint,
1261 1888 1435 1924 moneatis
1456 1888 1638 1930 canonice,
1658 1890 1698 1923 ut
1719 1888 1764 1922 ab
1780 1885 1954 1932 ejusmodi

336 1950 593 1990 molestatione,
619 1945 878 1991 inquietatione
894 1948 930 1979 et
950 1943 1183 1988 impeditione
1207 1945 1344 1977 cessent
1365 1942 1506 1986 penitus
1529 1944 1565 1976 et
1585 1941 1775 1985 desistant3
1793 1941 1955 1984 alioquin

339 2008 442 2050 ipsos,
458 2005 487 2039 si
510 2003 645 2039 fuerint
660 2000 869 2046 presbyteri,
889 1999 1111 2043 suspendatis
1134 2010 1156 2032 a
1178 1997 1321 2039 divinis,
1340 2000 1376 2032 et
1395 1997 1425 2031 si
1449 1996 1582 2031 dictam
1605 1996 1870 2041 suspensionem
1892 2006 1957 2040 per
2011 1995 2013 1997 ’

339 2073 399 2095 sex
426 2060 501 2095 dies
524 2059 561 2092 in
585 2070 621 2092 se
648 2055 895 2096 sustinuerint,
922 2054 1016 2098 ipsos
1044 2052 1384 2095 excommunicatis3
1409 2051 1439 2086 si
1466 2062 1551 2086 vero
1574 2051 1697 2086 clerici
1722 2051 1858 2086 fuerint
1883 2051 1956 2086 sive

338 2115 421 2150 la'ici
438 2118 474 2149 et
499 2114 616 2148 dictae
642 2109 831 2146 monitioni
859 2120 931 2144 non
959 2108 1146 2152 paruerint
1170 2119 1251 2141 cum
1279 2107 1419 2148 effectu,
1450 2106 1543 2150 ipsos
1577 2105 1891 2141 excommunicetis
1921 2107 1958 2140 et

340 2167 666 2205 excommunicatos
683 2165 825 2209 publice
841 2163 1024 2204 nuntietis,
1044 2165 1079 2197 et
1095 2162 1123 2195 si
1153 2162 1239 2205 quid
1263 2161 1345 2196 inde
1369 2161 1537 2201 feceritis,
1556 2161 1701 2196 nomina
1723 2161 1954 2202 monitorum,

341 2234 590 2267 suspensorum
614 2224 650 2256 et
671 2218 1063 2255 excommunicatorum
1090 2216 1120 2250 si
1145 2216 1206 2260 qui
1230 2216 1366 2251 fuerint
1389 2214 1491 2249 nobis
1514 2214 1650 2258 liquide
1671 2215 1887 2251 rescribatis.
1915 2214 1957 2250 In

342 2279 398 2314 liis
415 2290 498 2313 vero
513 2275 728 2320 exequendis
745 2286 837 2309 unus
852 2277 1010 2308 vestrum
1026 2272 1139 2306 alium
1155 2272 1211 2306 vel
1225 2271 1315 2306 alios
1328 2283 1399 2306 non
1411 2272 1599 2314 exspectet.

388 2334 428 2368 In
445 2335 549 2377 cujus
564 2332 617 2366 rei
640 2328 884 2366 testimonium
908 2328 1111 2371 praesentes
1132 2325 1270 2361 litteras
1286 2337 1350 2369 per
1366 2328 1527 2360 nostrum
1553 2324 1734 2360 notarium
1757 2321 1960 2367 infrascrip-

344 2394 421 2424 tum
438 2388 516 2422 fieri
534 2386 682 2422 fecimus
697 2388 733 2420 et
747 2384 858 2428 sigilli
876 2383 989 2418 nostri
1005 2382 1206 2417 munimine
1221 2380 1461 2416 corroborari.

391 2446 520 2479 Actum
551 2445 586 2476 et
611 2442 735 2476 datum
765 2439 860 2482 apud
891 2438 1082 2473 Castellum
1114 2437 1152 2471 in
1184 2436 1440 2477 Cameracesio,
1473 2446 1567 2470 anno
1600 2432 1744 2469 Domini
1770 2432 1959 2468 millesimo

345 2497 594 2534 trecentesimo
624 2494 797 2540 vigesimo
828 2493 951 2534 tertio,
985 2491 1182 2527 indictione
1213 2491 1374 2535 septima,
1406 2490 1538 2525 mensis
1568 2488 1758 2524 Februarii
1787 2487 1961 2533 vigesima

345 2554 451 2589 tertia
473 2553 542 2593 die,
568 2550 797 2595 pontificatus
819 2546 1033 2582 sanctissimi
1069 2546 1107 2581 in
1144 2546 1287 2581 Christo
1312 2545 1424 2589 patris
1452 2557 1494 2579 ac
1521 2543 1658 2579 domini
1684 2543 1796 2578 nostri
1826 2541 1962 2578 domini

344 2609 363 2643 J
367 2609 493 2643 oannis
508 2606 631 2642 divina
646 2603 871 2648 providentia
886 2613 1000 2646 papae
1017 2600 1125 2636 XXII
1141 2612 1235 2635 anno
1256 2603 1392 2635 octavo.

392 2661 656 2701 Praesentibus,
674 2657 938 2694 venerabilibus
961 2656 1061 2697 viris,
1088 2655 1232 2691 domino
1259 2655 1403 2699 Rogero
1427 2653 1582 2695 Melleri,
1600 2653 1854 2688 archidiacono
1877 2653 1963 2688 Con-

349 2717 545 2757 stantiensi‚
570 2714 715 2750 domino
730 2713 750 2748 J
753 2723 868 2747 oanne
885 2712 929 2746 de
945 2712 1080 2752 Alosto,
1098 2713 1224 2745 curato
1243 2709 1414 2745 ecclesiae
1430 2709 1473 2744 ‹le
1489 2708 1668 2750 Morselle,
1685 2706 1961 2749 Cameracensis,

351 2772 536 2805 Leonardo
559 2771 602 2805 de
619 2769 654 2804 S.
675 2768 834 2808 Nicolao,
854 2765 1092 2807 Belvacensis,
1111 2769 1146 2800 et
1172 2765 1330 2800 Gerardo
1355 2764 1484 2805 Pestel,
1513 2763 1779 2798 Cameracensis
1794 2761 1965 2798 dioecesis

349 2825 500 2866 clericis,
518 2825 666 2860 testibus
681 2823 727 2858 ad
743 2821 937 2866 praemissa
952 2821 1087 2855 vocatis
1103 2819 1307 2864 specialiter
1322 2821 1357 2853 et
1371 2817 1518 2863 rogatis.

398 2881 442 2915 Et
457 2891 524 2924 ego
540 2878 713 2923 Aegidius
729 2875 904 2912 Canchelz
931 2875 974 2910 de
1000 2875 1152 2910 Castello
1174 2874 1212 2909 in
1230 2871 1767 2915 Cameraeesio,‚cameraeensis
1781 2870 1963 2914 dioecesis,
