2097 3466
843 238 976 275 ANNO
1005 240 1105 275 1360
1743 239 1806 275 217

170 333 397 378 impeditum,
423 343 483 368 eos
507 343 589 367 cum
613 343 731 376 penna
757 334 793 367 et
820 332 1029 374 calamario,
1051 335 1091 368 ut
1118 332 1228 367 moris
1254 335 1317 374 est,
1343 332 1387 367 de
1411 332 1666 367 tabellionatus
1689 332 1806 366 officio

170 388 396 430 investiendi,
427 399 615 431 personam
644 392 679 423 et
708 399 874 432 personas
903 390 1153 433 cujuscunque
1179 391 1303 427 status,
1331 387 1559 429 conditionis,
1586 388 1722 423 ordinis
1750 389 1807 422 vol

169 443 357 488 religionis
373 443 538 483 existant,
557 443 642 477 dum
668 443 713 478 ad
740 443 934 487 practicam
953 447 986 478 et
1014 443 1261 478 executionem
1279 444 1438 488 ejusdem
1461 444 1568 478 officii
1595 444 1731 478 habiles
1747 456 1806 478 eos

169 499 390 539 inveneritis
422 498 484 541 qui
515 498 631 533 sciant
662 502 697 533 et.
728 498 864 541 possint
896 498 1055 533 officium
1086 497 1288 533 notariatus
1320 498 1526 543 hujusmodi
1559 498 1806 542 Inquisitionis

168 565 335 589 exercere
359 566 467 598 super
491 566 561 598 quo
579 559 713 589 vestras
737 559 772 590 et
789 567 1036 590 suceessorum
1053 557 1089 589 et
1106 558 1309 589 vestrorum
1335 554 1571 589 conscientias
1596 567 1804 597 oneramus3

168 611 204 644 et
229 620 251 643 a
278 609 532 644 tabellionibus
568 613 727 654 tempore
755 610 1024 645 constitutionis
1055 621 1182 645 eorum
1215 613 1250 644 et
1282 609 1476 645 creationis
1508 610 1605 644 infra
1632 610 1807 653 scriptum

162 666 412 709 juramentum
429 665 612 708 recipiatis
631 665 666 699 in
683 665 772 700 haec
789 666 899 700 verba
917 678 924 700 z

212 719 290 764 Ego
314 720 358 754 N.
390 720 560 763 promitto
587 723 621 755 et
643 722 742 764 juro,
777 721 873 764 quod
901 720 1017 755 fidelis
1052 731 1114 755 ero
1143 719 1371 755 serenissimo
1400 719 1557 764 principi
1586 723 1621 754 et
1648 719 1805 760 domino,

167 774 313 809 domino
330 774 465 810 Karolo
482 779 622 819 quarto,
649 775 773 810 divina
797 777 938 810 favente
955 775 1146 810 elementia
1164 775 1413 809 Romanorum
1440 775 1650 819 imperatori
1667 786 1808 818 semper

167 834 322 875 augusto
337 834 372 866 et
390 831 558 866 Boemiae
574 831 652 875 regi
678 831 824 871 illustri,
844 831 990 865 domino
1015 842 1094 865 meo
1111 830 1286 875 gratioso,
1305 834 1338 865 et
1357 830 1524 865 omnibus
1540 831 1806 865 successoribus

167 888 244 930 ejus
278 885 453 920 Romanis
480 886 758 930 imperatoribus
785 890 820 921 ct
847 886 994 930 regibus
1021 885 1181 930 legitime
1219 885 1450 926 intrantibus,
1483 897 1597 929 neque
1634 896 1805 928 umquam

166 952 229 976 ero
245 940 283 975 in
300 940 462 982 consilio,
482 941 543 975 ubi
561 941 762 985 perieulum
781 952 906 975 eorum
923 943 1120 983 tractatur3
1140 942 1273 975 bonum
1298 944 1333 975 et
1352 941 1504 975 salutem
1522 951 1647 974 eorum
1666 951 1806 983 promo-

166 996 268 1037 vebo,
287 996 419 1031 damna
436 1008 561 1031 eorum
579 1008 643 1040 pro
660 1008 739 1031 mea
763 996 1018 1040 probabilitate
1035 999 1195 1031 avertam
1214 996 1390 1036 fideliter;
1405 996 1529 1030 literas
1544 998 1579 1030 et
1597 998 1677 1029 acta
1693 994 1808 1029 sancti

166 1050 275 1086 officii
300 1051 548 1095 Inquisitionis
572 1051 727 1087 fideliter
749 1055 785 1086 et
806 1051 1000 1095 diligenter
1024 1050 1249 1085 conscribam
1277 1056 1312 1086 et
1336 1050 1456 1085 officio
1481 1050 1666 1094 praedicto
1692 1050 1808 1084 fidelis

165 1118 228 1142 ero
244 1109 279 1142 et
302 1111 383 1142 acta
399 1107 538 1141 occulte
555 1107 716 1147 servabo,
742 1107 855 1141 donee
879 1107 922 1141 dc
947 1106 1115 1140 mandato
1141 1105 1399 1149 inquisitorum
1425 1106 1481 1140 vel
1507 1116 1656 1139 suorum
1674 1104 1807 1139 officia-

165 1161 268 1202 lium,
297 1161 372 1195 sive
402 1161 475 1195 alia
505 1161 672 1206 exigente
697 1160 853 1205 justitia,
887 1161 1042 1195 debcant
1074 1160 1265 1204 publicari,
1300 1164 1335 1195 et
1367 1161 1610 1195 instrumenta
1641 1160 1715 1194 alia
1745 1171 1807 1194 seu

166 1218 341 1251 tractatus
363 1215 453 1250 alios
470 1226 715 1258 quoscumque
739 1226 810 1249 non
835 1214 990 1248 scribam
1017 1214 1055 1248 in
1080 1214 1206 1258 papiro
1231 1226 1292 1248 seu
1319 1218 1419 1249 carta
1445 1214 1556 1249 veteri
1581 1217 1645 1248 aut
1665 1214 1805 1254 abrasa,

165 1271 227 1306 sed
250 1270 287 1305 in
312 1271 524 1305 membrana
539 1270 675 1304 munda
699 1273 733 1304 et
751 1281 859 1310 nova;
884 1272 1109 1310 testamenta,
1130 1268 1316 1303 codicillos
1345 1272 1381 1303 et
1405 1280 1639 1312 quoscunque
1662 1268 1809 1302 ultimas

165 1326 367 1360 voluntates
402 1336 542 1359 necnon
575 1324 672 1359 dicta
711 1324 857 1358 testium
899 1323 1124 1358 conscribam
1167 1323 1324 1358 fideliter
1348 1329 1384 1359 et
1423 1336 1466 1358 ea
1493 1323 1634 1358 occulte
1658 1323 1807 1357 servabo

165 1381 328 1424 nullique
345 1381 512 1424 pandam,
531 1380 643 1414 donec
667 1380 820 1414 debeant
843 1382 906 1413 aut
930 1379 1100 1414 mandato
1119 1379 1258 1423 judicis
1282 1379 1357 1414 sive
1380 1379 1453 1413 alia
1477 1379 1644 1423 exigente
1665 1378 1808 1422 justitia

166 1435 368 1481 publicari,
401 1446 525 1469 causas
552 1433 814 1469 miserabilium
836 1445 1073 1477 personarum
1091 1445 1230 1467 necnon
1249 1437 1385 1477 pontes,
1413 1433 1620 1478 hospitalia,
1640 1434 1806 1468 emenda-

165 1491 300 1526 tionem
317 1490 507 1524 vinearum
524 1489 754 1533 publicarum
775 1489 874 1523 omni
900 1492 1061 1532 tempore
1086 1489 1315 1532 promovebo,
1335 1492 1370 1523 ct
1387 1488 1546 1522 officium
1571 1499 1690 1522 meum
1708 1499 1806 1522 exer-

165 1547 252 1581 cebo
268 1545 433 1585 fideliter,
453 1555 525 1578 non
541 1543 748 1578 attentendo
771 1554 935 1584 munera,
955 1543 1080 1577 odium
1099 1543 1156 1577 vel
1181 1554 1354 1578 amorem.
1375 1543 1435 1577 Sic
1459 1555 1516 1577 me
1542 1543 1636 1577 Deus
1661 1543 1809 1587 adjuvet

164 1605 200 1638 et
225 1604 349 1636 sancta
376 1600 441 1635 Dei
467 1600 678 1644 evangelia!

210 1657 449 1692 Decernentes
472 1658 507 1690 et
530 1655 710 1699 imperiali
734 1659 930 1692 statuentes
954 1655 1084 1696 edicte,
1111 1657 1206 1699 quod
1234 1659 1274 1691 tu
1292 1655 1518 1696 waltherus,
1546 1654 1750 1689 Ludovieus
1774 1658 1810 1690 et

165 1713 237 1748 duo
254 1714 382 1747 fratres
406 1724 469 1756 per
484 1715 518 1747 te
535 1712 769 1747 Waltherum
789 1712 999 1747 nominandi
1024 1716 1059 1747 et
1076 1712 1187 1748 ceteri
1204 1712 1438 1756 inquisitores
1455 1711 1704 1746 Allemanniae
1728 1724 1809 1746 auc-

165 1767 311 1804 toritate
327 1767 522 1811 apostolica
539 1767 725 1802 constituti
741 1780 803 1802 seu
828 1767 1038 1802 instituendi
1065 1768 1231 1803 omnibus
1254 1767 1411 1812 juribus,
1438 1766 1651 1810 privilegiis,
1678 1766 1808 1810 gratiis

165 1826 201 1858 et
227 1822 454 1857 libertatibus
481 1823 535 1857 uti
562 1826 597 1858 et
613 1824 772 1867 gaudere
788 1823 941 1867 possitis,
968 1822 1100 1866 quibus
1115 1823 1226 1858 ceteri
1250 1822 1483 1867 inquisitores
1500 1821 1704 1857 haereticae
1728 1834 1807 1866 pra-

165 1877 287 1913 vitatis
302 1877 341 1912 in
357 1878 631 1922 quibuscunque
648 1879 810 1921 partibus
826 1890 887 1913 seu
913 1890 933 1912 a
949 1878 1224 1922 quibuscunque
1249 1877 1426 1913 concessis
1442 1878 1486 1911 de
1498 1879 1594 1921 jure,
1615 1877 1735 1921 gratia
1752 1878 1809 1912 vel

166 1934 424 1968 consuetudine
447 1933 714 1977 quomodolibet
738 1934 918 1977 potuerint
935 1947 944 1977 ς
970 1935 1203 1969 decernentes
1219 1933 1378 1977 insuper,
1405 1933 1500 1976 quod
1516 1933 1728 1967 tabelliones
1746 1944 1810 1976 per

166 2000 228 2023 vos
255 1989 340 2024 faeti
365 1993 399 2024 ct
416 1989 570 2024 instituti
595 1992 630 2024 et
655 1989 865 2024 instituendi
890 1990 996 2025 modo
1020 2002 1090 2033 quo
1116 1989 1372 2033 praemittitur,
1392 1992 1580 2033 postquam
1600 1990 1810 2032 juramenta

166 2045 350 2088 praedicta
367 2044 621 2088 praestiterint,
641 2044 760 2079 officia
783 2056 847 2079 sua
870 2045 1006 2088 possint
1022 2048 1057 2079 et
1080 2045 1225 2079 valeant
1249 2044 1467 2088 ubicumque
1491 2045 1653 2079 locorum
1676 2045 1809 2087 absque

167 2099 422 2144 impedimento
440 2099 599 2144 quolibet
623 2111 790 2134 exercere
813 2103 848 2134 et
866 2100 1092 2143 operationes
1117 2112 1242 2134 eorum
1266 2099 1340 2133 vim
1365 2099 1521 2134 habeant
1538 2099 1637 2133 omni
1654 2100 1760 2134 modo
1775 2103 1811 2134 et

167 2154 310 2199 vigore3
323 2155 560 2198 volumusque
576 2154 671 2199 ipsos
684 2155 895 2190 tabelliones
912 2159 1047 2191 vestros
1063 2155 1270 2199 hujusmodi
1295 2155 1462 2190 omnibus
1479 2155 1718 2196 libertatibus,
1737 2155 1808 2199 pri-

166 2210 322 2255 vile-giis,
351 2211 480 2254 gratiis
503 2210 680 2245 concessis
708 2210 858 2246 notariis
884 2211 1133 2255 Inquisitionis
1158 2211 1310 2247 ubilibet
1333 2211 1454 2255 potiri,
1486 2223 1557 2246 non
1585 2212 1809 2247 obstantibus

167 2265 371 2310 praemissis
388 2266 554 2300 omnibus
567 2265 708 2310 legibus
721 2265 970 2309 imperialibus
986 2278 1047 2301 seu
1067 2266 1384 2301 constitutionibus
1397 2267 1684 2310 quibuscumque
1697 2267 1808 2301 omni-

168 2321 245 2361 bus,
260 2321 289 2355 si
313 2324 349 2355 et
364 2320 402 2355 in
419 2323 595 2364 quantum
611 2320 789 2364 praesenti
808 2325 950 2356 nostrae
967 2321 1154 2366 largitioni
1171 2321 1354 2356 adversari
1380 2324 1581 2361 censentur,
1601 2333 1665 2365 per
1686 2321 1808 2356 onmia

167 2375 396 2420 derogamus
422 2375 563 2410 etiamsi
584 2376 628 2410 de
651 2375 707 2409 his
725 2377 811 2420 jure
834 2376 891 2411 vel
916 2377 1176 2412 consuetudine
1204 2376 1242 2411 in
1274 2376 1523 2421 praesentibus
1554 2377 1700 2412 deberet.
1730 2377 1809 2412 ficri

170 2431 305 2466 mentio
329 2431 507 2475 specialis.

213 2485 313 2521 Nulli
338 2497 426 2531 ergo
450 2485 600 2521 omnino
623 2485 814 2521 hominum
839 2486 948 2522 liceat,
970 2487 1066 2522 hane
1092 2490 1234 2522 nostrae
1257 2486 1537 2527 constitutionis,
1557 2486 1808 2528 ordinationis,

169 2541 419 2582 concessionis,
447 2541 595 2583 decreti,
625 2541 763 2582 statuti,
795 2542 972 2584 mandati,
1003 2542 1236 2583 executionis,
1271 2542 1476 2587 largitionis
1502 2546 1537 2577 et
1564 2542 1810 2587 derogationis

168 2597 340 2641 paginam
363 2596 563 2641 infringere
587 2597 644 2632 vel
672 2597 703 2631 ci
733 2597 860 2641 quovis
885 2609 975 2632 ausu
1007 2598 1200 2633 temerario
1224 2597 1415 2632 contraire.
1451 2597 1488 2631 Si
1514 2597 1594 2641 quis
1618 2601 1739 2632 autem
1770 2597 1806 2632 id

169 2655 384 2696 attemptare
408 2652 698 2696 praesumpserit,
718 2652 1007 2697 indignationem
1033 2657 1193 2688 nostram
1219 2652 1469 2697 gravissimam
1493 2656 1529 2687 et.
1553 2664 1704 2696 poenam
1729 2664 1807 2687 cen-

168 2711 247 2743 tum
271 2719 477 2742 marcarum
502 2707 583 2742 auri
608 2707 792 2752 purissimi
818 2708 948 2744 totiens
974 2709 1140 2752 quotiens
1157 2712 1282 2744 eontra
1308 2709 1442 2742 factum
1469 2707 1589 2747 fuerit,
1607 2720 1644 2742 se
1670 2707 1810 2743 noverit

170 2762 468 2798 irremissibiliter
485 2762 730 2802 incursurum,
747 2775 902 2807 quarum
921 2763 1148 2799 medietatem
1173 2763 1350 2807 imperiali
1378 2766 1498 2797 nostro
1517 2763 1601 2797 fisco
1618 2763 1692 2798 sive
1709 2775 1808 2798 aera-

169 2819 236 2860 rio,
254 2819 436 2854 residuam
452 2830 537 2854 vero
555 2822 693 2862 partem
717 2818 802 2861 ipsis
827 2818 1104 2862 inquisitoribus
1122 2818 1314 2862 praedictis
1330 2817 1557 2853 decernimus
1574 2818 1762 2862 applicari.

214 2874 346 2909 Datum
370 2873 408 2908 in
432 2873 577 2908 civitate
600 2876 722 2908 nostra
746 2873 915 2907 Luceana
938 2875 980 2908 Α.
1000 2873 1263 2914 MCGCLXIX,
1284 2873 1408 2908 indict..
1430 2872 1507 2914 vn,
1527 2872 1595 2907 XV
1614 2873 1686 2908 kal.
1704 2873 1806 2916 Julii,

169 2940 366 2974 regnorum
391 2932 597 2965 nostrorum
622 2940 717 2963 anno
736 2929 874 2970 XXIII,
894 2929 1038 2973 imperii
1057 2941 1141 2964 vero
1160 2929 1240 2964 XV.

519 2995 707 3038 Mosheim‚
728 2995 794 3032 blz.
812 2997 968 3033 368-375.
986 3015 1030 3022 —-
1047 2996 1098 3031 De
1115 2996 1209 3032 tekst
1225 2995 1255 3033 is
1268 3007 1348 3032 zecr
1366 2995 1556 3034 bedorven.
