2097 3466
794 241 925 276 ANNO
953 243 1050 275 118⁴
1690 245 1731 276 55

116 335 218 370 bonis
240 334 488 370 damnatorum
512 335 670 369 ecclesiis
693 335 822 379 quibus
845 335 1102 376 deserviebant,
1117 334 1310 369 secundum
1328 335 1527 371 sanctiones
1550 336 1728 380 legitimas

114 389 347 434 applicandis.

159 444 251 479 Sane
267 443 484 487 praedictam
497 444 913 484 excommunicationem.
930 446 987 479 cui
1008 456 1128 480 omncs
1141 444 1305 488 cupimus
1317 445 1518 481 haeraticos
1530 448 1726 491 subjacere,

114 501 159 535 ab
187 500 351 534 omnibus
374 500 599 543 patriarchis,
630 501 917 545 archiepiscopis,
944 501 1117 545 episcopis
1142 501 1177 535 iu
1204 501 1404 545 praecipuis
1422 501 1673 536 stistivitatibus
1697 505 1732 536 et

115 554 252 599 quoties
274 554 503 588 solennitates
518 555 720 593 habuerint.
737 556 791 589 vel
820 556 979 598 qualibet
1002 555 1198 595 occasione,
1217 556 1260 590 ad
1289 556 1441 599 gloriam
1468 556 1530 590 Dei
1554 560 1589 591 et
1613 568 1730 600 repre-

114 609 320 645 hensionem
350 608 551 643 haereticae
582 610 784 653 pravitatis.
818 611 1042 645 deceruimus
1074 610 1255 650 innovari,
1289 610 1508 644 authoritate
1536 611 1730 654 apostolica

113 666 318 703 statuentes,
336 666 377 697 ut
392 662 420 697 si
438 665 517 706 quis
533 664 575 698 de
592 664 717 699 ordine
732 665 978 708 episcoporum
1005 665 1189 709 negligens
1214 666 1250 699 in
1266 664 1323 699 his
1339 664 1447 700 fuerit
1463 665 1517 699 vel
1533 665 1729 700 desidiosus

113 718 289 759 inventus,
303 729 364 761 per
379 717 555 754 triennale
568 718 720 762 spatium
735 720 779 753 ab
793 719 983 764 episcopali
999 720 1174 754 habeatur
1185 719 1360 763 dignitate
1373 722 1408 754 et
1420 719 1729 757 administratione

113 784 314 817 suspensus.

155 828 211 862 Ad
227 827 315 861 haec
331 826 374 860 de
390 824 582 869 episcopali
607 825 756 859 consilio
773 829 808 859 et
823 826 1051 869 suggestione
1072 825 1240 860 culminis
1256 825 1453 870 imperialis
1468 828 1503 860 et
1527 826 1729 870 principum

112 884 189 926 ejus
211 881 418 927 adjecimus,
446 884 485 915 ut
507 879 656 924 quilibet
685 880 974 924 archiepiscopus
991 882 1046 915 vel
1069 882 1254 925 episcopus
1284 893 1346 925 per
1373 894 1409 917 se
1431 883 1487 917 vel
1511 883 1731 918 archidiaco-

113 949 199 972 num
221 947 325 972 suum
356 939 419 971 aut
442 947 504 980 per
531 936 621 970 alias
644 935 811 970 honestas
835 936 1050 980 idoneasque
1082 948 1249 981 personas
1281 937 1335 971 bis
1362 939 1417 972 vel
1441 940 1548 973 semel
1577 939 1614 973 in
1639 951 1733 974 anno

111 990 330 1036 parochiam,
344 990 380 1024 in
394 1003 464 1034 qua
478 992 573 1025 fama
585 990 694 1025 fucrit
710 990 910 1025 haereticos
922 991 1098 1031 habitare,
1112 991 1326 1035 circumcat3
1341 995 1377 1027 et
1392 993 1442 1027 ibi
1460 996 1532 1028 tres
1544 985 1598 1028 rel
1614 994 1733 1037 plures

113 1045 196 1081 boni
212 1044 406 1080 testimonii
423 1045 519 1079 viros
535 1045 591 1079 vel
607 1045 727 1086 ctiam,
747 1045 775 1078 si
793 1045 959 1089 expedire.
976 1045 1168 1086 videbitur,
1187 1049 1298 1081 totam
1314 1046 1485 1082 viciniam
1493 1049 1508 1092 j
1516 1060 1621 1083 urare
1637 1061 1729 1083 com-

115 1101 234 1144 pellat,
253 1100 347 1144 quod
363 1099 392 1133 si
409 1099 488 1142 quis
512 1099 644 1134 ibidem
668 1100 866 1135 haereticos
893 1100 1037 1135 sciverit
1063 1101 1119 1135 vel
1147 1100 1285 1144 aliquos
1315 1103 1456 1137 occulta
1483 1103 1733 1138 conventicula

113 1155 332 1191 celebrantes
355 1166 417 1189 seu
449 1166 470 1188 a
497 1154 678 1189 communi
703 1155 970 1189 conversatione
986 1155 1146 1190 fidelium
1169 1156 1244 1191 vita
1266 1159 1301 1191 ct
1324 1157 1484 1192 moribus
1510 1157 1730 1200 dissidentes,

109 1221 169 1247 eos
185 1210 350 1254 episeopo
366 1210 422 1244 vel
438 1209 694 1244 archidiacono
712 1209 854 1244 studeat
878 1209 1049 1244 indicare.
1070 1210 1265 1255 Episcopus
1282 1214 1402 1246 autem
1430 1224 1490 1247 seu
1508 1213 1730 1248 archidiaco-

112 1277 178 1300 nus
200 1265 246 1300 ad
268 1264 506 1309 praesentiam
530 1277 631 1299 suam
659 1268 830 1299 converet
854 1268 1061 1308 accusatos3
1094 1266 1155 1309 qui
1180 1266 1247 1300 nisi
1273 1278 1308 1301 se
1331 1267 1377 1301 ad
1400 1278 1524 1302 eorum
1541 1267 1733 1302 arbitrium

105 1321 211 1364 juxta
226 1318 364 1363 patriae
377 1318 671 1354 consuetudinem
685 1319 729 1353 ab
749 1319 887 1362 objecto
905 1322 1006 1353 reatu
1025 1319 1261 1363 purgaverint
1274 1321 1329 1355 vel
1346 1320 1374 1354 si
1394 1324 1471 1364 post
1483 1321 1734 1366 purgationem

111 1375 307 1410 exhibitam
324 1375 362 1409 in
379 1374 567 1418 pristinam
585 1373 721 1408 fuerint
737 1373 867 1417 relapsi
886 1374 1086 1417 perfidiam,
1105 1374 1353 1419 episcoporum
1364 1376 1504 1421 judicio
1520 1376 1729 1420 puniantur.

112 1429 150 1464 Si
174 1430 235 1474 qui
263 1441 347 1465 vero
371 1441 414 1464 ex
445 1430 495 1463 eis
517 1428 739 1472 jurationem
763 1428 1016 1472 superstitione
1044 1429 1243 1464 damnabili
1270 1433 1476 1474 respuentes
1486 1433 1614 1475 jurare
1640 1432 1732 1467 forte

112 1484 303 1526 noluerint,
322 1496 365 1520 ex
389 1485 458 1520 hoe
485 1484 562 1528 ipso
584 1484 757 1519 haeretiei
775 1484 987 1528 judicentur
1011 1487 1046 1520 et
1069 1484 1191 1529 poenis
1214 1497 1305 1529 quae
1328 1487 1619 1530 praenominatae
1634 1490 1728 1530 sunt,

112 1541 365 1585 percellantur.

155 1595 352 1630 Statuimus
370 1594 527 1638 insuper,
545 1596 585 1628 ut
602 1593 760 1634 comites,
780 1595 943 1634 barones,
958 1596 1125 1635 rectores,
1145 1595 1308 1629 consules
1324 1595 1510 1630 civitatum
1527 1599 1562 1631 et
1577 1595 1732 1631 aliorum

112 1652 272 1686 locorum
295 1652 401 1695 juxta
424 1648 741 1684 commonitionem
770 1648 1122 1692 archiepiscoporum
1140 1652 1174 1684 et
1200 1649 1448 1694 episcoporum
1473 1651 1642 1694 praestito
1659 1663 1734 1685 cor-

111 1705 496 1749 poraliterjuramento
514 1703 736 1748 promittant,
753 1704 847 1746 quod
865 1703 901 1737 in
926 1703 1092 1737 omnibus
1119 1703 1311 1747 praedictis
1328 1705 1468 1739 fortiter
1480 1708 1515 1740 et
1530 1705 1736 1747 efficaciter,

112 1771 194 1794 cum
218 1760 263 1793 ab
293 1758 344 1793 eis
367 1758 502 1793 fuerint,
528 1758 656 1793 exinde
679 1756 855 1801 requisiti,
875 1756 1063 1791 ecelesiam
1088 1760 1213 1792 contra
1235 1758 1435 1793 haereticos
1450 1762 1485 1794 et
1500 1771 1624 1794 eorum
1641 1772 1734 1794 eom-

112 1813 222 1858 plices
244 1814 466 1858 adjuvabunt
493 1816 527 1848 et
555 1814 749 1848 studebunt
776 1813 870 1847 bona
897 1813 967 1847 fide-
988 1814 1095 1856 juxta
1118 1813 1275 1847 officium
1303 1816 1338 1849 et
1364 1825 1464 1857 posse
1488 1826 1591 1850 suum
1623 1816 1732 1850 eccle—

112 1868 255 1903 siastica
293 1868 459 1903 similiter
489 1871 524 1904 et
554 1868 758 1912 imperialia
792 1869 941 1908 statuta,
976 1867 1073 1901 circa
1114 1879 1156 1902 ea
1198 1880 1289 1912 quae
1326 1868 1499 1911 diximus,
1532 1870 1733 1905 executioni

113 1923 294 1957 mandare.
317 1922 355 1957 Si
374 1934 459 1958 vero
477 1923 513 1957 id
530 1923 719 1957 observare
736 1920 930 1962 noluerint,
948 1921 1096 1962 honore,
1111 1932 1217 1965 quem
1233 1922 1406 1964 obtinent,
1425 1923 1623 1967 spolientur
1640 1927 1675 1959 et
1690 1925 1735 1960 ad

113 1977 203 2012 alios
230 1978 434 2012 nullatenus
459 1980 697 2015 assumantur,
740 1976 790 2011 eis
819 1975 934 2009 nihilo
962 1975 1081 2010 minus
1112 1977 1481 2013 excommunicatione
1511 1978 1668 2022 ligandis
1701 1980 1737 2014 et

113 2032 218 2067 terris
234 2033 392 2076 ipsorum
416 2032 608 2066 interdicto
625 2030 796 2065 ecclesiae
813 2030 1066 2074 supponendis.
1087 2030 1221 2065 Civitas
1237 2034 1368 2073 autem,
1399 2043 1492 2075 quae
1507 2032 1564 2067 his
1579 2033 1736 2068 decreta-

113 2087 207 2122 libus
237 2087 409 2122 institutis
431 2085 575 2121 duxerit
598 2085 835 2120 resistendum
852 2086 909 2120 vel
933 2088 1059 2120 contra
1084 2086 1401 2122 commonitionem
1424 2087 1581 2132 episcopi
1610 2087 1738 2131 punire

115 2141 313 2186 neglexerit
349 2141 564 2181 resistentes,
609 2141 765 2175 aliarum
797 2143 918 2175 careat
949 2141 1166 2176 commercio
1193 2141 1380 2177 civitatum
1411 2145 1447 2178 et
1476 2143 1667 2187 episcopali
1697 2155 1734 2179 se

116 2196 255 2231 noverit
270 2196 447 2240 dignitate
462 2196 685 2240 privandam.

159 2250 289 2286 Omnes
312 2250 420 2286 etiam
444 2251 602 2285 fautores
625 2249 889 2284 haereticorum
919 2252 1091 2293 tanquam
1115 2253 1287 2295 perpetua
1309 2250 1459 2285 infamia
1481 2251 1733 2286 condemnatos

115 2305 159 2339 ab
175 2305 407 2340 advocatione
429 2308 465 2340 et
486 2304 691 2340 testimonio
714 2307 749 2339 et
771 2304 853 2338 aliis
869 2304 1023 2348 publicis
1045 2305 1173 2340 officiis
1188 2306 1412 2340 decernimus
1435 2306 1667 2349 repellendos
1695 2305 1734 2340 Si

115 2358 177 2402 qui
193 2371 278 2394 vero
294 2359 439 2401 fuerint,
455 2359 517 2404 qui
534 2371 555 2394 a
572 2360 651 2404 lege
667 2359 880 2394 diocesanae
887 2359 1153 2405 jurisdictionis
1169 2361 1323 2405 exempti
1340 2360 1405 2395 soli
1422 2362 1630 2405 subjaceant
1644 2360 1737 2395 sedis

115 2414 330 2458 apostolieae
347 2415 524 2459 potestati,
541 2415 656 2450 nihilo
675 2415 794 2449 minus
818 2415 856 2449 in
880 2415 935 2455 iis,
967 2427 1058 2459 quae
1085 2415 1249 2459 superius
1277 2419 1358 2450 sunt
1385 2418 1511 2450 contra
1540 2415 1738 2450 haereticos

115 2469 290 2511 instituta,
316 2470 671 2514 archiepiscoporum
702 2471 758 2504 vel
790 2470 1041 2514 episcoporum
1069 2471 1222 2505 subdant
1247 2470 1427 2514 judicium
1454 2473 1490 2506 et
1519 2469 1570 2505 eis
1601 2470 1638 2505 in
1669 2470 1737 2504 hac

117 2527 216 2568 parte
232 2527 403 2569 tanquam
427 2537 449 2560 a
472 2526 553 2561 sede
569 2525 767 2569 apostolica
782 2525 967 2569 delegatis,
986 2536 1057 2560 non
1073 2526 1296 2561 obstantibus
1320 2525 1495 2564 libertatis
1518 2536 1604 2560 suae
1627 2524 1734 2570 privi-

117 2580 232 2625 legiis,
247 2582 500 2625 obsequantur.
746 2595 748 2597 >

460 2662 593 2703 Mansi,
613 2663 690 2697 deel
713 2662 797 2703 XX,
816 2663 882 2697 blz.
903 2665 1056 2701 :fle-478,
1075 2663 1210 2697 alwaar
1225 2663 1278 2699 dit
1301 2663 1382 2698 stuk
1405 2663 1666 2707 verkeerdeliJk
1689 2675 1734 2708 op

506 2719 590 2751 1181
620 2717 735 2751 werdt
757 2717 925 2752 vermeld.
944 2717 1058 2759 (Jafl'e,
1077 2718 1154 2752 decl
1178 2718 1222 2759 II,
1242 2719 1307 2753 blz.
1328 2721 1401 2759 469,
1421 2725 1458 2752 nr
1476 2719 1661 2761 15109.)—
1678 2719 1741 2754 Dit

506 2773 684 2816 pauselijk
707 2773 848 2807 decreet
871 2774 973 2807 bevat
997 2773 1039 2807 de
1063 2776 1174 2808 eerste
1197 2773 1482 2816 uitdrukkelijke
1497 2774 1661 2819 regeling
1676 2775 1740 2810 der

510 2828 810 2874 bisschoppeliJ'ke
827 2828 1026 2872 Inquisitio.
1046 2828 1106 2864 Zie
1122 2829 1204 2871 Lea,
1223 2830 1301 2865 decl
1318 2829 1344 2871 Ι,
1363 2830 1428 2864 blz.
1449 2832 1521 2865 1⁴26.
