2097 3466
386 266 428 298 ts
1075 257 1217 298 ANNO
1234 259 1346 299 1215.

391 357 628 393 inunicationi
644 356 870 393 decernimus
894 358 1091 402 subJacere,
1111 357 1264 392 firmiter
1286 351 1494 399 statuentes,
1512 360 1554 393 ut
1575 353 1762 402 postquam
1787 357 1876 402 quisi
1889 359 2025 394 talium·

392 412 502 448 fuerit
514 412 886 447 excommunicatione
903 415 1057 453 notatus,
1072 412 1102 446 si
1119 412 1324 447 satisfacere
1341 413 1594 457 contempserit
1609 412 1706 448 infra
1721 425 1868 457 annum,
1886 417 2018 450 extunc

392 467 469 511 ipso
489 470 572 511 Jure
589 467 636 502 sit
651 468 766 502 factus
791 467 937 502 infamis
961 479 1026 502 nec
1042 468 1087 502 ad
1110 467 1256 510 publiea
1272 467 1390 502 officia
1414 479 1476 503 seu
1503 467 1653 503 consilia
1680 480 1746 504 nee
1761 470 1807 504 ad
1833 469 2018 514 eligendos

388 522 529 566 aliquos
544 521 590 556 ad
605 521 811 565 hujusmodi
830 533 895 556 nec
907 522 952 556 ad
966 521 1211 556 testimonium
1224 521 1446 557 admittatur.
1461 521 1516 557 Sit
1532 522 1640 557 etiam
1656 522 1882 565 intestabilis,
1896 526 1937 559 ut
1949 535 2015 560 nec

387 576 542 611 testandi
570 575 723 611 liberam
747 576 879 612 habeat
909 577 1116 612 facultatem
1145 588 1211 612 nee
1238 578 1284 612 ad
1310 577 1543 612 haereditatis
1567 578 1826 614 successionem
1854 580 2013 615 accedat.

386 631 517 666 Nullus
539 633 726 675 praeterea
742 630 810 675 ipsi
827 642 934 675 super
951 643 1177 675 quocumque
1195 632 1340 676 negotio
1365 632 1588 676 respondeat,
1606 633 1667 668 sed
1683 633 1758 677 ipse
1774 633 1856 668 aliis
1871 644 2014 678 respon·

385 686 470 721 dere
487 689 657 730 cogatur;
677 687 771 729 quod
787 686 816 720 si
835 687 925 721 forte
943 687 1057 731 judex
1085 686 1257 727 extiterit,
1275 689 1352 730 ejus
1376 687 1552 722 sententia
1575 688 1711 722 nullam
1729 687 1889 723 obtineat
1903 687 2014 722 firmi-

384 743 494 776 tatem
513 752 578 776 nec
595 752 724 776 causae
740 740 884 784 aliquae
901 741 946 775 ad
960 744 1036 784 ejus
1049 741 1270 776 audientiam
1289 743 1528 785 perferantur.
1545 741 1583 776 Si
1597 743 1705 778 fuerit
1718 743 1923 784 advocatus,
1937 743 2015 787 ejus

381 795 623 839 patrocinium
653 796 862 830 nullatenus
892 795 1125 839 admittatur3
1144 795 1174 830 si
1202 796 1361 838 tabellio,
1390 798 1468 841 ejus
1496 796 1735 833 instrumenta
1762 798 1924 832 confecta
1950 807 2015 841 per

382 850 499 894 ipsum
517 851 653 885 nullius
670 851 814 894 penitus
839 851 910 885 sint
925 850 1110 891 momenti,
1125 851 1186 885 sed
1204 862 1285 885 cum
1310 851 1462 886 authore
1478 851 1647 887 damnato
1663 853 1890 887 damnentur.
1914 851 1960 886 Et
1974 851 2014 886 in

382 904 561 940 similibus
579 906 676 940 idem
691 905 932 949 praecipimus
956 905 1151 946 observari,
1172 905 1303 940 sivero
1328 905 1480 941 clericus
1496 906 1617 948 fuerit,
1644 907 1688 941 ab
1712 906 1811 942 omni
1834 905 1952 942 officio
1978 909 2014 942 et

382 959 557 994 beneficio
574 961 788 1004 deponatur,
810 963 850 994 ut
867 960 904 994 in
922 972 992 1003 quo
1009 962 1127 1003 major
1142 963 1196 995 est
1211 961 1329 1005 culpa,
1350 961 1498 1005 gravior
1514 964 1725 996 exerceatur
1740 961 1911 996 vindicta.

427 1014 466 1048 Si
483 1015 545 1058 qui
562 1018 682 1050 autem
699 1015 800 1055 tales,
822 1017 1009 1058 postquam
1026 1015 1071 1049 ab
1095 1015 1248 1050 ecclesia
1274 1015 1434 1050 denotati
1459 1016 1606 1057 fuerint,
1633 1016 1770 1051 evitare
1797 1018 2013 1060 contempse-

383 1069 468 1110 rint,
487 1068 869 1104 excommunicationis
886 1069 1062 1104 sententia
1078 1081 1191 1112 usque
1206 1070 1253 1104 ad
1278 1069 1558 1105 satisfactionem
1575 1070 1741 1105 idoneam
1758 1071 2011 1115 percellantur.

383 1123 477 1159 Sane
493 1124 616 1159 clerici
634 1136 705 1159 non
722 1124 917 1159 exhibeant
938 1125 1145 1168 hujusmodi
1163 1124 1413 1168 pestilentibus
1429 1125 1671 1161 ecclesiastica
1694 1128 1919 1161 sacramenta
1948 1137 2013 1161 nec

381 1189 440 1213 eos
473 1178 698 1214 Christianae
729 1182 961 1223 praesumant
990 1180 1197 1223 sepulturae
1222 1180 1366 1214 tradere
1396 1191 1462 1214 nec
1484 1181 1705 1224 elemosynas
1727 1183 1792 1216 aut
1815 1180 2013 1216 oblationes

382 1244 506 1267 eorum
534 1234 726 1278 accipiant,
747 1235 910 1278 alioquin
925 1246 990 1269 suo
1011 1235 1200 1278 priventur
1223 1235 1353 1277 officio,
1372 1236 1418 1270 ad
1448 1237 1544 1279 quod
1567 1248 1753 1280 nunquam
1775 1236 2014 1272 restituantur

381 1289 515 1332 absque
532 1289 672 1325 indulto
688 1290 780 1325 sedis
797 1290 1013 1334 apostolicae
1030 1290 1189 1334 speciali.
1210 1290 1386 1325 Similiter
1403 1291 1557 1334 quilibet
1571 1292 1769 1336 regulares,
1788 1291 1919 1335 quibus
1942 1291 2012 1326 hoc

380 1343 489 1378 etiam
506 1343 706 1389 infligatur,
725 1347 766 1380 ut
793 1357 918 1380 eorum
943 1345 1136 1390 privilegia
1152 1345 1191 1380 in
1219 1346 1283 1380 illa
1299 1345 1443 1381 dioecesi
1468 1358 1540 1381 non
1565 1349 1763 1388 serventur,
1781 1346 1821 1381 in
1837 1357 1908 1390 qua
1922 1346 2012 1381 tales

381 1410 545 1434 excessus
559 1400 865 1444 praesumpserint
878 1403 1096 1444 perpetrare.

427 1453 521 1493 Quia
537 1466 622 1489 vero
636 1455 802 1490 nonnulli
819 1456 885 1490 sub
902 1455 1020 1499 specie
1045 1455 1187 1499 pietatis
1213 1455 1385 1491 virtutem
1410 1457 1498 1501 ejus,
1511 1457 1619 1500 juxta
1636 1456 1731 1500 quod
1743 1455 1795 1491 ait
1806 1455 2009 1500 Apostolus,

382 1509 601 1554 abnegantes
618 1510 874 1546 authoritatem
902 1510 970 1545 sibi
995 1510 1183 1546 vindicant
1199 1511 1445 1555 praedicandi,
1466 1523 1550 1546 cum
1569 1510 1664 1546 idem
1681 1511 1874 1555 Apostolus
1889 1510 2008 1546 dicat:

383 1565 568 1605 Quomodo
581 1566 855 1610 praedidabunt,
871 1567 939 1601 nisi
957 1567 1173 1602 mittantur?
1190 1579 1312 1602 omnes
1328 1567 1389 1611 qui
1414 1567 1587 1612 prohibiti
1603 1568 1660 1602 vel
1673 1578 1744 1602 non
1756 1566 1855 1601 missi
1868 1568 2011 1611 praeter

382 1620 639 1656 authoritatem
669 1622 714 1656 ab
746 1621 942 1665 apostolica
965 1622 1047 1656 sede
1069 1623 1127 1657 vel
1151 1622 1328 1657 catholico
1355 1622 1521 1666 episcopo
1548 1622 1618 1657 loci
1642 1625 1843 1668 susceptam
1865 1621 2010 1667 publice

382 1678 438 1712 vel
455 1678 623 1722 privatim
640 1678 918 1722 praedicationis
934 1679 1092 1714 officium
1105 1691 1281 1724 usurpare
1296 1681 1613 1725 praesumpserint,
1628 1675 2009 1716 excommunicationis

382 1732 528 1767 vinculo
559 1733 789 1775 innodentur,
823 1737 859 1769 et
899 1734 969 1768 nisi
1010 1736 1225 1778 quantocius
1262 1736 1492 1780 resipuerint,
1525 1735 1599 1770 alia
1638 1736 1862 1779 competente
1901 1743 2009 1776 poena

383 1787 597 1831 plectantur.

426 1842 628 1887 Adjieimus
654 1843 817 1889 insuper,
844 1847 885 1880 ut
908 1846 1061 1889 quilibet
1090 1847 1381 1891 archiepiscopus
1404 1848 1462 1883 vel
1491 1847 1679 1892 episcopus
1706 1857 1770 1890 per
1792 1856 1829 1880 se
1859 1845 1923 1879 aut
1948 1853 2012 1887 per

383 1898 679 1934 archidiaconum
696 1912 801 1935 suum
822 1902 879 1936 vel
902 1901 1049 1936 idoneas
1073 1914 1241 1946 personas
1257 1903 1424 1938 honestas
1440 1903 1494 1938 bis
1510 1906 1573 1938 aut
1589 1903 1715 1938 saltem
1731 1900 1839 1936 semel
1855 1898 1894 1934 in
1917 1908 2012 1933 anno

384 1954 568 1998 propriam
592 1956 813 1998 parochiam,
843 1956 882 1990 in
910 1968 980 2000 qua
1003 1958 1100 1991 fama
1123 1957 1234 1993 fuerit
1259 1958 1459 1993 haereticos
1483 1957 1660 1998 habitare,
1680 1956 1889 1996 circumeat,
1908 1955 1944 1989 et
1959 1951 2012 1986 ibi

383 2012 456 2043 tres
471 2010 527 2044 vel
544 2010 664 2053 plures
681 2010 764 2045 boni
781 2011 977 2045 testimonii
994 2011 1090 2045 viros
1117 2013 1173 2046 vel
1189 2012 1310 2052 etiam,
1329 2012 1359 2045 si
1383 2011 1550 2055 expedire
1573 2011 1766 2052 videbitur,
1785 2012 1897 2044 totam
1923 2006 2010 2041 viei-

384 2063 482 2097 niam
515 2065 643 2109 jurare
671 2066 873 2108 compellat,
904 2066 998 2108 quod
1022 2066 1051 2099 si
1080 2066 1160 2109 quis
1192 2066 1325 2101 ibidem
1363 2066 1564 2101 haereticos
1598 2065 1744 2100 sciverit
1780 2064 1837 2099 vel
1871 2062 2011 2105 aliquos

384 2119 525 2153 occulta
542 2120 794 2154 conventicula
811 2120 1031 2155 celebrantes
1048 2133 1109 2155 seu
1137 2133 1159 2155 a
1186 2121 1368 2155 communi
1397 2120 1668 2155 conversatione
1692 2118 1865 2159 fidelium,
1884 2115 1960 2151 vita
1975 2116 2011 2149 et

383 2174 545 2209 moribus
572 2174 792 2215 dissidentes,
819 2186 878 2209 eos
909 2174 1074 2219 episcopo
1105 2176 1246 2211 studeat
1275 2175 1448 2211 indicare.
1478 2176 1558 2219 Ipse
1585 2177 1705 2209 autem
1744 2171 1930 2216 episcopus
1963 2169 2010 2205 ad

383 2229 623 2274 praesentiam
647 2240 747 2263 suam
773 2233 944 2264 convocet
959 2234 1154 2271 accusatos,
1174 2231 1235 2274 qui
1260 2231 1329 2265 nisi
1346 2243 1382 2266 se
1397 2232 1442 2265 ab
1464 2231 1603 2274 objecto
1630 2231 1733 2264 reatu
1757 2225 2004 2272 purgaverint,

384 2285 440 2318 vel
454 2284 482 2317 si
496 2287 574 2327 post
591 2285 842 2328 purgationem
859 2284 1057 2320 exhibitam
1075 2285 1111 2319 in
1129 2285 1317 2328 pristinam
1330 2285 1466 2320 fuerint
1478 2284 1609 2328 relapsi
1622 2283 1822 2328 perfidiam,
1837 2280 2010 2317 canonice

385 2339 594 2383 puniantur.
615 2339 652 2373 Si
681 2339 741 2382 qui
770 2351 855 2373 vero
879 2351 921 2374 ex
946 2339 997 2374 eis
1015 2340 1214 2382 ,iuramenti
1231 2340 1444 2385 religionem
1461 2339 1700 2374 obstinatione
1716 2337 1914 2373 damnabili
1936 2347 2007 2371 res-

385 2399 533 2438 puentes
543 2397 670 2440 jurare
687 2396 778 2430 forte
795 2395 987 2436 noluerint,
1006 2407 1050 2430 ex
1065 2396 1134 2430 hoc
1146 2395 1222 2439 ipso
1240 2399 1423 2439 tamquam
1436 2395 1610 2430 haeretici
1627 2397 1850 2438 reputentur.

430 2451 606 2485 Volumus
622 2451 736 2495 igitur
749 2455 783 2485 et
799 2451 1010 2485 mandamus
1027 2454 1062 2486 et
1090 2452 1128 2486 in
1151 2452 1285 2487 virtute
1316 2451 1541 2487 obedientiae
1564 2451 1726 2485 districte
1755 2447 2008 2493 praecipimus,

386 2509 425 2540 ut
442 2507 486 2540 ad
503 2506 591 2541 haec
604 2507 798 2541 efficaciter
813 2508 1020 2550 exequenda
1036 2507 1192 2551 episcopi
1209 2519 1273 2552 per
1289 2508 1458 2543 dioeceses
1481 2518 1562 2542 suas
1586 2505 1780 2550 diligenter
1803 2503 2006 2548 invigilent,

386 2560 415 2594 si
432 2561 643 2596 canonicam
659 2563 817 2607 effugere
844 2563 1025 2598 voluerint
1052 2563 1237 2598 ultionem.
1258 2563 1292 2598 Si
1325 2563 1404 2607 quis
1429 2563 1525 2598 enim
1549 2562 1735 2607 episcopus
1751 2570 1859 2604 super
1880 2568 2008 2602 expur-

385 2617 504 2660 gando
521 2617 563 2651 de
579 2629 644 2651 sua
660 2617 805 2652 dioecesi
819 2617 1021 2652 haereticae
1038 2618 1226 2661 pravitatis
1242 2619 1416 2653 fermento
1430 2618 1617 2662 negligens
1630 2615 1740 2651 fuerit
1754 2615 1812 2649 vel
1826 2612 2006 2653 remissus,

385 2682 467 2705 eum
484 2670 521 2704 id
538 2671 644 2706 certis
661 2671 805 2706 indiciis
822 2672 1042 2716 apparuerit,
1060 2675 1096 2707 et
1118 2673 1162 2707 ab
1187 2672 1382 2716 episcopali
1407 2672 1525 2706 officio
1545 2672 1746 2715 deponatur
1768 2673 1804 2705 et
1827 2670 1866 2704 in
1888 2669 2008 2703 locum

384 2725 496 2770 ipsius
526 2727 618 2761 alter
654 2727 893 2762 substituatur
929 2727 1090 2769 idoneus,
1120 2727 1183 2771 qui
1220 2728 1308 2763 velit
1337 2730 1372 2762 et
1401 2727 1512 2771 possit
1541 2725 1762 2761 haereticam
1789 2724 2009 2760 confundere

384 2783 609 2824 prautatem'
727 2826 858 2868 Mansi,
888 2827 967 2861 deei
995 2826 1114 2868 XXII,
1140 2827 1207 2861 biz.
1237 2829 1393 2861 ese-990.
1423 2826 1612 2869 (rotthast,
1638 2826 1706 2860 blz.
1736 2825 1825 2867 437.)
1847 2842 1892 2848 -
1918 2823 2009 2857 Deze

776 2880 940 2915 canones
963 2883 1033 2924 zijn
1055 2892 1142 2916 eene
1166 2881 1390 2925 uitbreiding
1413 2893 1458 2916 en
1480 2892 1567 2916 eene
1589 2879 1848 2923 verseherping
1861 2889 1932 2913 van
1946 2877 2009 2912 het

773 2936 916 2970 decreet
938 2936 1027 2970 door
1042 2947 1131 2979 paus
1149 2935 1283 2970 Lucius
1299 2935 1352 2971 ΙΙΙ
1367 2936 1437 2970 den
1453 2939 1472 2969 4
1488 2935 1691 2970 November
1707 2936 1792 2969 1184
1814 2935 1850 2968 te
1865 2932 2007 2968 Verona

773 2990 1062 3036 uitgevaardigd.
1081 2991 1156 3034 (Zie
1167 2991 1305 3036 hooger
1320 3002 1384 3026 ons
1400 2992 1448 3026 ΝΓ
1464 2992 1532 3033 56.)
