<?xml version="1.0" encoding="UTF-8"?>
<!DOCTYPE html PUBLIC "-//W3C//DTD XHTML 1.0 Transitional//EN"
    "http://www.w3.org/TR/xhtml1/DTD/xhtml1-transitional.dtd">
<html xmlns="http://www.w3.org/1999/xhtml" xml:lang="en" lang="en">
 <head>
  <title>
</title>
<meta http-equiv="Content-Type" content="text/html;charset=utf-8" />
  <meta name='ocr-system' content='tesseract 3.04.00' />
  <meta name='ocr-capabilities' content='ocr_page ocr_carea ocr_par ocr_line ocrx_word'/>
</head>
<body>
  <div class='ocr_page' id='page_1' title='image "./corpusdocumentor01fruoft_0228.png"; bbox 0 0 2097 3466; ppageno 0'>
   <div class='ocr_carea' id='block_1_1' title="bbox 299 241 1258 281">
    <p class='ocr_par' dir='ltr' id='par_1_1' title="bbox 299 241 1258 281">
     <span class='ocr_line' id='line_1_1' title="bbox 299 241 1258 281; baseline 0.002 -2"><span class='ocrx_word' id='word_1_1' title='bbox 299 242 357 279; x_wconf 64' lang='lat' dir='ltr'>Its</span> <span class='ocrx_word' id='word_1_2' title='bbox 1001 241 1132 281; x_wconf 69' lang='lat' dir='ltr'>ANNO</span> <span class='ocrx_word' id='word_1_3' title='bbox 1160 244 1258 281; x_wconf 53' lang='lat'><strong>132⁵·</strong></span> 
     </span>
    </p>
   </div>
   <div class='ocr_carea' id='block_1_2' title="bbox 293 339 1919 703">
    <p class='ocr_par' dir='ltr' id='par_1_2' title="bbox 293 339 1919 592">
     <span class='ocr_line' id='line_1_2' title="bbox 297 339 1919 389; baseline 0.006 -16"><span class='ocrx_word' id='word_1_4' title='bbox 297 341 422 374; x_wconf 65' lang='lat' dir='ltr'>‹lox-oto</span> <span class='ocrx_word' id='word_1_5' title='bbox 440 339 673 382; x_wconf 59' lang='lat' dir='ltr'>pomonalitor</span> <span class='ocrx_word' id='word_1_6' title='bbox 689 340 843 376; x_wconf 68' lang='lat' dir='ltr'>visitavit</span> <span class='ocrx_word' id='word_1_7' title='bbox 862 344 893 375; x_wconf 69' lang='lat' dir='ltr'>ot</span> <span class='ocrx_word' id='word_1_8' title='bbox 913 341 947 375; x_wconf 88' lang='lat' dir='ltr'>in</span> <span class='ocrx_word' id='word_1_9' title='bbox 966 353 1089 376; x_wconf 74' lang='lat' dir='ltr'>eornm</span> <span class='ocrx_word' id='word_1_10' title='bbox 1107 343 1294 377; x_wconf 73' lang='lat' dir='ltr'>devotione</span> <span class='ocrx_word' id='word_1_11' title='bbox 1319 343 1385 377; x_wconf 65' lang='lat' dir='ltr'>sibi</span> <span class='ocrx_word' id='word_1_12' title='bbox 1411 342 1634 387; x_wconf 63' lang='lat' dir='ltr'>complacens</span> <span class='ocrx_word' id='word_1_13' title='bbox 1665 343 1872 389; x_wconf 73' lang='lat' dir='ltr'>procuravit</span> <span class='ocrx_word' id='word_1_14' title='bbox 1898 356 1919 381; x_wconf 79' lang='lat' dir='ltr'>a</span> 
     </span>
     <span class='ocr_line' id='line_1_3' title="bbox 297 394 1919 439; baseline 0.005 -12"><span class='ocrx_word' id='word_1_15' title='bbox 297 394 490 428; x_wconf 64' lang='lat' dir='ltr'>vonerabili</span> <span class='ocrx_word' id='word_1_16' title='bbox 511 397 610 436; x_wconf 80' lang='lat' dir='ltr'>patre</span> <span class='ocrx_word' id='word_1_17' title='bbox 627 394 772 428; x_wconf 81' lang='lat' dir='ltr'>domino</span> <span class='ocrx_word' id='word_1_18' title='bbox 791 395 1008 429; x_wconf 61' lang='lat' dir='ltr'>Tui-navensi</span> <span class='ocrx_word' id='word_1_19' title='bbox 1036 396 1201 439; x_wconf 71' lang='lat' dir='ltr'>episcopo</span> <span class='ocrx_word' id='word_1_20' title='bbox 1229 397 1280 430; x_wconf 67' lang='lat' dir='ltr'>eis</span> <span class='ocrx_word' id='word_1_21' title='bbox 1307 397 1493 431; x_wconf 76' lang='lat' dir='ltr'>ecelesiam</span> <span class='ocrx_word' id='word_1_22' title='bbox 1518 400 1719 433; x_wconf 73' lang='lat' dir='ltr'>consecrari</span> <span class='ocrx_word' id='word_1_23' title='bbox 1736 412 1778 434; x_wconf 83' lang='lat' dir='ltr'>ae</span> <span class='ocrx_word' id='word_1_24' title='bbox 1806 401 1919 435; x_wconf 85' lang='lat' dir='ltr'>multa</span> 
     </span>
     <span class='ocr_line' id='line_1_4' title="bbox 297 449 1918 495; baseline 0.005 -14"><span class='ocrx_word' id='word_1_25' title='bbox 297 449 484 492; x_wconf 55' lang='lat' dir='ltr'>privilegia</span> <span class='ocrx_word' id='word_1_26' title='bbox 503 453 537 483; x_wconf 73' lang='lat' dir='ltr'>et</span> <span class='ocrx_word' id='word_1_27' title='bbox 555 449 737 483; x_wconf 64' lang='lat' dir='ltr'>libertates</span> <span class='ocrx_word' id='word_1_28' title='bbox 761 451 806 483; x_wconf 81' lang='lat' dir='ltr'>ad</span> <span class='ocrx_word' id='word_1_29' title='bbox 829 450 1052 484; x_wconf 71' lang='lat' dir='ltr'>devotionem</span> <span class='ocrx_word' id='word_1_30' title='bbox 1072 452 1296 485; x_wconf 71' lang='lat' dir='ltr'>conserentes</span> <span class='ocrx_word' id='word_1_31' title='bbox 1314 451 1519 495; x_wconf 82' lang='lat' dir='ltr'>impetravit</span> <span class='ocrx_word' id='word_1_32' title='bbox 1534 453 1665 487; x_wconf 66' lang='lat' dir='ltr'>eisdem</span> <span class='ocrx_word' id='word_1_33' title='bbox 1683 458 1717 489; x_wconf 88' lang='lat' dir='ltr'>et</span> <span class='ocrx_word' id='word_1_34' title='bbox 1733 455 1778 488; x_wconf 80' lang='lat' dir='ltr'>ad</span> <span class='ocrx_word' id='word_1_35' title='bbox 1794 455 1918 489; x_wconf 76' lang='lat' dir='ltr'>simili-</span> 
     </span>
     <span class='ocr_line' id='line_1_5' title="bbox 296 503 1919 547; baseline 0.004 -10"><span class='ocrx_word' id='word_1_36' title='bbox 296 504 454 537; x_wconf 67' lang='lat' dir='ltr'>tudinem</span> <span class='ocrx_word' id='word_1_37' title='bbox 473 503 558 537; x_wconf 68' lang='lat' dir='ltr'>dicti</span> <span class='ocrx_word' id='word_1_38' title='bbox 578 504 644 536; x_wconf 63' lang='lat' dir='ltr'>loci</span> <span class='ocrx_word' id='word_1_39' title='bbox 666 516 774 537; x_wconf 80' lang='lat' dir='ltr'>unuln</span> <span class='ocrx_word' id='word_1_40' title='bbox 794 504 1051 547; x_wconf 74' lang='lat' dir='ltr'>beghinaginnl</span> <span class='ocrx_word' id='word_1_41' title='bbox 1071 505 1220 538; x_wconf 67' lang='lat' dir='ltr'>Parisiis</span> <span class='ocrx_word' id='word_1_42' title='bbox 1244 509 1277 539; x_wconf 72' lang='lat' dir='ltr'>et</span> <span class='ocrx_word' id='word_1_43' title='bbox 1303 506 1441 540; x_wconf 74' lang='lat' dir='ltr'>diversa</span> <span class='ocrx_word' id='word_1_44' title='bbox 1459 507 1528 541; x_wconf 79' lang='lat' dir='ltr'>alia</span> <span class='ocrx_word' id='word_1_45' title='bbox 1548 507 1583 541; x_wconf 86' lang='lat' dir='ltr'>in</span> <span class='ocrx_word' id='word_1_46' title='bbox 1601 508 1750 542; x_wconf 76' lang='lat' dir='ltr'>diversis</span> <span class='ocrx_word' id='word_1_47' title='bbox 1764 508 1919 544; x_wconf 79' lang='lat' dir='ltr'>instituit</span> 
     </span>
     <span class='ocr_line' id='line_1_6' title="bbox 293 559 486 592; baseline 0 -1"><span class='ocrx_word' id='word_1_48' title='bbox 293 567 324 592; x_wconf 73' lang='lat' dir='ltr'>ct</span> <span class='ocrx_word' id='word_1_49' title='bbox 340 559 486 592; x_wconf 68' lang='lat' dir='ltr'>dotavit.</span> 
     </span>
    </p>

    <p class='ocr_par' dir='ltr' id='par_1_3' title="bbox 294 614 1918 703">
     <span class='ocr_line' id='line_1_7' title="bbox 338 614 1918 661; baseline 0.003 -13"><span class='ocrx_word' id='word_1_50' title='bbox 338 615 395 648; x_wconf 66' lang='lat' dir='ltr'>Est</span> <span class='ocrx_word' id='word_1_51' title='bbox 414 619 445 648; x_wconf 75' lang='lat' dir='ltr'>ot</span> <span class='ocrx_word' id='word_1_52' title='bbox 466 615 535 647; x_wconf 76' lang='lat' dir='ltr'>alia</span> <span class='ocrx_word' id='word_1_53' title='bbox 555 614 655 648; x_wconf 74' lang='lat' dir='ltr'>curia</span> <span class='ocrx_word' id='word_1_54' title='bbox 677 615 710 648; x_wconf 86' lang='lat' dir='ltr'>in</span> <span class='ocrx_word' id='word_1_55' title='bbox 740 615 920 652; x_wconf 70' lang='lat' dir='ltr'>Gandam,</span> <span class='ocrx_word' id='word_1_56' title='bbox 941 626 1009 657; x_wconf 77' lang='lat' dir='ltr'>qne</span> <span class='ocrx_word' id='word_1_57' title='bbox 1035 616 1110 658; x_wconf 70' lang='lat' dir='ltr'>Oya</span> <span class='ocrx_word' id='word_1_58' title='bbox 1136 616 1281 654; x_wconf 66' lang='lat' dir='ltr'>«licitur,</span> <span class='ocrx_word' id='word_1_59' title='bbox 1301 619 1335 650; x_wconf 75' lang='lat' dir='ltr'>et</span> <span class='ocrx_word' id='word_1_60' title='bbox 1352 617 1472 660; x_wconf 75' lang='lat' dir='ltr'>plures</span> <span class='ocrx_word' id='word_1_61' title='bbox 1488 618 1614 652; x_wconf 79' lang='lat' dir='ltr'>domus</span> <span class='ocrx_word' id='word_1_62' title='bbox 1629 629 1694 661; x_wconf 85' lang='lat' dir='ltr'>per</span> <span class='ocrx_word' id='word_1_63' title='bbox 1718 618 1840 652; x_wconf 86' lang='lat' dir='ltr'>villam</span> <span class='ocrx_word' id='word_1_64' title='bbox 1857 618 1918 653; x_wconf 84' lang='lat' dir='ltr'>nbi</span> 
     </span>
     <span class='ocr_line' id='line_1_8' title="bbox 294 668 1122 703; baseline 0.002 -2"><span class='ocrx_word' id='word_1_65' title='bbox 294 668 460 701; x_wconf 65' lang='lat' dir='ltr'>muliere&gt;-</span> <span class='ocrx_word' id='word_1_66' title='bbox 477 668 693 702; x_wconf 72' lang='lat' dir='ltr'>conditionis</span> <span class='ocrx_word' id='word_1_67' title='bbox 711 669 837 702; x_wconf 63' lang='lat' dir='ltr'>similis</span> <span class='ocrx_word' id='word_1_68' title='bbox 854 672 1122 703; x_wconf 59' lang='lat' dir='ltr'>commorantur.</span> 
     </span>
    </p>
   </div>
   <div class='ocr_carea' id='block_1_3' title="bbox 640 734 1918 885">
    <p class='ocr_par' dir='ltr' id='par_1_4' title="bbox 640 734 1918 885">
     <span class='ocr_line' id='line_1_9' title="bbox 640 734 1916 782; baseline 0.003 -13"><span class='ocrx_word' id='word_1_69' title='bbox 640 736 796 777; x_wconf 59' lang='lat' dir='ltr'>Concopt,</span> <span class='ocrx_word' id='word_1_70' title='bbox 813 734 849 767; x_wconf 91' lang='lat' dir='ltr'>in</span> <span class='ocrx_word' id='word_1_71' title='bbox 867 734 924 768; x_wconf 80' lang='lat' dir='ltr'>het</span> <span class='ocrx_word' id='word_1_72' title='bbox 940 734 1081 768; x_wconf 73' lang='lat' dir='ltr'>archics</span> <span class='ocrx_word' id='word_1_73' title='bbox 1094 746 1162 768; x_wconf 73' lang='lat' dir='ltr'>van</span> <span class='ocrx_word' id='word_1_74' title='bbox 1180 735 1240 770; x_wconf 78' lang='lat' dir='ltr'>het</span> <span class='ocrx_word' id='word_1_75' title='bbox 1259 736 1414 770; x_wconf 78' lang='lat' dir='ltr'>Gentseh</span> <span class='ocrx_word' id='word_1_76' title='bbox 1434 737 1638 781; x_wconf 81' lang='lat' dir='ltr'>Begijnliof,</span> <span class='ocrx_word' id='word_1_77' title='bbox 1657 738 1853 782; x_wconf 82' lang='lat' dir='ltr'>afgedrukt</span> <span class='ocrx_word' id='word_1_78' title='bbox 1868 739 1916 782; x_wconf 85' lang='lat' dir='ltr'>bij</span> 
     </span>
     <span class='ocr_line' id='line_1_10' title="bbox 683 789 1918 836; baseline 0.003 -13"><span class='ocrx_word' id='word_1_79' title='bbox 683 791 746 823; x_wconf 78' lang='grc' dir='ltr'>ΒΟΠ</span> <span class='ocrx_word' id='word_1_80' title='bbox 764 790 797 823; x_wconf 71' lang='lat' dir='ltr'>J.</span> <span class='ocrx_word' id='word_1_81' title='bbox 817 789 993 829; x_wconf 69' lang='lat' dir='ltr'>Bethnno,</span> <span class='ocrx_word' id='word_1_82' title='bbox 1016 789 1229 823; x_wconf 69' lang='lat' dir='ltr'>cartulaire</span> <span class='ocrx_word' id='word_1_83' title='bbox 1246 790 1295 824; x_wconf 75' lang='lat' dir='ltr'>dic</span> <span class='ocrx_word' id='word_1_84' title='bbox 1313 792 1532 836; x_wconf 68' lang='lat' dir='ltr'>Be‘yuinaye</span> <span class='ocrx_word' id='word_1_85' title='bbox 1550 792 1594 826; x_wconf 79' lang='lat' dir='ltr'>de</span> <span class='ocrx_word' id='word_1_86' title='bbox 1610 792 1664 826; x_wconf 81' lang='lat' dir='ltr'>Ste</span> <span class='ocrx_word' id='word_1_87' title='bbox 1683 791 1872 827; x_wconf 79' lang='lat' dir='ltr'>Elisabeth</span> <span class='ocrx_word' id='word_1_88' title='bbox 1895 797 1918 826; x_wconf 84' lang='grc' dir='ltr'>ὰ</span> 
     </span>
     <span class='ocr_line' id='line_1_11' title="bbox 684 844 1171 885; baseline -0.002 -6"><span class='ocrx_word' id='word_1_89' title='bbox 684 844 807 885; x_wconf 78' lang='lat' dir='ltr'>Gand,</span> <span class='ocrx_word' id='word_1_90' title='bbox 827 844 891 878; x_wconf 88' lang='lat' dir='ltr'>blz.</span> <span class='ocrx_word' id='word_1_91' title='bbox 912 846 1024 885; x_wconf 46' lang='lat'>73³6,</span> <span class='ocrx_word' id='word_1_92' title='bbox 1041 851 1078 877; x_wconf 78' lang='lat' dir='ltr'>nr</span> <span class='ocrx_word' id='word_1_93' title='bbox 1098 847 1171 879; x_wconf 75' lang='grc'><strong>106.</strong></span> 
     </span>
    </p>
   </div>
   <div class='ocr_carea' id='block_1_4' title="bbox 1045 973 1162 1015">
    <p class='ocr_par' dir='ltr' id='par_1_5' title="bbox 1045 973 1162 1015">
     <span class='ocr_line' id='line_1_12' title="bbox 1045 973 1162 1015; baseline 0.009 -1"><span class='ocrx_word' id='word_1_94' title='bbox 1045 973 1162 1015; x_wconf 90' lang='grc'><strong>180.</strong></span> 
     </span>
    </p>
   </div>
   <div class='ocr_carea' id='block_1_5' title="bbox 282 1097 1924 2596">
    <p class='ocr_par' dir='ltr' id='par_1_6' title="bbox 282 1097 1924 2596">
     <span class='ocr_line' id='line_1_13' title="bbox 350 1097 1916 1154; baseline 0 -14"><span class='ocrx_word' id='word_1_95' title='bbox 350 1099 487 1148; x_wconf 77' lang='grc'><strong>1328,</strong></span> <span class='ocrx_word' id='word_1_96' title='bbox 514 1098 609 1141; x_wconf 78' lang='lat' dir='ltr'>Mei</span> <span class='ocrx_word' id='word_1_97' title='bbox 633 1099 704 1146; x_wconf 86' lang='grc'>14,</span> <span class='ocrx_word' id='word_1_98' title='bbox 746 1098 857 1141; x_wconf 67' lang='lat' dir='ltr'>Geni</span> <span class='ocrx_word' id='word_1_99' title='bbox 871 1098 929 1154; x_wconf 81' lang='lat'>(?)</span> <span class='ocrx_word' id='word_1_100' title='bbox 968 1098 1076 1141; x_wconf 86' lang='lat' dir='ltr'>Acte</span> <span class='ocrx_word' id='word_1_101' title='bbox 1107 1112 1191 1141; x_wconf 80' lang='lat' dir='ltr'>van</span> <span class='ocrx_word' id='word_1_102' title='bbox 1221 1098 1303 1140; x_wconf 91' lang='lat' dir='ltr'>den</span> <span class='ocrx_word' id='word_1_103' title='bbox 1343 1098 1509 1141; x_wconf 83' lang='lat' dir='ltr'>notaris</span> <span class='ocrx_word' id='word_1_104' title='bbox 1542 1097 1674 1141; x_wconf 83' lang='lat' dir='ltr'>Jacob</span> <span class='ocrx_word' id='word_1_105' title='bbox 1712 1097 1765 1140; x_wconf 91' lang='lat' dir='ltr'>de</span> <span class='ocrx_word' id='word_1_106' title='bbox 1803 1098 1916 1147; x_wconf 85' lang='lat' dir='ltr'><strong>Qua-</strong></span> 
     </span>
     <span class='ocr_line' id='line_1_14' title="bbox 287 1165 1913 1224; baseline -0.001 -15"><span class='ocrx_word' id='word_1_107' title='bbox 287 1167 436 1209; x_wconf 87' lang='lat' dir='ltr'>rouble</span> <span class='ocrx_word' id='word_1_108' title='bbox 459 1181 543 1210; x_wconf 79' lang='lat' dir='ltr'>van</span> <span class='ocrx_word' id='word_1_109' title='bbox 567 1166 770 1215; x_wconf 83' lang='lat' dir='ltr'>Doornik,</span> <span class='ocrx_word' id='word_1_110' title='bbox 792 1165 1052 1210; x_wconf 80' lang='lat' dir='ltr'>bevattende</span> <span class='ocrx_word' id='word_1_111' title='bbox 1069 1167 1144 1210; x_wconf 89' lang='lat' dir='ltr'>het</span> <span class='ocrx_word' id='word_1_112' title='bbox 1163 1167 1341 1209; x_wconf 79' lang='lat' dir='ltr'>verhaal</span> <span class='ocrx_word' id='word_1_113' title='bbox 1361 1181 1414 1210; x_wconf 91' lang='lat' dir='ltr'>en</span> <span class='ocrx_word' id='word_1_114' title='bbox 1432 1167 1483 1209; x_wconf 91' lang='lat' dir='ltr'>de</span> <span class='ocrx_word' id='word_1_115' title='bbox 1500 1166 1814 1224; x_wconf 85' lang='lat' dir='ltr'>bewijsstuken</span> <span class='ocrx_word' id='word_1_116' title='bbox 1830 1179 1913 1209; x_wconf 81' lang='lat' dir='ltr'>van</span> 
     </span>
     <span class='ocr_line' id='line_1_15' title="bbox 286 1224 1917 1291; baseline 0 -14"><span class='ocrx_word' id='word_1_117' title='bbox 286 1236 361 1278; x_wconf 91' lang='lat' dir='ltr'>het</span> <span class='ocrx_word' id='word_1_118' title='bbox 393 1235 573 1291; x_wconf 85' lang='lat' dir='ltr'>gunstig</span> <span class='ocrx_word' id='word_1_119' title='bbox 610 1235 854 1278; x_wconf 80' lang='lat' dir='ltr'>onderzoek</span> <span class='ocrx_word' id='word_1_120' title='bbox 877 1235 954 1277; x_wconf 85' lang='lat' dir='ltr'>der</span> <span class='ocrx_word' id='word_1_121' title='bbox 976 1236 1068 1278; x_wconf 83' lang='lat' dir='ltr'>drie</span> <span class='ocrx_word' id='word_1_122' title='bbox 1090 1235 1460 1291; x_wconf 79' lang='lat' dir='ltr'>afgevaardigden</span> <span class='ocrx_word' id='word_1_123' title='bbox 1484 1224 1568 1278; x_wconf 61' lang='lat' dir='ltr'>Van</span> <span class='ocrx_word' id='word_1_124' title='bbox 1593 1236 1674 1278; x_wconf 91' lang='lat' dir='ltr'>den</span> <span class='ocrx_word' id='word_1_125' title='bbox 1708 1234 1917 1278; x_wconf 86' lang='lat' dir='ltr'>Doornik-</span> 
     </span>
     <span class='ocr_line' id='line_1_16' title="bbox 286 1304 1917 1361; baseline 0 -15"><span class='ocrx_word' id='word_1_126' title='bbox 286 1305 419 1347; x_wconf 86' lang='lat' dir='ltr'>sehen</span> <span class='ocrx_word' id='word_1_127' title='bbox 443 1304 641 1360; x_wconf 85' lang='lat' dir='ltr'>bissehop</span> <span class='ocrx_word' id='word_1_128' title='bbox 662 1304 917 1359; x_wconf 79' lang='lat' dir='ltr'>aangaande</span> <span class='ocrx_word' id='word_1_129' title='bbox 954 1304 1005 1346; x_wconf 89' lang='lat' dir='ltr'>de</span> <span class='ocrx_word' id='word_1_130' title='bbox 1043 1304 1176 1347; x_wconf 89' lang='lat' dir='ltr'>zeden</span> <span class='ocrx_word' id='word_1_131' title='bbox 1222 1318 1275 1346; x_wconf 91' lang='lat' dir='ltr'>en</span> <span class='ocrx_word' id='word_1_132' title='bbox 1308 1304 1573 1347; x_wconf 84' lang='lat' dir='ltr'>leerstelsels</span> <span class='ocrx_word' id='word_1_133' title='bbox 1607 1304 1684 1346; x_wconf 83' lang='lat' dir='ltr'>der</span> <span class='ocrx_word' id='word_1_134' title='bbox 1705 1304 1917 1361; x_wconf 86' lang='lat' dir='ltr'>Begijnen</span> 
     </span>
     <span class='ocr_line' id='line_1_17' title="bbox 285 1370 1917 1429; baseline -0.001 -15"><span class='ocrx_word' id='word_1_135' title='bbox 285 1386 368 1415; x_wconf 82' lang='lat' dir='ltr'>van</span> <span class='ocrx_word' id='word_1_136' title='bbox 390 1374 577 1428; x_wconf 81' lang='lat' dir='ltr'>Brugge,</span> <span class='ocrx_word' id='word_1_137' title='bbox 606 1372 910 1428; x_wconf 82' lang='lat' dir='ltr'>Aardenburg,</span> <span class='ocrx_word' id='word_1_138' title='bbox 934 1374 1109 1415; x_wconf 84' lang='lat' dir='ltr'>Damme</span> <span class='ocrx_word' id='word_1_139' title='bbox 1131 1387 1183 1415; x_wconf 94' lang='lat' dir='ltr'>en</span> <span class='ocrx_word' id='word_1_140' title='bbox 1206 1373 1336 1416; x_wconf 91' lang='lat' dir='ltr'>Gent.</span> <span class='ocrx_word' id='word_1_141' title='bbox 1359 1398 1414 1404; x_wconf 94' lang='lat'><strong>—</strong></span> <span class='ocrx_word' id='word_1_142' title='bbox 1430 1373 1495 1416; x_wconf 84' lang='lat' dir='ltr'>Na</span> <span class='ocrx_word' id='word_1_143' title='bbox 1513 1373 1564 1415; x_wconf 91' lang='lat' dir='ltr'>de</span> <span class='ocrx_word' id='word_1_144' title='bbox 1586 1372 1827 1429; x_wconf 86' lang='lat' dir='ltr'>pauselijke</span> <span class='ocrx_word' id='word_1_145' title='bbox 1844 1370 1917 1414; x_wconf 93' lang='lat' dir='ltr'>bul</span> 
     </span>
     <span class='ocr_line' id='line_1_18' title="bbox 284 1440 1912 1498; baseline -0.001 -15"><span class='ocrx_word' id='word_1_146' title='bbox 284 1455 367 1484; x_wconf 82' lang='lat' dir='ltr'>van</span> <span class='ocrx_word' id='word_1_147' title='bbox 392 1442 450 1484; x_wconf 85' lang='lat'>30</span> <span class='ocrx_word' id='word_1_148' title='bbox 484 1440 715 1484; x_wconf 82' lang='lat' dir='ltr'>December</span> <span class='ocrx_word' id='word_1_149' title='bbox 752 1441 867 1484; x_wconf 87' lang='grc'><strong>1320</strong></span> <span class='ocrx_word' id='word_1_150' title='bbox 899 1456 951 1484; x_wconf 91' lang='lat' dir='ltr'>en</span> <span class='ocrx_word' id='word_1_151' title='bbox 975 1446 1090 1484; x_wconf 85' lang='lat' dir='ltr'>twee</span> <span class='ocrx_word' id='word_1_152' title='bbox 1113 1440 1584 1498; x_wconf 80' lang='lat' dir='ltr'>aanstellingsbrieven</span> <span class='ocrx_word' id='word_1_153' title='bbox 1607 1455 1691 1484; x_wconf 83' lang='lat' dir='ltr'>van</span> <span class='ocrx_word' id='word_1_154' title='bbox 1715 1440 1912 1488; x_wconf 83' lang='lat' dir='ltr'>Willem.</span> 
     </span>
     <span class='ocr_line' id='line_1_19' title="bbox 284 1508 1918 1565; baseline -0.001 -14"><span class='ocrx_word' id='word_1_155' title='bbox 284 1509 485 1565; x_wconf 65' lang='lat' dir='ltr'>bisse-hop</span> <span class='ocrx_word' id='word_1_156' title='bbox 509 1524 594 1552; x_wconf 81' lang='lat' dir='ltr'>van</span> <span class='ocrx_word' id='word_1_157' title='bbox 629 1509 831 1561; x_wconf 83' lang='lat' dir='ltr'>Doornik‚</span> <span class='ocrx_word' id='word_1_158' title='bbox 859 1510 980 1553; x_wconf 91' lang='lat' dir='ltr'>beide</span> <span class='ocrx_word' id='word_1_159' title='bbox 1003 1524 1086 1552; x_wconf 81' lang='lat' dir='ltr'>van</span> <span class='ocrx_word' id='word_1_160' title='bbox 1113 1511 1170 1552; x_wconf 76' lang='grc'>24</span> <span class='ocrx_word' id='word_1_161' title='bbox 1191 1511 1336 1553; x_wconf 82' lang='lat' dir='ltr'>Maart</span> <span class='ocrx_word' id='word_1_162' title='bbox 1362 1511 1490 1561; x_wconf 76' lang='lat'>1328,</span> <span class='ocrx_word' id='word_1_163' title='bbox 1517 1513 1560 1553; x_wconf 84' lang='lat' dir='ltr'>te</span> <span class='ocrx_word' id='word_1_164' title='bbox 1583 1509 1752 1552; x_wconf 82' lang='lat' dir='ltr'>hebben</span> <span class='ocrx_word' id='word_1_165' title='bbox 1777 1508 1918 1552; x_wconf 86' lang='lat' dir='ltr'>mede-</span> 
     </span>
     <span class='ocr_line' id='line_1_20' title="bbox 284 1577 1912 1635; baseline -0.001 -14"><span class='ocrx_word' id='word_1_166' title='bbox 284 1579 479 1633; x_wconf 83' lang='lat' dir='ltr'>gedeeld,</span> <span class='ocrx_word' id='word_1_167' title='bbox 522 1578 755 1620; x_wconf 81' lang='lat' dir='ltr'>verklaren</span> <span class='ocrx_word' id='word_1_168' title='bbox 795 1583 909 1622; x_wconf 89' lang='lat' dir='ltr'>twee</span> <span class='ocrx_word' id='word_1_169' title='bbox 947 1579 1024 1621; x_wconf 84' lang='lat' dir='ltr'>der·</span> <span class='ocrx_word' id='word_1_170' title='bbox 1062 1579 1153 1621; x_wconf 80' lang='lat' dir='ltr'>drie</span> <span class='ocrx_word' id='word_1_171' title='bbox 1192 1579 1573 1635; x_wconf 81' lang='lat' dir='ltr'>afgevaardigden,</span> <span class='ocrx_word' id='word_1_172' title='bbox 1615 1578 1822 1635; x_wconf 82' lang='lat' dir='ltr'>namelijk</span> <span class='ocrx_word' id='word_1_173' title='bbox 1860 1577 1912 1619; x_wconf 91' lang='lat' dir='ltr'>de</span> 
     </span>
     <span class='ocr_line' id='line_1_21' title="bbox 282 1646 1917 1704; baseline 0.001 -17"><span class='ocrx_word' id='word_1_174' title='bbox 282 1647 752 1703; x_wconf 80' lang='lat' dir='ltr'>vicarissen-generaal</span> <span class='ocrx_word' id='word_1_175' title='bbox 786 1648 1070 1704; x_wconf 78' lang='lat' dir='ltr'>Raymundus</span> <span class='ocrx_word' id='word_1_176' title='bbox 1113 1648 1164 1690; x_wconf 85' lang='lat' dir='ltr'>de</span> <span class='ocrx_word' id='word_1_177' title='bbox 1204 1648 1396 1699; x_wconf 87' lang='lat' dir='ltr'>Pinoliis,</span> <span class='ocrx_word' id='word_1_178' title='bbox 1437 1647 1680 1697; x_wconf 79' lang='lat' dir='ltr'>kanunnik‚</span> <span class='ocrx_word' id='word_1_179' title='bbox 1731 1660 1784 1689; x_wconf 93' lang='lat' dir='ltr'>en</span> <span class='ocrx_word' id='word_1_180' title='bbox 1833 1646 1917 1689; x_wconf 85' lang='lat' dir='ltr'>Jan</span> 
     </span>
     <span class='ocr_line' id='line_1_22' title="bbox 284 1714 1916 1772; baseline 0 -15"><span class='ocrx_word' id='word_1_181' title='bbox 284 1715 447 1771; x_wconf 83' lang='lat' dir='ltr'>gezegd</span> <span class='ocrx_word' id='word_1_182' title='bbox 485 1716 694 1766; x_wconf 83' lang='lat' dir='ltr'>Cordiele,</span> <span class='ocrx_word' id='word_1_183' title='bbox 723 1716 903 1758; x_wconf 81' lang='lat' dir='ltr'>officiaal</span> <span class='ocrx_word' id='word_1_184' title='bbox 936 1730 1021 1758; x_wconf 81' lang='lat' dir='ltr'>van</span> <span class='ocrx_word' id='word_1_185' title='bbox 1060 1716 1265 1768; x_wconf 83' lang='lat' dir='ltr'>Doornik,</span> <span class='ocrx_word' id='word_1_186' title='bbox 1293 1717 1337 1759; x_wconf 90' lang='lat' dir='ltr'>in</span> <span class='ocrx_word' id='word_1_187' title='bbox 1374 1716 1661 1772; x_wconf 83' lang='lat' dir='ltr'>afwezigheid</span> <span class='ocrx_word' id='word_1_188' title='bbox 1703 1729 1789 1758; x_wconf 83' lang='lat' dir='ltr'>van</span> <span class='ocrx_word' id='word_1_189' title='bbox 1834 1714 1916 1757; x_wconf 83' lang='lat' dir='ltr'>den</span> 
     </span>
     <span class='ocr_line' id='line_1_23' title="bbox 284 1782 1913 1841; baseline -0.001 -15"><span class='ocrx_word' id='word_1_190' title='bbox 284 1784 446 1826; x_wconf 81' lang='lat' dir='ltr'>derden</span> <span class='ocrx_word' id='word_1_191' title='bbox 471 1785 644 1826; x_wconf 79' lang='lat' dir='ltr'>hunner</span> <span class='ocrx_word' id='word_1_192' title='bbox 666 1785 747 1826; x_wconf 89' lang='lat' dir='ltr'>den</span> <span class='ocrx_word' id='word_1_193' title='bbox 777 1785 914 1827; x_wconf 88' lang='lat' dir='ltr'>deken</span> <span class='ocrx_word' id='word_1_194' title='bbox 950 1786 1019 1837; x_wconf 63' lang='lat' dir='ltr'>F„</span> <span class='ocrx_word' id='word_1_195' title='bbox 1057 1786 1130 1828; x_wconf 84' lang='lat' dir='ltr'>dat</span> <span class='ocrx_word' id='word_1_196' title='bbox 1163 1785 1214 1841; x_wconf 83' lang='lat' dir='ltr'>zij</span> <span class='ocrx_word' id='word_1_197' title='bbox 1250 1799 1359 1828; x_wconf 84' lang='lat' dir='ltr'>naar</span> <span class='ocrx_word' id='word_1_198' title='bbox 1391 1786 1580 1841; x_wconf 80' lang='lat' dir='ltr'>Brugge,</span> <span class='ocrx_word' id='word_1_199' title='bbox 1607 1782 1913 1838; x_wconf 82' lang='lat' dir='ltr'>Aardenburg‚</span> 
     </span>
     <span class='ocr_line' id='line_1_24' title="bbox 284 1852 1917 1911; baseline -0.001 -17"><span class='ocrx_word' id='word_1_200' title='bbox 284 1854 458 1895; x_wconf 82' lang='lat' dir='ltr'>Damme</span> <span class='ocrx_word' id='word_1_201' title='bbox 481 1867 534 1895; x_wconf 90' lang='lat' dir='ltr'>en</span> <span class='ocrx_word' id='word_1_202' title='bbox 557 1853 668 1896; x_wconf 84' lang='lat' dir='ltr'>Gent</span> <span class='ocrx_word' id='word_1_203' title='bbox 690 1867 858 1909; x_wconf 81' lang='lat' dir='ltr'>gegaan</span> <span class='ocrx_word' id='word_1_204' title='bbox 881 1855 966 1911; x_wconf 89' lang='lat' dir='ltr'>zijn</span> <span class='ocrx_word' id='word_1_205' title='bbox 991 1868 1059 1896; x_wconf 92' lang='lat' dir='ltr'>01n</span> <span class='ocrx_word' id='word_1_206' title='bbox 1094 1855 1145 1896; x_wconf 91' lang='lat' dir='ltr'>de</span> <span class='ocrx_word' id='word_1_207' title='bbox 1167 1854 1301 1896; x_wconf 89' lang='lat' dir='ltr'>zeden</span> <span class='ocrx_word' id='word_1_208' title='bbox 1336 1868 1389 1897; x_wconf 92' lang='lat' dir='ltr'>en</span> <span class='ocrx_word' id='word_1_209' title='bbox 1413 1854 1464 1896; x_wconf 91' lang='lat' dir='ltr'>de</span> <span class='ocrx_word' id='word_1_210' title='bbox 1487 1852 1917 1908; x_wconf 84' lang='lat' dir='ltr'>reehtgeloovigheid</span> 
     </span>
     <span class='ocr_line' id='line_1_25' title="bbox 284 1920 1916 1978; baseline 0 -15"><span class='ocrx_word' id='word_1_211' title='bbox 284 1922 360 1964; x_wconf 85' lang='lat' dir='ltr'>der</span> <span class='ocrx_word' id='word_1_212' title='bbox 378 1922 588 1978; x_wconf 82' lang='lat' dir='ltr'>Begijnen</span> <span class='ocrx_word' id='word_1_213' title='bbox 607 1922 757 1964; x_wconf 80' lang='lat' dir='ltr'>aldaar</span> <span class='ocrx_word' id='word_1_214' title='bbox 774 1926 816 1964; x_wconf 91' lang='lat' dir='ltr'>te</span> <span class='ocrx_word' id='word_1_215' title='bbox 833 1922 1149 1965; x_wconf 84' lang='lat' dir='ltr'>onderzoeken.</span> <span class='ocrx_word' id='word_1_216' title='bbox 1167 1924 1274 1965; x_wconf 88' lang='lat' dir='ltr'>Deze</span> <span class='ocrx_word' id='word_1_217' title='bbox 1294 1922 1470 1964; x_wconf 81' lang='lat' dir='ltr'><strong>werden</strong></span> <span class='ocrx_word' id='word_1_218' title='bbox 1489 1922 1655 1978; x_wconf 83' lang='lat' dir='ltr'>gansch</span> <span class='ocrx_word' id='word_1_219' title='bbox 1675 1920 1916 1977; x_wconf 85' lang='lat' dir='ltr'>onplichtig</span> 
     </span>
     <span class='ocr_line' id='line_1_26' title="bbox 284 1989 1916 2047; baseline 0 -15"><span class='ocrx_word' id='word_1_220' title='bbox 284 1989 507 2032; x_wconf 88' lang='lat' dir='ltr'>bevonden</span> <span class='ocrx_word' id='word_1_221' title='bbox 532 2004 584 2032; x_wconf 92' lang='lat' dir='ltr'>en</span> <span class='ocrx_word' id='word_1_222' title='bbox 616 1991 757 2033; x_wconf 89' lang='lat' dir='ltr'>zullen</span> <span class='ocrx_word' id='word_1_223' title='bbox 781 1991 1062 2046; x_wconf 83' lang='lat' dir='ltr'>dienvolgens</span> <span class='ocrx_word' id='word_1_224' title='bbox 1096 1995 1226 2047; x_wconf 86' lang='lat' dir='ltr'>tegen</span> <span class='ocrx_word' id='word_1_225' title='bbox 1251 1992 1290 2034; x_wconf 83' lang='lat' dir='ltr'>al</span> <span class='ocrx_word' id='word_1_226' title='bbox 1314 1991 1462 2034; x_wconf 91' lang='lat' dir='ltr'>hunne</span> <span class='ocrx_word' id='word_1_227' title='bbox 1485 1991 1687 2047; x_wconf 84' lang='lat' dir='ltr'>vijanden</span> <span class='ocrx_word' id='word_1_228' title='bbox 1721 1991 1827 2032; x_wconf 84' lang='lat' dir='ltr'>door</span> <span class='ocrx_word' id='word_1_229' title='bbox 1863 1989 1916 2032; x_wconf 92' lang='lat' dir='ltr'>de</span> 
     </span>
     <span class='ocr_line' id='line_1_27' title="bbox 283 2059 1915 2116; baseline 0 -16"><span class='ocrx_word' id='word_1_230' title='bbox 283 2059 474 2114; x_wconf 83' lang='lat' dir='ltr'>gansehe</span> <span class='ocrx_word' id='word_1_231' title='bbox 497 2059 828 2116; x_wconf 83' lang='lat' dir='ltr'>geestelijkheid</span> <span class='ocrx_word' id='word_1_232' title='bbox 852 2073 936 2102; x_wconf 85' lang='lat' dir='ltr'>van</span> <span class='ocrx_word' id='word_1_233' title='bbox 961 2060 1037 2102; x_wconf 83' lang='lat' dir='ltr'>het</span> <span class='ocrx_word' id='word_1_234' title='bbox 1059 2059 1223 2102; x_wconf 86' lang='lat' dir='ltr'>bisdom</span> <span class='ocrx_word' id='word_1_235' title='bbox 1247 2059 1436 2102; x_wconf 83' lang='lat' dir='ltr'>Doornik</span> <span class='ocrx_word' id='word_1_236' title='bbox 1458 2059 1713 2102; x_wconf 81' lang='lat' dir='ltr'>beschermd</span> <span class='ocrx_word' id='word_1_237' title='bbox 1745 2061 1915 2102; x_wconf 87' lang='lat' dir='ltr'>moeten</span> 
     </span>
     <span class='ocr_line' id='line_1_28' title="bbox 284 2126 1915 2184; baseline -0.001 -14"><span class='ocrx_word' id='word_1_238' title='bbox 284 2127 463 2171; x_wconf 79' lang='lat' dir='ltr'>worden</span> <span class='ocrx_word' id='word_1_239' title='bbox 487 2141 540 2182; x_wconf 92' lang='lat' dir='ltr'>op</span> <span class='ocrx_word' id='word_1_240' title='bbox 560 2127 674 2170; x_wconf 80' lang='lat' dir='ltr'>straf</span> <span class='ocrx_word' id='word_1_241' title='bbox 688 2141 770 2170; x_wconf 82' lang='lat' dir='ltr'>van</span> <span class='ocrx_word' id='word_1_242' title='bbox 791 2128 1021 2183; x_wconf 78' lang='lat' dir='ltr'>schorsing</span> <span class='ocrx_word' id='word_1_243' title='bbox 1040 2128 1087 2170; x_wconf 87' lang='lat' dir='ltr'>of</span> <span class='ocrx_word' id='word_1_244' title='bbox 1100 2142 1183 2170; x_wconf 81' lang='lat' dir='ltr'>van</span> <span class='ocrx_word' id='word_1_245' title='bbox 1203 2128 1475 2184; x_wconf 83' lang='lat' dir='ltr'>kerkelijken</span> <span class='ocrx_word' id='word_1_246' title='bbox 1493 2127 1594 2170; x_wconf 87' lang='lat' dir='ltr'>ban.</span> <span class='ocrx_word' id='word_1_247' title='bbox 1612 2128 1670 2170; x_wconf 93' lang='lat' dir='ltr'>De</span> <span class='ocrx_word' id='word_1_248' title='bbox 1692 2126 1915 2182; x_wconf 82' lang='lat' dir='ltr'>uitspraak</span> 
     </span>
     <span class='ocr_line' id='line_1_29' title="bbox 284 2195 1924 2253; baseline -0.001 -15"><span class='ocrx_word' id='word_1_249' title='bbox 284 2209 368 2238; x_wconf 80' lang='lat' dir='ltr'>van</span> <span class='ocrx_word' id='word_1_250' title='bbox 392 2196 455 2238; x_wconf 88' lang='lat' dir='ltr'>dit</span> <span class='ocrx_word' id='word_1_251' title='bbox 477 2196 632 2239; x_wconf 84' lang='lat' dir='ltr'>vonnis</span> <span class='ocrx_word' id='word_1_252' title='bbox 664 2196 919 2251; x_wconf 81' lang='lat' dir='ltr'>geschiedde</span> <span class='ocrx_word' id='word_1_253' title='bbox 958 2199 1002 2239; x_wconf 86' lang='lat' dir='ltr'>te</span> <span class='ocrx_word' id='word_1_254' title='bbox 1034 2197 1149 2239; x_wconf 88' lang='lat' dir='ltr'>Gent</span> <span class='ocrx_word' id='word_1_255' title='bbox 1182 2197 1225 2239; x_wconf 92' lang='lat' dir='ltr'>in</span> <span class='ocrx_word' id='word_1_256' title='bbox 1260 2197 1311 2239; x_wconf 92' lang='lat' dir='ltr'>de</span> <span class='ocrx_word' id='word_1_257' title='bbox 1343 2196 1453 2239; x_wconf 77' lang='lat' dir='ltr'>kei-k</span> <span class='ocrx_word' id='word_1_258' title='bbox 1485 2210 1569 2239; x_wconf 87' lang='lat' dir='ltr'>van</span> <span class='ocrx_word' id='word_1_259' title='bbox 1596 2197 1672 2238; x_wconf 87' lang='lat' dir='ltr'>het</span> <span class='ocrx_word' id='word_1_260' title='bbox 1694 2195 1924 2253; x_wconf 85' lang='lat' dir='ltr'>begijnhof</span> 
     </span>
     <span class='ocr_line' id='line_1_30' title="bbox 285 2264 1915 2317; baseline 0.001 -12"><span class='ocrx_word' id='word_1_261' title='bbox 285 2278 369 2306; x_wconf 85' lang='lat' dir='ltr'>van</span> <span class='ocrx_word' id='word_1_262' title='bbox 408 2264 480 2306; x_wconf 88' lang='lat' dir='ltr'>Ste</span> <span class='ocrx_word' id='word_1_263' title='bbox 502 2264 744 2315; x_wconf 81' lang='lat' dir='ltr'>Elisabeth,</span> <span class='ocrx_word' id='word_1_264' title='bbox 782 2265 863 2307; x_wconf 91' lang='lat' dir='ltr'>den</span> <span class='ocrx_word' id='word_1_265' title='bbox 908 2266 961 2307; x_wconf 70' lang='lat'>14</span> <span class='ocrx_word' id='word_1_266' title='bbox 995 2265 1080 2307; x_wconf 92' lang='lat' dir='ltr'>Mei</span> <span class='ocrx_word' id='word_1_267' title='bbox 1117 2266 1246 2316; x_wconf 76' lang='lat'>1328,</span> <span class='ocrx_word' id='word_1_268' title='bbox 1281 2264 1521 2308; x_wconf 80' lang='lat' dir='ltr'>omstreeks</span> <span class='ocrx_word' id='word_1_269' title='bbox 1559 2266 1585 2307; x_wconf 89' lang='lat'><strong>3</strong></span> <span class='ocrx_word' id='word_1_270' title='bbox 1621 2279 1746 2317; x_wconf 79' lang='lat' dir='ltr'>uren,</span> <span class='ocrx_word' id='word_1_271' title='bbox 1782 2265 1826 2306; x_wconf 91' lang='lat' dir='ltr'>in</span> <span class='ocrx_word' id='word_1_272' title='bbox 1863 2264 1915 2306; x_wconf 91' lang='lat' dir='ltr'>de</span> 
     </span>
     <span class='ocr_line' id='line_1_31' title="bbox 285 2332 1915 2390; baseline 0 -15"><span class='ocrx_word' id='word_1_273' title='bbox 285 2333 714 2389; x_wconf 85' lang='lat' dir='ltr'>tegenwoordigheid</span> <span class='ocrx_word' id='word_1_274' title='bbox 733 2348 816 2375; x_wconf 80' lang='lat' dir='ltr'>van</span> <span class='ocrx_word' id='word_1_275' title='bbox 839 2334 1057 2376; x_wconf 78' lang='lat' dir='ltr'>Gentsche</span> <span class='ocrx_word' id='word_1_276' title='bbox 1079 2338 1292 2390; x_wconf 77' lang='lat' dir='ltr'>pastoors,</span> <span class='ocrx_word' id='word_1_277' title='bbox 1320 2348 1414 2376; x_wconf 85' lang='lat' dir='ltr'>enz.</span> <span class='ocrx_word' id='word_1_278' title='bbox 1443 2359 1498 2364; x_wconf 96' lang='lat'><strong>—</strong></span> <span class='ocrx_word' id='word_1_279' title='bbox 1524 2335 1583 2375; x_wconf 90' lang='lat' dir='ltr'>De</span> <span class='ocrx_word' id='word_1_280' title='bbox 1606 2332 1807 2375; x_wconf 84' lang='lat' dir='ltr'>eehtheid</span> <span class='ocrx_word' id='word_1_281' title='bbox 1829 2346 1915 2375; x_wconf 86' lang='lat' dir='ltr'>van</span> 
     </span>
     <span class='ocr_line' id='line_1_32' title="bbox 286 2402 1916 2457; baseline 0.001 -15"><span class='ocrx_word' id='word_1_282' title='bbox 286 2402 360 2443; x_wconf 87' lang='lat' dir='ltr'>het</span> <span class='ocrx_word' id='word_1_283' title='bbox 383 2402 657 2457; x_wconf 81' lang='lat' dir='ltr'>voorgaande</span> <span class='ocrx_word' id='word_1_284' title='bbox 681 2402 823 2445; x_wconf 78' lang='lat' dir='ltr'>werdt</span> <span class='ocrx_word' id='word_1_285' title='bbox 846 2402 950 2443; x_wconf 88' lang='lat' dir='ltr'>door</span> <span class='ocrx_word' id='word_1_286' title='bbox 973 2402 1055 2444; x_wconf 89' lang='lat' dir='ltr'>den</span> <span class='ocrx_word' id='word_1_287' title='bbox 1079 2402 1444 2457; x_wconf 84' lang='lat' dir='ltr'>bovengemelden</span> <span class='ocrx_word' id='word_1_288' title='bbox 1483 2402 1666 2454; x_wconf 82' lang='lat' dir='ltr'>notaris,</span> <span class='ocrx_word' id='word_1_289' title='bbox 1693 2415 1745 2457; x_wconf 88' lang='lat' dir='ltr'>op</span> <span class='ocrx_word' id='word_1_290' title='bbox 1777 2402 1916 2444; x_wconf 87' lang='lat' dir='ltr'>Wiens</span> 
     </span>
     <span class='ocr_line' id='line_1_33' title="bbox 287 2469 1915 2526; baseline 0.001 -15"><span class='ocrx_word' id='word_1_291' title='bbox 287 2470 473 2512; x_wconf 85' lang='lat' dir='ltr'>verzoek</span> <span class='ocrx_word' id='word_1_292' title='bbox 511 2471 562 2512; x_wconf 89' lang='lat' dir='ltr'>de</span> <span class='ocrx_word' id='word_1_293' title='bbox 594 2470 771 2513; x_wconf 83' lang='lat' dir='ltr'>officiaal</span> <span class='ocrx_word' id='word_1_294' title='bbox 807 2470 882 2513; x_wconf 89' lang='lat' dir='ltr'>het</span> <span class='ocrx_word' id='word_1_295' title='bbox 915 2471 1035 2526; x_wconf 83' lang='lat' dir='ltr'>zegel</span> <span class='ocrx_word' id='word_1_296' title='bbox 1058 2484 1141 2513; x_wconf 81' lang='lat' dir='ltr'>van</span> <span class='ocrx_word' id='word_1_297' title='bbox 1175 2472 1249 2514; x_wconf 89' lang='lat' dir='ltr'>het</span> <span class='ocrx_word' id='word_1_298' title='bbox 1274 2471 1436 2514; x_wconf 82' lang='lat' dir='ltr'>bisdom</span> <span class='ocrx_word' id='word_1_299' title='bbox 1459 2485 1540 2513; x_wconf 83' lang='lat' dir='ltr'>aan</span> <span class='ocrx_word' id='word_1_300' title='bbox 1564 2471 1638 2513; x_wconf 86' lang='lat' dir='ltr'>het</span> <span class='ocrx_word' id='word_1_301' title='bbox 1672 2470 1772 2513; x_wconf 86' lang='lat' dir='ltr'>stuk</span> <span class='ocrx_word' id='word_1_302' title='bbox 1796 2469 1915 2512; x_wconf 85' lang='lat' dir='ltr'>heeft</span> 
     </span>
     <span class='ocr_line' id='line_1_34' title="bbox 287 2538 978 2596; baseline 0.003 -17"><span class='ocrx_word' id='word_1_303' title='bbox 287 2539 403 2581; x_wconf 82' lang='lat' dir='ltr'>laten</span> <span class='ocrx_word' id='word_1_304' title='bbox 429 2540 620 2594; x_wconf 78' lang='lat' dir='ltr'>hang-en,</span> <span class='ocrx_word' id='word_1_305' title='bbox 648 2538 978 2596; x_wconf 80' lang='lat' dir='ltr'>gewaarborgd.</span> 
     </span>
    </p>
   </div>
   <div class='ocr_carea' id='block_1_6' title="bbox 287 2646 1914 2964">
    <p class='ocr_par' dir='ltr' id='par_1_7' title="bbox 287 2646 1914 2964">
     <span class='ocr_line' id='line_1_35' title="bbox 332 2646 1913 2691; baseline 0 -12"><span class='ocrx_word' id='word_1_306' title='bbox 332 2646 371 2679; x_wconf 84' lang='lat' dir='ltr'>In</span> <span class='ocrx_word' id='word_1_307' title='bbox 391 2646 533 2679; x_wconf 78' lang='lat' dir='ltr'>nornine</span> <span class='ocrx_word' id='word_1_308' title='bbox 553 2646 708 2687; x_wconf 77' lang='lat' dir='ltr'>Domini,</span> <span class='ocrx_word' id='word_1_309' title='bbox 728 2657 843 2681; x_wconf 84' lang='lat' dir='ltr'>amen.</span> <span class='ocrx_word' id='word_1_310' title='bbox 865 2648 996 2681; x_wconf 81' lang='lat' dir='ltr'>Notum</span> <span class='ocrx_word' id='word_1_311' title='bbox 1012 2647 1057 2681; x_wconf 74' lang='lat' dir='ltr'>sit</span> <span class='ocrx_word' id='word_1_312' title='bbox 1074 2646 1251 2681; x_wconf 70' lang='lat' dir='ltr'>universis</span> <span class='ocrx_word' id='word_1_313' title='bbox 1267 2650 1302 2682; x_wconf 87' lang='lat' dir='ltr'>et</span> <span class='ocrx_word' id='word_1_314' title='bbox 1318 2647 1472 2691; x_wconf 76' lang='lat' dir='ltr'>singulis</span> <span class='ocrx_word' id='word_1_315' title='bbox 1487 2646 1556 2681; x_wconf 84' lang='lat' dir='ltr'>hoe</span> <span class='ocrx_word' id='word_1_316' title='bbox 1569 2658 1711 2691; x_wconf 77' lang='lat' dir='ltr'>presens</span> <span class='ocrx_word' id='word_1_317' title='bbox 1728 2646 1913 2690; x_wconf 82' lang='lat' dir='ltr'>publicum</span> 
     </span>
     <span class='ocr_line' id='line_1_36' title="bbox 289 2700 1914 2744; baseline 0.001 -12"><span class='ocrx_word' id='word_1_318' title='bbox 289 2700 563 2734; x_wconf 66' lang='lat' dir='ltr'>i11&gt;÷trunn2=nt1nn</span> <span class='ocrx_word' id='word_1_319' title='bbox 592 2700 805 2743; x_wconf 73' lang='lat' dir='ltr'>inspecturis</span> <span class='ocrx_word' id='word_1_320' title='bbox 822 2702 928 2744; x_wconf 75' lang='lat' dir='ltr'>quod,</span> <span class='ocrx_word' id='word_1_321' title='bbox 948 2713 1042 2735; x_wconf 83' lang='lat' dir='ltr'>anno</span> <span class='ocrx_word' id='word_1_322' title='bbox 1059 2703 1102 2735; x_wconf 85' lang='lat' dir='ltr'>ab</span> <span class='ocrx_word' id='word_1_323' title='bbox 1126 2702 1374 2736; x_wconf 79' lang='lat' dir='ltr'>incarnatione</span> <span class='ocrx_word' id='word_1_324' title='bbox 1391 2701 1534 2735; x_wconf 87' lang='lat' dir='ltr'>Domini</span> <span class='ocrx_word' id='word_1_325' title='bbox 1551 2701 1606 2735; x_wconf 83' lang='lat' dir='ltr'>M0</span> <span class='ocrx_word' id='word_1_326' title='bbox 1625 2701 1728 2735; x_wconf 90' lang='lat' dir='ltr'><strong>CCC⁰</strong></span> <span class='ocrx_word' id='word_1_327' title='bbox 1744 2700 1914 2735; x_wconf 81' lang='lat' dir='ltr'>vicesimo</span> 
     </span>
     <span class='ocr_line' id='line_1_37' title="bbox 287 2754 1913 2800; baseline 0 -12"><span class='ocrx_word' id='word_1_328' title='bbox 287 2762 425 2795; x_wconf 69' lang='lat' dir='ltr'>octavo,</span> <span class='ocrx_word' id='word_1_329' title='bbox 445 2754 640 2789; x_wconf 70' lang='lat' dir='ltr'>indictione</span> <span class='ocrx_word' id='word_1_330' title='bbox 659 2755 722 2795; x_wconf 85' lang='lat' dir='ltr'>XI,</span> <span class='ocrx_word' id='word_1_331' title='bbox 741 2756 873 2789; x_wconf 76' lang='lat' dir='ltr'>niensis</span> <span class='ocrx_word' id='word_1_332' title='bbox 890 2756 977 2789; x_wconf 80' lang='lat' dir='ltr'>Maii</span> <span class='ocrx_word' id='word_1_333' title='bbox 1003 2756 1060 2790; x_wconf 87' lang='lat' dir='ltr'>die</span> <span class='ocrx_word' id='word_1_334' title='bbox 1085 2756 1203 2797; x_wconf 79' lang='lat' dir='ltr'>XIIII,</span> <span class='ocrx_word' id='word_1_335' title='bbox 1222 2757 1451 2800; x_wconf 82' lang='lat' dir='ltr'>pontificatus</span> <span class='ocrx_word' id='word_1_336' title='bbox 1472 2755 1687 2789; x_wconf 78' lang='lat' dir='ltr'>sanctissimi</span> <span class='ocrx_word' id='word_1_337' title='bbox 1710 2755 1749 2788; x_wconf 90' lang='lat' dir='ltr'>in</span> <span class='ocrx_word' id='word_1_338' title='bbox 1771 2754 1913 2788; x_wconf 80' lang='lat' dir='ltr'>Christo</span> 
     </span>
     <span class='ocr_line' id='line_1_38' title="bbox 291 2808 1914 2855; baseline 0 -13"><span class='ocrx_word' id='word_1_339' title='bbox 291 2811 400 2853; x_wconf 67' lang='lat' dir='ltr'>patris</span> <span class='ocrx_word' id='word_1_340' title='bbox 417 2814 451 2844; x_wconf 76' lang='lat' dir='ltr'>et</span> <span class='ocrx_word' id='word_1_341' title='bbox 468 2810 601 2843; x_wconf 81' lang='lat' dir='ltr'>domini</span> <span class='ocrx_word' id='word_1_342' title='bbox 623 2811 746 2851; x_wconf 65' lang='lat' dir='ltr'>nostri,</span> <span class='ocrx_word' id='word_1_343' title='bbox 765 2811 900 2845; x_wconf 84' lang='lat' dir='ltr'>domini</span> <span class='ocrx_word' id='word_1_344' title='bbox 918 2811 1105 2852; x_wconf 73' lang='lat' dir='ltr'>Johannis,</span> <span class='ocrx_word' id='word_1_345' title='bbox 1128 2812 1253 2845; x_wconf 80' lang='lat' dir='ltr'>divina</span> <span class='ocrx_word' id='word_1_346' title='bbox 1269 2812 1477 2855; x_wconf 79' lang='lat' dir='ltr'>providente</span> <span class='ocrx_word' id='word_1_347' title='bbox 1493 2810 1683 2845; x_wconf 82' lang='lat' dir='ltr'>elementia</span> <span class='ocrx_word' id='word_1_348' title='bbox 1699 2820 1789 2853; x_wconf 84' lang='lat' dir='ltr'>pape</span> <span class='ocrx_word' id='word_1_349' title='bbox 1805 2808 1914 2843; x_wconf 85' lang='lat' dir='ltr'>XXII</span> 
     </span>
     <span class='ocr_line' id='line_1_39' title="bbox 287 2863 1914 2909; baseline -0.001 -9"><span class='ocrx_word' id='word_1_350' title='bbox 287 2878 382 2900; x_wconf 79' lang='lat' dir='ltr'>anno</span> <span class='ocrx_word' id='word_1_351' title='bbox 408 2865 507 2906; x_wconf 76' lang='lat' dir='ltr'>X110,</span> <span class='ocrx_word' id='word_1_352' title='bbox 536 2865 571 2898; x_wconf 87' lang='lat' dir='ltr'>in</span> <span class='ocrx_word' id='word_1_353' title='bbox 600 2866 670 2899; x_wconf 82' lang='lat' dir='ltr'>mei</span> <span class='ocrx_word' id='word_1_354' title='bbox 698 2866 827 2899; x_wconf 86' lang='lat' dir='ltr'>notarii</span> <span class='ocrx_word' id='word_1_355' title='bbox 859 2866 994 2909; x_wconf 79' lang='lat' dir='ltr'>publici</span> <span class='ocrx_word' id='word_1_356' title='bbox 1023 2869 1058 2901; x_wconf 87' lang='lat' dir='ltr'>et</span> <span class='ocrx_word' id='word_1_357' title='bbox 1085 2867 1229 2900; x_wconf 67' lang='lat' dir='ltr'>testium</span> <span class='ocrx_word' id='word_1_358' title='bbox 1254 2866 1536 2909; x_wconf 71' lang='lat' dir='ltr'>subscriptorum</span> <span class='ocrx_word' id='word_1_359' title='bbox 1561 2866 1605 2900; x_wconf 86' lang='lat' dir='ltr'>ad</span> <span class='ocrx_word' id='word_1_360' title='bbox 1629 2865 1695 2899; x_wconf 82' lang='lat' dir='ltr'>hec</span> <span class='ocrx_word' id='word_1_361' title='bbox 1711 2863 1914 2908; x_wconf 82' lang='lat' dir='ltr'>specialiter</span> 
     </span>
     <span class='ocr_line' id='line_1_40' title="bbox 287 2918 1913 2964; baseline 0 -12"><span class='ocrx_word' id='word_1_362' title='bbox 287 2924 495 2954; x_wconf 72' lang='lat' dir='ltr'>vocatorum</span> <span class='ocrx_word' id='word_1_363' title='bbox 512 2922 544 2953; x_wconf 81' lang='lat' dir='ltr'>et</span> <span class='ocrx_word' id='word_1_364' title='bbox 564 2923 773 2962; x_wconf 69' lang='lat' dir='ltr'>rogatorum</span> <span class='ocrx_word' id='word_1_365' title='bbox 792 2920 981 2963; x_wconf 74' lang='lat' dir='ltr'>presentia,</span> <span class='ocrx_word' id='word_1_366' title='bbox 1001 2921 1236 2964; x_wconf 75' lang='lat' dir='ltr'>personaliter</span> <span class='ocrx_word' id='word_1_367' title='bbox 1260 2921 1444 2956; x_wconf 73' lang='lat' dir='ltr'>constituti</span> <span class='ocrx_word' id='word_1_368' title='bbox 1469 2920 1698 2955; x_wconf 49' lang='lat' dir='ltr'>venerabiles*</span> <span class='ocrx_word' id='word_1_369' title='bbox 1711 2922 1747 2954; x_wconf 90' lang='lat' dir='ltr'>et</span> <span class='ocrx_word' id='word_1_370' title='bbox 1767 2918 1913 2954; x_wconf 82' lang='lat' dir='ltr'>disereti</span> 
     </span>
    </p>
   </div>
  </div>
 </body>
</html>
