2097 3466
823 231 956 267 ANNO
983 232 1084 265 123ss
1704 228 1766 261 105

137 329 287 374 Belgica
308 328 442 364 Christi
466 327 572 364 vinea
590 339 662 363 non
677 326 838 372 segniter
861 327 1084 367 laborarunt,
1103 326 1163 360 sed
1182 324 1404 369 praeclaram
1429 334 1537 367 supra
1553 323 1643 358 alios
1665 335 1707 358 ea
1730 323 1765 358 in

136 396 175 419 re
191 383 369 428 praestitit
391 394 538 427 operam
556 384 595 418 F.
612 384 792 418 Robertus
809 382 955 426 quidam
979 394 1022 417 cx
1047 381 1173 416 ordino
1196 379 1501 424 paaedicatoruni,
1521 379 1580 422 qui
1607 382 1728 423 postca
1744 390 1765 412 a

137 438 312 483 Gregorio
329 441 361 472 9.
382 438 550 482 pontifice
572 450 704 481 magno
729 449 792 482 per
817 437 1023 471 universum
1042 436 1242 471 Galliarum
1269 446 1419 478 regnum
1445 435 1618 468 :ulveisus
1642 434 1763 468 haere-

135 493 225 528 ticos
254 493 433 537 generalis
461 493 654 537 inquisitor
683 505 778 527 anno
808 495 903 530 12:3³,
940 491 1168 535 pontificatus
1195 492 1314 529 9.,10.
1345 490 1512 523 calendas
1544 489 1764 533 Septembris

135 548 368 583 renunciatus
391 559 513 582 omnes
541 548 639 582 illius
667 548 771 591 regni
796 547 1003 591 prouincias
1028 545 1237 590 peragrauit
1263 548 1370 588 atque
1396 556 1459 588 pro
1483 545 1671 578 eminuisse
1696 543 1762 577 sibi

134 613 285 637 munere
306 602 345 637 in
367 606 512 638 sanctae
529 603 611 637 fidei
637 602 878 641 confirmauit.
898 601 1089 636 haereticis
1114 599 1278 645 plurimis
1302 599 1479 643 supplicio
1502 599 1650 633 affectis.
1671 599 1703 633 Is
1728 599 1765 633 in

136 656 292 692 Gallicas
320 658 436 702 Belgij
467 660 586 702 partos
613 657 713 701 prius
740 657 898 691 ciusdem
930 656 1109 700 pontitieis
1142 655 1238 688 iussu
1268 658 1426 692 venerat,
1456 666 1477 687 a
1506 655 1678 687 scelerata
1707 665 1765 687 eas

134 711 275 747 haeresi
291 717 524 757 purgaturus.
544 712 597 747 Ibi
619 712 715 747 enim
732 711 904 746 haeretici
924 711 1069 755 (puidam
1087 709 1338 754 Albigensium
1355 721 1416 743 seu
1434 708 1607 743 similium
1625 712 1763 752 aposta-

134 769 254 801 tarum
271 767 426 802 asseclae
451 767 609 808 suerunt,
629 779 716 810 quos
734 766 897 801 nonnulli
923 765 1153 800 sodomiticos
1169 764 1409 808 appellarunt,
1429 766 1468 798 ut
1484 767 1636 798 testatur
1652 763 1762 798 Maie-

135 832 198 856 rus
213 821 251 856 in
267 821 468 856 Annalibus
486 822 612 856 Fland.
632 833 727 856 anno
746 824 842 856 1236.

178 877 219 911 F.
238 877 419 912 Robertus
435 877 661 920 quorundam
678 876 940 920 episcoporum,
960 887 1048 919 quos
1065 887 1146 909 cum
1171 886 1212 909 eo
1237 874 1408 918 congredi
1431 874 1581 908 iusserat
1605 873 1764 917 pontifex

133 933 303 968 societate
325 936 433 976 atque
456 933 671 968 auctoritate
694 932 902 971 instructus,
923 931 1127 975 principum
1151 930 1260 965 etiam
1284 929 1485 973 praesentia
1502 934 1538 964 ct
1563 929 1764 973 patrocinio

133 989 305 1029 munitus,
319 1000 444 1023 eorum
462 989 582 1032 plures
605 989 643 1022 in
670 987 852 1027 Flandria‚
873 986 1112 1022 Attrebatesio
1127 989 1163 1020 et
1180 984 1428 1019 Camcracesio
1442 984 1626 1018 flammise
1644 985 1761 1018 medio

132 1045 288 1086 sustulit,
315 1044 418 1079 cuius
441 1044 493 1079 rei
511 1045 605 1088 quod
622 1045 667 1078 ad
685 1045 886 1078 Duacenses
910 1042 1039 1077 attinet
1062 1042 1151 1076 hacc
1170 1041 1205 1075 in
1224 1040 1377 1085 insignis
1394 1040 1565 1075 ecclesiae
1584 1040 1619 1074 S.
1640 1041 1760 1075 Amati

132 1100 238 1141 libro,
257 1111 363 1144 quem
379 1103 592 1145 argenteum
608 1100 718 1144 vulgo
735 1099 872 1139 dicunt,
892 1098 1025 1142 scripta
1041 1096 1158 1141 reperi
1175 1109 1182 1130 :
1203 1110 1218 1123 κ
1241 1097 1317 1130 Hac
1333 1095 1390 1130 die
1415 1095 1590 1129 combusti
1616 1096 1763 1129 fuerunt

134 1172 150 1186 ν·
167 1156 264 1200 apud
287 1156 451 1190 Duacum
475 1156 597 1190 decem
621 1155 793 1190 haeretici
818 1158 920 1189 extra
945 1157 1084 1198 portam
1111 1152 1246 1187 Oliueti
1271 1152 1308 1186 in
1334 1151 1391 1185 via
1416 1152 1651 1194 leprosorum,
1671 1162 1762 1194 quae

135 1227 150 1241 n
169 1211 228 1246 via
251 1211 321 1247 iter
343 1211 471 1256 dirigit
493 1211 589 1255 apud
615 1211 797 1251 Lambres,
819 1225 834 1238 ’ν
863 1211 1006 1251 (nomen
1036 1211 1159 1252 portae
1188 1220 1283 1241 nunc
1311 1207 1491 1242 exoletum
1519 1211 1583 1246 est,
1614 1210 1763 1250 apparet

131 1266 240 1301 fuisse
257 1265 293 1301 S.
314 1265 447 1310 mig-ij),
468 1280 484 1293 ιι
504 1265 751 1309 praesentibus
767 1264 1036 1299 venerabilibus
1057 1263 1121 1298 Dei
1139 1263 1259 1307 gratia
1282 1262 1553 1305 archiepiscopo
1579 1261 1761 1301 Remensi,

135 1337 150 1351 n
167 1322 303 1357 Assone
319 1321 485 1365 episcopo
501 1320 757 1361 Attrebatensi,
778 1320 944 1355 waltero
968 1319 1134 1363 episcopo
1160 1317 1380 1353 Tornaccnsi
1406 1322 1441 1351 et
1466 1318 1577 1351 fratre
1603 1316 1761 1350 Roberto

134 1392 150 1406 ν’
168 1376 305 1411 ordinis
332 1377 485 1411 fratrum
514 1376 803 1420 praedicatorum
831 1378 917 1410 tunc
945 1375 1116 1419 temporis
1144 1374 1297 1409 habente
1329 1375 1538 1417 potestatem
1566 1384 1587 1406 a
1614 1372 1761 1406 domino

133 1447 150 1462 n
168 1443 260 1476 papa
277 1432 443 1476 capiendi
466 1431 666 1467 haereticos
682 1432 726 1466 de
743 1443 915 1466 consensu
941 1431 1192 1474 episcoporum
1217 1429 1497 1473 praedictorum,
1517 1432 1551 1462 et
1575 1430 1762 1471 praesente

134 1503 150 1517 n
167 1487 308 1522 Joanna
324 1487 505 1522 eomitissa
522 1487 716 1522 Flandriae
732 1490 767 1521 et
786 1486 1010 1527 Hannoniae,
1029 1486 1074 1520 ab
1099 1485 1350 1519 incarnatione
1375 1483 1518 1518 Domini
1540 1486 1635 1524 1235,
1655 1486 1686 1518 2.
1705 1484 1763 1518 die

133 1557 148 1571 η
166 1541 298 1576 mensis
312 1542 448 1585 Martij,
467 1553 559 1586 quae
583 1542 657 1576 dies
681 1541 751 1576 fuit
775 1541 964 1576 Dominiea
988 1539 1300 1584 quinquagesima.
1322 1555 1337 1568 n
1357 1538 1461 1579 Quod
1484 1539 1531 1572 ad
1554 1538 1760 1573 Camerace-

129 1596 221 1633 sium
238 1598 378 1637 attinet,
394 1607 469 1632 rem
483 1596 753 1632 memorabilem
769 1595 953 1636 accidisse,
969 1595 1034 1630 etsi
1052 1606 1118 1629 nee
1136 1595 1335 1629 Robertum
1355 1605 1420 1628 nee
1435 1604 1571 1626 annum
1586 1593 1757 1633 nominet,

128 1653 190 1688 sed
217 1652 400 1687 communi
427 1655 568 1687 tantum
593 1651 738 1686 nomine
762 1652 891 1686 fratres
918 1650 1183 1695 praedicatores
1210 1650 1321 1684 refert
1346 1649 1626 1692 Cantipratanus
1649 1648 1711 1683 lib.
1738 1651 1758 1682 2

129 1707 174 1742 de
189 1708 333 1752 apibus,
352 1719 383 1742 c.
399 1710 453 1748 57,
472 1719 506 1751 p.
522 1710 576 1748 68,
595 1707 652 1742 his
667 1707 798 1742 verbis.
819 1721 834 1734 u
854 1707 950 1741 Audi
966 1710 1001 1741 ct
1017 1707 1060 1741 de
1077 1705 1149 1740 alio
1165 1706 1306 1739 obsesso
1322 1704 1455 1739 mirum
1474 1704 1538 1738 Dei
1556 1703 1732 1738 iudicium
1747 1716 1754 1738 :

130 1779 146 1794 n
165 1764 253 1798 Erat
275 1763 373 1798 eirca
390 1764 624 1798 Cameracum
649 1763 796 1807 quidam
819 1762 1022 1797 haereticus
1046 1764 1186 1796 astutus
1209 1761 1324 1801 valde,
1351 1760 1413 1804 qui
1436 1764 1598 1796 metuens
1621 1760 1759 1803 inquiri

130 1834 146 1848 »ν
163 1822 199 1854 et
214 1819 378 1854 comburi
401 1830 423 1853 a
446 1819 620 1854 fratribus
636 1818 958 1863 praedicatoribus,
978 1817 1039 1862 qui
1057 1817 1094 1851 in
1119 1816 1215 1851 dieta
1232 1816 1380 1851 ciuitate
1403 1828 1445 1851 eo
1470 1819 1630 1860 tempore
1645 1817 1757 1860 pluri-

130 1890 146 1904 »-
164 1885 240 1909 mos
255 1875 526 1916 comburebant,
546 1875 651 1910 finxit
667 1887 703 1910 se
719 1878 903 1918 arreptum
921 1885 942 1908 a
958 1874 1131 1908 daemone
1147 1876 1182 1907 et
1203 1873 1248 1907 ob
1270 1872 1338 1906 hoc
1355 1872 1400 1908 ad
1418 1872 1453 1906 S.
1480 1872 1704 1907 Aicliadrum
1720 1873 1759 1908 in

130 1944 145 1959 ··
163 1931 312 1975 Aspera,
330 1931 488 1966 obsessos
505 1941 633 1964 curare
649 1932 842 1973 potentem,
861 1929 996 1973 ligatus
1011 1929 1056 1963 ab
1073 1927 1200 1963 amicis
1221 1929 1395 1963 deductus
1410 1932 1474 1968 est,
1494 1931 1533 1962 ut.
1558 1928 1594 1962 in
1618 1940 1659 1963 eo
1684 1940 1756 1963 non

128 2001 144 2015 n
162 1985 339 2020 haeresim
363 1987 598 2030 propalatam,
625 1986 685 2020 sed
709 1985 841 2020 furiam
870 1988 1090 2028 reputarent.
1119 1985 1164 2019 Et
1189 1987 1227 2018 ut
1250 1983 1393 2018 audiuit
1416 1984 1562 2028 quidam
1587 1983 1753 2024 clericus,

128 2056 144 2071 n
161 2041 322 2076 obsessus
350 2052 372 2076 a
398 2041 571 2076 daemone
597 2044 633 2075 et
658 2040 804 2085 ligatuS,
835 2040 930 2084 quod
957 2039 1132 2083 Aegidius
1161 2039 1315 2082 Boogris
1338 2038 1402 2082 (sic
1424 2039 1521 2073 enim
1545 2039 1755 2082 vocabatur)

127 2111 143 2125 n
161 2095 294 2140 ligatus
310 2098 505 2140 poneretur
528 2095 566 2129 in
590 2096 680 2135 loeo,
699 2094 927 2138 subsequenti
946 2101 1048 2129 nocte
1065 2093 1158 2128 idem
1176 2094 1337 2128 obsessus
1353 2093 1505 2128 clericus
1521 2093 1647 2128 diuino
1664 2097 1753 2129 nutu

127 2167 143 2180 n
160 2151 298 2185 solutus
325 2154 388 2186 est.
420 2152 464 2186 Et
488 2161 693 2196 aggregans
717 2154 846 2185 mattas
873 2153 907 2184 et
940 2149 1114 2184 stramina
1141 2151 1249 2192 atque
1276 2149 1448 2183 ecelesiae
1476 2160 1621 2183 =<camna
1648 2161 1756 2193 super

127 2222 143 2236 ’ν
160 2206 313 2252 ligatum
329 2206 553 2241 haereticum
569 2205 780 2240 cumulavit.
801 2206 942 2240 Ludum
959 2208 1079 2239 autem
1096 2208 1131 2239 et
1146 2204 1280 2238 furiam
1297 2205 1444 2239 credens
1461 2205 1533 2245 ille,
1552 2204 1755 2239 dissimulat

126 2278 142 2291 n
159 2262 391 2306 quoadusque
407 2261 561 2296 clericus
584 2261 705 2306 ignem
729 2261 772 2295 de
797 2261 961 2304 lampade
977 2271 1120 2295 sumens
1137 2260 1348 2294 comburere
1366 2260 1552 2294 cumulum
1577 2260 1698 2304 ccepit,
1717 2267 1753 2295 et

126 2333 142 2347 n
160 2320 246 2353 tunc
262 2317 465 2352 haereticus
481 2317 710 2352 exclamauit.
730 2317 785 2351 Ad
809 2316 913 2350 euius
930 2327 1053 2350 vocem
1074 2315 1315 2362 expergefacti
1333 2317 1507 2356 custodes,
1526 2328 1608 2350 cum
1631 2316 1752 2359 ignem

126 2388 142 2402 n
160 2372 371 2417 extinguere
388 2371 602 2413 niterentur,
621 2371 775 2406 clericus
791 2374 935 2415 arrepto
951 2370 1085 2415 gladio,
1105 2382 1211 2414 quem
1228 2382 1312 2405 casu
1330 2370 1430 2404 iuxta
1447 2371 1579 2405 lectum
1598 2370 1749 2412 inuenit,

125 2442 142 2457 n
159 2438 282 2462 omnes
309 2426 486 2462 violenter
512 2426 634 2471 abegit
661 2430 696 2461 et
723 2426 946 2460 haereticum
973 2426 1011 2460 in
1039 2425 1124 2470 igne
1151 2425 1356 2460 combussit.
1387 2427 1461 2460 Nee
1490 2438 1602 2468 mora,
1627 2427 1754 2461 diuino

125 2498 141 2513 n
158 2486 285 2518 exacto
301 2482 449 2524 iudicio,
469 2482 623 2518 clericus
639 2494 660 2516 a
675 2482 849 2517 daemone
866 2481 1038 2517 liberatus
1055 2485 1091 2516 et
1107 2481 1211 2525 plene
1226 2493 1345 2526 sospes
1360 2482 1540 2525 apparuit.
1562 2498 1578 2511 n

471 2558 512 2592 F.
547 2557 772 2601 Hyacinthus
812 2557 986 2601 Choquet,
1011 2556 1135 2592 Sancti
1173 2556 1299 2602 Belyiz·
1337 2557 1483 2591 ordinis
1515 2557 1751 2602 praedicato—

513 2624 613 2655 rum,
630 2625 720 2654 enz.,
740 2613 806 2648 blz.
825 2615 978 2653 268-272.

882 2727 998 2774 107.

183 2832 322 2884 1236,
362 2831 623 2888 Kamerz‘jk.
662 2833 902 2876 Uittreksel
943 2834 1007 2877 uit
1050 2834 1125 2876 het
1167 2834 1408 2891 Catacoyus
1451 2834 1752 2877 hereticorum

119 2900 274 2957 (1526)
295 2914 380 2944 van
409 2901 492 2944 deu
525 2901 785 2958 predikheer
810 2903 1054 2948 Beruardus
1090 2902 1431 2959 Lutzenburgus,
1469 2903 1742 2961 inquisiteur,
