2097 3466
346 271 408 304 ‘210
1022 267 1152 302 ANNO
1180 270 1281 302 1:369

335 361 580 405 Inquisitionis
610 364 645 396 et>
671 359 879 396 executione
907 364 1110 395 constanter
1139 361 1315 403 assistere,
1349 367 1517 407 prompte
1558 375 1683 408 parere
1711 376 1753 400 ae
1780 364 1964 401 intendere

334 417 514 457 studeatis,
535 416 571 450 in
595 416 767 460 capiendo
783 419 818 450 et
841 415 1072 449 eustodiendo
1096 415 1302 459 hujusmodi
1333 417 1550 461 Beghardos
1565 422 1599 454 et
1620 419 1800 463 Boghinas
1815 423 1850 456 et
1875 419 1965 455 alios

333 472 506 515 quoslibet
535 471 733 505 haereticos
755 483 815 505 seu
842 471 884 504 de
912 470 1049 504 haeresi
1076 474 1270 514 suspectos,
1302 472 1460 507 fautores
1485 484 1625 517 quoque
1656 477 1691 509 et
1725 475 1963 510 defensatores

336 527 523 570 quoslibet,
543 530 667 561 eontra
691 538 778 570 quos
802 526 880 569 ipsi,
908 525 1099 568 inquisitor
1125 530 1160 560 et,
1189 526 1419 570 inquisitores
1453 529 1509 563 vel
1533 541 1657 564 eorum
1681 529 1820 570 vicarii,
1845 540 1966 574 proce-

332 582 416 616 dent
441 593 504 625 pro
527 584 686 625 tempore
709 585 744 616 et
767 581 868 618 alias,
891 580 983 614 sieut
1006 580 1213 623 expedierit,
1233 581 1428 615 eonsilium
1457 585 1519 617 aut
1542 583 1721 618 auxilium
1744 586 1780 619 et
1803 584 1960 619 favorem

330 636 413 670 totis
444 636 581 670 viribus
617 637 823 679 devotisque
855 635 1033 669 mentibus
1068 635 1264 670 efficaciter
1296 636 1529 680 impendatis,
1565 641 1785 682 praestantes
1829 638 1961 674 eisdem

331 695 465 726 vestros
489 703 660 730 carceres,
694 691 822 735 quibus
859 690 895 723 in
935 690 1069 724 eisdem
1097 689 1263 732 partibus
1293 702 1416 726 carere
1453 692 1587 728 dicitur
1620 693 1776 727 officium
1814 693 1963 737 Inquisi-

332 747 439 781 tionis
466 746 684 791 hujusmodi,
715 747 827 780 donee
855 744 972 779 officio
1001 745 1184 788 praedicto
1214 746 1257 779 de
1287 746 1393 780 certis
1421 747 1586 782 domibus
1616 750 1651 783 et
1681 747 1885 782 carceribus
1914 748 1960 783 sit

333 801 526 843 provisum.
545 805 579 835 et
603 802 687 835 dum
712 804 747 835 et
771 800 935 844 quotiens
959 811 1066 843 super
1089 800 1286 840 arestandis
1311 801 1493 844 aliquibus
1519 814 1582 845 per
1609 802 1702 846 ipsos
1729 813 1790 837 seu
1815 801 1958 837 nomine

332 856 489 899 ipsorum
508 857 647 891 fueritis
664 855 839 900 requisiti,
859 868 919 889 vos
944 855 1009 898 ipsi
1036 855 1123 889 tales
1140 858 1297 890 arestare
1313 858 1348 890 et
1365 867 1493 899 capere
1506 859 1541 891 et
1557 857 1600 891 ad
1618 857 1737 891 locum
1755 867 1956 901 congruum

331 914 364 945 et
396 923 561 945 securum
594 912 725 946 eisdem
758 910 961 954 inquisitori
994 913 1028 944 et
1060 909 1333 953 inquisitoribus
1370 922 1430 945 scu
1472 911 1632 954 ipsorum
1663 910 1819 953 vicariis,
1859 910 1955 946 omni

330 971 463 1001 semota
490 967 730 1007 excusatione,
761 970 1027 1010 repraesentare
1067 965 1210 999 cui-etis.
1242 966 1339 1009 Ipsos
1365 966 1475 1001 etiam
1504 967 1732 1010 inquisitores
1768 969 1803 1002 et
1831 978 1955 1002 eorum

329 1022 482 1055 vicarios
499 1023 563 1056 sub
582 1021 714 1065 poenis.
734 1021 864 1064 quibus
880 1032 999 1063 supra,
1021 1019 1272 1063 praeripimus,
1292 1021 1386 1063 quod
1404 1021 1560 1064 benigne
1577 1032 1657 1054 eum
1675 1032 1798 1055 eorum
1816 1020 1956 1055 familia

328 1075 510 1118 recipiatis
534 1080 567 1109 et
592 1076 738 1110 honeste
763 1074 998 1118 pertractetis,
1017 1074 1101 1107 dnm
1126 1078 1161 1108 et
1186 1073 1349 1116 quotiens
1375 1074 1490 1117 ipsum
1516 1075 1571 1109 vel
1595 1074 1689 1118 ipsos
1712 1074 1807 1118 apud
1830 1085 1892 1109 vos
1916 1074 1954 1110 in

330 1142 453 1164 caussa
481 1131 725 1174 Inquisitionis
752 1130 885 1164 morari
914 1128 1118 1173 contigerit,
1146 1131 1179 1162 et
1204 1132 1322 1163 cetera
1346 1129 1562 1172 impendatis
1590 1130 1759 1164 benevole
1780 1130 1953 1174 suffragia

330 1190 529 1228 opportuna
554 1185 709 1228 ipsisque
734 1186 769 1219 in
786 1185 915 1225 cundo,
933 1185 1059 1219 stando
1083 1196 1124 1217 ae
1142 1184 1322 1218 redeundo
1339 1196 1505 1218 securum
1523 1185 1739 1219 conductum
1754 1184 1953 1220 liberaliter

328 1240 506 1280 tribuatis,
526 1241 689 1284 quotiens
713 1240 798 1283 ipsis
823 1239 932 1274 fuerit
955 1242 1208 1283 opportunum,
1228 1239 1256 1272 si
1283 1249 1304 1272 a
1327 1239 1427 1273 vobis
1451 1239 1553 1273 illum
1571 1239 1739 1283 petierint
1761 1250 1824 1283 per
1839 1251 1875 1274 se
1896 1240 1952 1275 vel

330 1294 472 1327 nomine
505 1294 675 1337 ipsorum,
707 1293 900 1337 praemissa
930 1297 964 1327 et
992 1304 1116 1327 eorum
1148 1292 1293 1335 singula
1325 1297 1466 1336 praeter
1496 1305 1628 1336 poenas
1659 1293 1860 1337 praedictas
1890 1305 1952 1329 vos

327 1361 449 1384 omnes
465 1354 499 1384 et
517 1350 651 1394 singuli
670 1351 758 1384 adeo
775 1352 979 1384 constanter
1002 1352 1035 1383 et
1054 1348 1208 1382 fideliter
1225 1348 1420 1391 impleturi,
1440 1349 1533 1392 quod
1552 1360 1614 1392 per
1630 1348 1697 1382 hoe
1714 1348 1830 1390 illum,
1848 1349 1950 1393 cujus

327 1405 363 1438 in
392 1405 459 1438 liae
487 1410 586 1448 parte
617 1417 673 1439 res
703 1405 836 1449 agitur,
869 1403 1008 1437 faciatis
1040 1402 1249 1445 propitium,
1280 1403 1426 1446 ejusque
1455 1414 1518 1446 pro
1550 1403 1715 1447 neglectu
1746 1402 1949 1438 districtum

321 1459 500 1503 judiciuin
517 1471 559 1493 ae
581 1463 722 1493 nostrae
740 1458 975 1502 correptionis
991 1457 1222 1500 temporalem
1247 1457 1285 1490 in
1309 1457 1470 1500 personis
1486 1460 1521 1492 et
1542 1458 1648 1492 rebus
1665 1469 1736 1493 non
1752 1458 1948 1493 vereamini

327 1513 562 1547 acrimoniam
580 1514 766 1548 sustinere.

370 1569 616 1603 Praesentium
645 1570 710 1602 sub
742 1571 862 1603 nostro
893 1565 1089 1611 imperialis
1117 1565 1311 1611 majestatis
1343 1566 1462 1610 sigillo
1493 1567 1696 1602 testimonio
1727 1567 1942 1609 litterarum,

324 1623 446 1658 datum
465 1625 583 1659 Lucae
599 1636 693 1658 anno
711 1624 811 1658 Dom.
831 1622 1094 1662 MCCCLXIX,
1114 1622 1237 1656 indict.
1258 1621 1335 1663 VII,
1355 1622 1480 1665 quinto
1503 1621 1583 1657 idus
1606 1622 1625 1657 J
1631 1621 1719 1664 unii,
1745 1633 1941 1666 regnorum

326 1683 529 1714 nostrorum
546 1690 640 1714 anno
657 1678 794 1719 XXIII,
814 1677 956 1721 imperii
974 1688 1057 1711 vero
1074 1676 1156 1711 XV.

670 1753 858 1795 Mosheim,
877 1753 942 1787 blz.
962 1755 1116 1788 350-355.

1073 1910 1180 1954 211.

384 2039 518 2090 1369,
546 2037 663 2083 szz‘
686 2040 757 2089 10,
787 2038 954 2081 Lacca.
978 2037 1084 2081 Wet
1108 2051 1191 2079 van
1214 2034 1358 2078 keizer
1381 2035 1511 2078 Karel
1536 2035 1597 2079 IV
1621 2048 1724 2077 over
1745 2032 1820 2077 het
1842 2046 1942 2076 ver-

316 2114 470 2168 volgen
495 2113 570 2155 cler
593 2113 842 2156 kettersehe
866 2110 1121 2166 Beggarden
1145 2123 1199 2152 en
1223 2108 1434 2165 Begijnen
1459 2107 1562 2150 door
1585 2105 1637 2150 de
1660 2105 1942 2162 inquisiteurs

318 2181 360 2223 in
386 2182 436 2223 de
460 2181 663 2224 Duitsehe
687 2181 858 2223 landen.
882 2205 938 2210 —
961 2180 1020 2221 De
1037 2179 1182 2221 keizer
1200 2178 1442 2228 herinnert,
1467 2177 1537 2220 dat
1555 2190 1660 2232 paus
1679 2174 1877 2218 Urbanus
1902 2174 1942 2217 V

319 2250 398 2292 den
425 2250 682 2305 predikheer
706 2250 880 2292 Walter
903 2248 1087 2303 Kerling
1123 2246 1310 2289 alsmede
1349 2245 1501 2300 eenige
1540 2244 1700 2287 andere
1737 2242 1941 2286 broeders

318 2319 455 2374 zijner
486 2319 587 2361 orde
625 2321 690 2360 tot
724 2318 1000 2373 inquisiteurs
1038 2321 1168 2371 tegen
1208 2315 1275 2357 die
1308 2314 1477 2358 ketters
1511 2313 1630 2355 heeft
1669 2310 1937 2368 aangesteld.

318 2387 626 2430 Wenschende
650 2387 722 2429 dat
745 2387 786 2429 al
808 2386 910 2428 deze
934 2385 1291 2428 kettermeesters
1320 2386 1406 2425 met
1437 2383 1585 2425 hunne
1617 2381 1850 2424 viearissen
1885 2392 1939 2423 en

316 2455 464 2498 hunne
486 2457 684 2498 dienaars
703 2455 791 2497 hun
809 2453 926 2513 ambt
943 2454 1104 2496 zonder
1122 2451 1452 2509 moeilijkheden
1471 2450 1696 2493 vervullen
1715 2449 1935 2499 moehten,

318 2525 514 2567 verleent
531 2525 621 2567 hun
640 2524 690 2566 de
710 2524 854 2566 keizer
871 2524 911 2565 al
930 2523 980 2565 de
999 2522 1177 2565 rechten
1198 2535 1250 2563 en
1268 2521 1571 2571 voormchten,
1594 2519 1660 2561 die
1677 2518 1728 2574 zij
1750 2517 1836 2560 ooit
1852 2530 1938 2560 van

318 2593 431 2648 zijne
453 2596 701 2644 voorzaten,
730 2606 813 2635 van
838 2592 918 2634 den
944 2605 1067 2647 paus,
1093 2605 1176 2633 van
1201 2589 1623 2644 aartsbisschoppen‚
1651 2586 1937 2640 bissehoppen

318 2661 364 2702 of
384 2661 695 2711 kerkhoofden‚
722 2675 807 2703 van
825 2661 876 2703 de
899 2660 1119 2715 koningen
1143 2672 1227 2702 van
1252 2657 1502 2714 Frankrijk‚
1531 2656 1766 2707 Bohemen,
1792 2654 1936 2709 Enge-

317 2729 439 2781 land,
460 2729 613 2781 Sicilie,
636 2730 807 2787 Spanje,
829 2729 1083 2785 Hongarije‚
1105 2726 1366 2771 Normandie'
1384 2739 1436 2768 en
1457 2724 1589 2767 Polen
1610 2723 1657 2766 of
1669 2738 1752 2766 van
1775 2721 1937 2765 andere

314 2802 490 2840 vorsten
509 2812 561 2840 en
585 2799 800 2849 machten,
823 2798 864 2840 in
884 2797 1025 2840 welke
1044 2796 1200 2839 landen
1219 2794 1316 2846 ook,
1345 2797 1592 2849 ontvangen
1617 2791 1803 2840 hebben.
1826 2790 1938 2833 niet-⁴

314 2867 627 2921 tegenstaande
644 2868 727 2910 alle
750 2869 916 2909 wetten
939 2866 986 2909 of
1011 2867 1285 2922 gewoontem
1308 2863 1375 2906 die
1398 2876 1445 2906 et·
1479 2861 1600 2904 mede
1623 2861 1667 2904 in
1690 2859 1815 2917 strijd
1838 2872 1937 2902 zou-

314 2934 395 2978 den
420 2935 598 2979 kunnen
628 2936 730 2995 ziJn.
758 2936 837 2980 Tot
860 2935 1144 2990 handhaving
1165 2947 1249 2977 van
1273 2932 1324 2975 de
1347 2931 1526 2975 rechten
1559 2943 1613 2974 en
1648 2927 1936 2974 voorreehten
