2097 3466
765 219 1164 259 ANN01470,1471
1730 221 1790 252 423

907 361 1031 407 345.

220 491 355 541 1470,
395 490 591 533 Leuven.
630 489 689 532 De
722 489 1003 532 Leuvensehe
1037 488 1252 532 Faculteit
1284 488 1358 530 des
1390 487 1527 531 Artes
1561 487 1712 545 klaagt
1745 491 1789 533 te

154 561 288 604 Rome
313 558 508 603 Hendrik
531 572 616 600 van
651 559 882 600 Zoemeren
912 572 1012 609 aan,
1040 558 1185 600 omdat
1218 557 1277 614 hij
1312 557 1588 614 hardnekkig
1620 572 1712 602 was
1745 559 1789 601 in

151 630 266 688 zijne
288 629 456 685 leering
478 640 585 671 over
608 626 871 671 Aristoteles
897 641 951 670 en
977 627 1099 670 diens
1120 625 1369 683 ketteriJen.

195 753 249 787 De
265 752 436 787 doctrina
452 751 627 785 Aristotel
631 753 672 785 is.

195 807 341 844 Nemini
358 806 465 842 liceat
481 806 694 841 sententiam
714 805 919 841 Aristotelis
936 808 1107 848 tanquam
1124 802 1343 839 haercticam
1360 802 1521 846 rejicere,
1540 816 1647 848 quam
1665 805 1785 840 catho-

150 864 212 900 lici
229 864 472 900 defensarunt.
493 860 560 896 nisi
586 861 638 895 illi
658 861 766 896 fuerit
793 860 894 905 prius
913 871 975 904 per
991 860 1198 895 facultatem
1216 857 1419 902 theologiae
1435 862 1575 894 ostensa
1590 859 1784 895 haeretica.

285 920 297 936 t

150 919 502 1008 Αοῐξααίῐῖἶῖθῖεοιῆῒᾶε
539 971 693 1005 Romam
722 971 768 1005 ad
792 970 1051 1005 declarandum
1076 969 1170 1014 quod
1194 968 1368 1013 magister
1392 968 1569 1003 Henricus
1593 970 1785 1005 Zoemeren

149 1027 195 1063 sit
210 1026 392 1072 pervicax,
406 1026 529 1061 dicens
547 1026 778 1061 Aristotelem
798 1025 866 1060 sibi
880 1025 1127 1061 contradicere
1144 1024 1182 1059 in
1198 1023 1351 1059 materia
1367 1023 1410 1058 de
1427 1023 1558 1058 futuris
1575 1023 1784 1068 contingen-

148 1082 255 1120 tibus.
274 1083 364 1118 Acta
383 1082 478 1116 4470.

497 1159 530 1194 J.
550 1159 730 1200 Molanus,
752 1159 942 1194 Historiae
959 1158 1249 1193 Lon-aniensium
1268 1157 1357 1191 libri
1374 1157 1479 1198 XIV,
1497 1157 1576 1192 deel
1592 1155 1620 1196 1,
1638 1156 1705 1190 blz.
1721 1158 1784 1191 581

537 1225 582 1248 en
600 1216 674 1249 582.
694 1213 755 1249 Zic
781 1214 851 1249 ook
876 1214 1013 1254 aldaar,
1040 1213 1107 1247 blz.
1133 1215 1208 1248 506.
1239 1212 1293 1254 (In
1319 1214 1402 1246 1463
1426 1223 1499 1246 was
1525 1210 1688 1246 Hendrik
1713 1222 1782 1246 van

538 1271 736 1306 Zoemercn
755 1274 874 1305 rector
890 1269 956 1304 der
973 1268 1223 1313 Hoogeschool
1239 1269 1406 1312 geweest.
1424 1267 1530 1308 Ibid„
1549 1267 1616 1302 blz.
1635 1268 1725 1308 473.)

907 1405 1031 1449 346.

207 1532 345 1581 1471,
388 1532 503 1575 szz‘
535 1532 613 1582 28,
658 1532 833 1588 Par-ijs.
878 1530 1148 1587 Verklaring
1185 1543 1269 1573 van
1309 1529 1391 1572 den
1429 1528 1689 1585 predikheer
1727 1543 1780 1572 en

143 1600 427 1656 algemeenen
450 1601 706 1657 inquisiteur
741 1600 910 1645 Roland
935 1600 974 1643 le
995 1600 1134 1652 Cozic,
1163 1597 1342 1655 waarbij
1370 1598 1429 1656 hij
1454 1597 1568 1656 zijne
1601 1597 1780 1642 instem-

143 1669 262 1726 ming
300 1673 386 1714 met
424 1671 499 1714 het
531 1672 741 1726 gevoelen
783 1684 870 1713 van
902 1671 1050 1713 Pieter
1079 1669 1130 1712 de
1168 1668 1361 1717 Vauceil,
1401 1668 1620 1724 professor
1652 1670 1693 1712 in
1727 1670 1780 1713 de

142 1738 504 1795 godgeleerdheid
528 1743 570 1783 te
595 1739 751 1796 Parijs,
789 1738 1033 1794 uitspreekt
1071 1739 1113 1781 in
1148 1738 1200 1780 de
1232 1738 1340 1780 zaak
1369 1751 1452 1780 van
1477 1738 1560 1780 den
1584 1739 1778 1782 Leuven-

142 1808 275 1852 schen
299 1808 586 1866 godgeleerde
609 1808 757 1851 Pieter
778 1808 831 1852 de
854 1808 980 1851 Rivo.

185 1933 231 1968 Et
253 1931 344 1968 mihi
369 1932 473 1968 fratri
499 1933 678 1968 Rollando
703 1933 736 1968 le
754 1933 870 1975 Cozic,
889 1932 1027 1968 ordinis
1050 1933 1205 1967 fratrum
1229 1931 1519 1976 praedicatorum
1535 1944 1659 1968 sacrae
1674 1933 1772 1970 theo-

140 1989 259 2034 logiae
289 1988 480 2033 professori
518 2000 657 2024 necnon
689 1992 816 2024 contra
846 1991 982 2033 pestem
1019 1987 1241 2023 haereticam
1279 1987 1317 2022 in
1348 1990 1422 2022 toto
1453 1999 1566 2032 regno
1599 1989 1775 2024 Franciae

140 2043 353 2088 inquisitore
381 2043 597 2079 auctoritate
621 2043 819 2088 apostolica
845 2044 1029 2088 deputato,
1058 2042 1203 2078 videtur
1232 2042 1271 2076 in
1301 2042 1467 2077 omnibus
1499 2046 1534 2079 et
1560 2055 1624 2087 per
1654 2045 1776 2080 omnia

139 2099 332 2134 dicendum
357 2100 445 2141 fore,
471 2099 667 2135 tenendum
683 2103 719 2135 et
742 2099 1058 2135 determinandum
1082 2098 1120 2132 in
1147 2097 1331 2142 praedicta
1354 2097 1506 2133 materia
1522 2101 1629 2143 prout
1652 2100 1778 2135 doctor

139 2155 308 2200 egregius
331 2155 505 2200 magister
528 2159 649 2190 noster
671 2156 890 2191 reverendus
908 2155 1038 2190 Petrus
1054 2154 1098 2189 de
1123 2153 1296 2188 Vaucello
1312 2153 1416 2194 dixit,
1433 2153 1577 2198 scripsit
1601 2166 1642 2189 ac
1658 2155 1772 2191 deter-

144 2209 296 2245 minavit
310 2223 319 2253 ς
336 2214 372 2246 et
388 2210 623 2245 conformiter
639 2209 733 2252 dico,
751 2213 855 2246 teneo
884 2212 919 2245 et
934 2208 1148 2249 determino,
1174 2211 1263 2243 teste
1289 2219 1399 2243 manu
1417 2209 1563 2253 propria
1579 2209 1648 2244 hac
1664 2221 1771 2254 appo-

143 2264 223 2306 sita,
241 2264 299 2300 die
316 2267 356 2300 28
372 2265 504 2300 mensis
520 2265 540 2300 J
544 2265 634 2306 unii,
655 2265 817 2300 Parisius
833 2276 928 2300 anno
942 2263 1088 2299 Domini
1107 2266 1202 2298 1471.

182 2319 256 2362 (Sic
270 2320 517 2365 subscriptum
535 2325 566 2354 ec
581 2322 774 2365 sz'ynatum
789 2321 812 2364 :)
831 2320 947 2356 Cozic.

487 2399 714 2443 d'Argentre,
750 2398 919 2433 Collectio
939 2397 1179 2442 judiciorum
1207 2396 1251 2430 de
1281 2398 1386 2431 novis
1417 2396 1616 2438 erroribus,
1642 2396 1721 2432 deel
1745 2396 1772 2437 Ι,

534 2458 570 2490 2⁸
596 2455 692 2496 stuk,
718 2455 786 2489 blz.
812 2456 888 2489 274.
907 2473 950 2480 —
975 2454 1071 2489 Over
1092 2453 1137 2489 de
1160 2452 1248 2488 zaak
1272 2465 1341 2488 van
1365 2453 1497 2489 Petrus
1521 2453 1566 2489 de
1593 2453 1699 2495 Rivo,
1724 2452 1776 2488 zie

533 2510 671 2552 aldaar,
690 2510 756 2545 blz.
775 2511 931 2546 258-284.

896 2635 998 2681 347
1006 2667 1017 2682 .

201 2766 338 2816 1471,
360 2764 616 2809 November
633 2766 679 2817 7,
701 2765 899 2808 Leucon.
921 2764 1256 2820 Aanteekening
1277 2777 1381 2806 over
1402 2762 1485 2806 den
1510 2764 1771 2820 predikheer

137 2837 221 2880 Jan
244 2849 328 2879 van
352 2836 515 2886 Bomal,
543 2835 609 2878 die
633 2835 698 2877 als
721 2834 961 2891 pauselijke
986 2833 1242 2890 inquisiteur
1263 2833 1372 2876 door
1394 2831 1446 2876 de
1472 2834 1767 2890 Hoogeschool

137 2919 223 2949 van
246 2906 420 2950 Leuven
444 2905 565 2949 werd
589 2904 768 2949 erkend.
