2097 3466
877 227 1010 264 ANNO
1037 230 1138 263 1360
1751 235 1812 267 213

180 322 352 363 spectant,
372 323 495 365 utpote
522 322 629 357 tertia
654 333 737 366 pars
753 321 913 357 omnium
933 323 1107 357 bonorum
1127 321 1315 357 mobilium
1340 325 1375 358 ct
1396 322 1634 358 immobilium
1653 324 1813 360 omnium

178 376 443 412 haereticorum
462 379 738 422 Beghardorum
757 382 791 414 et
808 378 1054 422 Begliinarum
1081 391 1141 413 seu
1171 391 1386 422 quocunque
1415 379 1558 415 nomine
1587 387 1811 421 censeantur,

179 436 406 478 occupantes,
426 434 626 470 detinentes
642 435 698 469 vel
723 446 794 469 non
807 435 996 482 *soluentes
1021 435 1107 478 ipsis
1123 435 1398 478 inquisitoribus
1415 436 1468 469 vcl
1488 437 1622 470 nuntiis
1642 437 1812 480 ipsorum,

178 500 221 524 ac
244 501 303 524 cos
328 489 476 531 iudices,
504 491 548 524 ad
570 502 658 534 quos
674 493 821 534 spectat,
841 493 880 524 ut
897 490 1103 524 huiusmodi
1121 490 1318 525 detinentes
1335 490 1422 525 talia
1441 491 1531 525 bona
1553 496 1586 526 ct
1603 492 1747 531 similia.
1767 495 1812 528 :ul

178 544 393 580 solutionem
422 549 457 580 ct
481 545 805 590 praesentationem
835 545 1041 579 huiusmodi
1059 557 1179 580 rerum
1199 545 1473 588 inquisitoribus
1498 559 1567 581 non
1592 550 1813 591 compellunt

177 612 260 635 cum
277 600 405 635 effectu
423 603 459 636 et
472 612 704 644 quoscunque
720 601 967 635 executionem
984 600 1191 635 huiusmodi
1209 600 1317 634 officii
1337 601 1584 644 Inquisitionis
1601 609 1633 636 ct
1652 604 1810 638 ollii-iuni

176 656 511 700 quomodocumque
541 659 577 691 et
604 656 903 700 qualitercunque
931 656 1176 699 impedientes,
1208 656 1436 690 molestantes
1467 669 1527 690 scu
1563 659 1811 700 portui-bant‹;·s

174 711 312 746 directe
328 711 384 745 vel
401 711 588 752 indirecte,
614 712 669 746 vel
695 723 759 755 per
774 723 810 745 se
835 711 890 745 vel
923 722 987 754 per
1013 711 1124 745 alium
1149 723 1211 746 seu
1238 711 1339 752 alios,
1360 712 1499 746 occulte
1528 713 1583 746 vel
1611 713 1809 753 manili-sto,

177 766 400 801 coniunctim
417 767 474 800 vel
489 766 647 807 diuisim‚
668 771 811 810 praeter
827 777 958 810 poenas
975 766 1125 801 inferius
1144 766 1274 810 positas
1292 778 1355 810 per
1371 778 1407 801 se
1426 768 1480 801 vel
1496 779 1558 810 per
1574 767 1663 801 alios
1681 769 1734 803 vel
1750 781 1813 812 per

177 821 290 856 alium
315 820 494 865 intrepide
510 833 574 866 per
591 821 766 856 iudicium
792 823 989 866 temporale
1006 825 1078 856 tam
1097 822 1133 856 in
1151 823 1257 857 rebus
1285 833 1390 865 quam
1410 821 1569 865 ipsorum
1587 823 1808 866 corporibus,

176 876 392 912 auctoritate
416 877 615 921 imperialis
639 877 846 918 maiestatis,
867 877 964 912 omni
993 877 1234 921 appellatione
1259 880 1294 912 et
1321 877 1578 921 prouocatione
1603 880 1808 923 postposita,

175 933 294 977 rigide
324 933 530 976 procedant,
562 936 601 967 ut
631 932 839 967 huiusmodi
871 933 1120 976 delinquentes
1152 932 1280 967 ceteris
1310 936 1444 976 ponant
1473 932 1510 966 in
1542 935 1744 977 exemplum
1776 940 1812 970 ct

174 991 362 1029 terrorem,
382 987 578 1032 praemissa
590 991 625 1023 et.
641 999 766 1022 eorum
785 988 929 1032 singula
946 1000 1069 1023 omnes
1085 991 1119 1023 et
1133 987 1269 1032 singuli
1286 989 1375 1022 adeo
1392 992 1597 1023 constanter
1609 994 1644 1023 et
1658 990 1812 1025 fideliter

174 1044 372 1088 impleturi,
402 1044 497 1088 quod
525 1056 588 1088 per
615 1045 683 1079 hoc
711 1044 827 1085 illum,
862 1044 965 1079 cuius
993 1056 1050 1079 res
1077 1044 1211 1089 agitur,
1242 1044 1311 1078 sibi
1344 1044 1541 1088 propitium
1569 1045 1716 1089 eiusque
1748 1059 1812 1090 pro

175 1099 342 1144 neglectu
370 1098 574 1134 districtum
600 1098 776 1133 iudicium
804 1110 845 1133 ac
871 1102 1012 1133 nostrae
1032 1098 1271 1143 correptionis
1294 1099 1530 1142 temporalem
1548 1098 1585 1132 in
1603 1100 1762 1142 personis
1779 1106 1813 1137 et

174 1154 282 1189 rebus
295 1165 367 1188 non
379 1157 574 1189 vereantur
586 1153 824 1188 acrimoniam
836 1154 1025 1188 sustinere.

219 1208 321 1244 Nulli
337 1220 425 1253 ergo
442 1209 590 1244 omnino
613 1208 802 1243 hominum
827 1209 933 1244 liceat
958 1209 1053 1243 hane
1075 1211 1218 1243 nostrae
1235 1208 1515 1251 constitutionis,
1535 1210 1813 1256 priuilegiorum

175 1264 435 1305 innouationis,
469 1264 751 1309 approbationis,
785 1264 1086 1305 confirmationis,
1124 1264 1377 1308 applicationis
1409 1265 1581 1309 paginam
1612 1266 1813 1312 infringere

175 1330 237 1353 seu
265 1318 299 1353 ei
328 1319 456 1362 quouis
484 1330 574 1353 ausu
602 1319 796 1354 temerario
825 1319 1093 1363 quomodolibet
1123 1318 1316 1353 contraire.
1349 1318 1387 1352 Si
1419 1330 1499 1362 quis
1529 1323 1649 1356 autem
1679 1323 1811 1358 horum

175 1373 466 1418 priuilegiorum,
491 1373 694 1418 gratiarum
719 1377 754 1409 et
781 1373 1098 1408 confirmationum
1119 1385 1162 1408 ae
1190 1372 1473 1418 applicationum
1498 1374 1657 1418 ipsarum
1683 1379 1812 1421 quouis

175 1429 281 1463 modo
298 1429 521 1463 contrarium
539 1432 752 1473 attemptare
770 1430 1060 1473 praesumpserit,
1077 1429 1363 1474 indignationem
1382 1432 1538 1463 nostram
1556 1433 1810 1474 grauissimam

174 1488 210 1521 et
226 1497 378 1530 poenam
396 1488 540 1520 centum
557 1496 763 1519 marcarum
781 1485 862 1519 auri
880 1485 1063 1529 purissimi
1081 1486 1210 1521 totiens
1227 1487 1392 1529 quotiens
1408 1489 1670 1524 contrafactum
1687 1489 1809 1531 fuerit,

175 1553 212 1576 se
244 1541 385 1576 noverit
415 1540 715 1575 irremissibiliter
746 1540 1002 1583 incursurum3
1033 1552 1187 1585 quarum
1219 1542 1447 1578 medietatem
1478 1544 1658 1587 imperiali
1691 1548 1812 1579 nostro

177 1598 263 1632 fisco
287 1609 349 1632 seu
374 1596 527 1637 aerario,
554 1596 732 1640 reliquam
757 1608 842 1632 vero
866 1601 1006 1640 partem
1030 1597 1203 1632 iniuriam
1229 1609 1415 1641 passorum
1441 1599 1564 1633 usibus
1587 1600 1814 1635 decernimus

175 1653 365 1697 applicari.
386 1652 424 1687 Si
449 1663 547 1692 vero,
567 1653 662 1695 quod
685 1652 790 1693 absit,
817 1652 949 1696 aliquis
973 1653 1030 1687 vel
1051 1653 1164 1697 aliqui
1191 1653 1413 1689 coniunctim
1437 1655 1494 1689 vel
1517 1655 1675 1697 diuisim,
1695 1656 1812 1690 cuius-

177 1719 320 1752 cunque
336 1706 565 1748 conditionis,
584 1710 698 1742 status
714 1708 770 1742 vel
787 1707 1092 1751 praeeminentiae
1107 1708 1273 1749 existant,
1294 1720 1383 1743 ausu
1408 1710 1601 1745 temerario
1618 1711 1811 1754 praedictis

177 1764 308 1800 nostris
325 1763 528 1808 priuilegiis
551 1766 586 1798 et
609 1763 753 1798 statutis
777 1763 1083 1804 contrauenirent‚
1102 1765 1158 1799 vel
1182 1764 1312 1807 quouis
1335 1765 1440 1799 modo
1464 1765 1559 1809 ipsos
1579 1765 1810 1810 inquisitores

176 1820 407 1854 molestarent
434 1822 470 1853 et
496 1818 712 1862 impedirent
734 1830 796 1852 seu
824 1819 1014 1853 turbarent
1041 1830 1103 1853 seu
1132 1830 1257 1854 eorum
1282 1819 1468 1860 officiatos,
1495 1823 1558 1854 aut
1584 1820 1671 1854 dicti
1699 1821 1810 1855 officii

176 1874 425 1909 executionem
441 1873 577 1908 directe
594 1873 650 1907 vel
676 1873 862 1914 indirecte,
882 1874 1023 1908 occulte
1039 1875 1096 1908 vel
1112 1873 1312 1914 manifeste,
1333 1886 1396 1917 per
1413 1886 1450 1908 se
1467 1876 1523 1910 vel
1540 1888 1603 1920 per
1619 1876 1731 1911 alium
1748 1890 1811 1912 seu

176 1940 240 1972 per
265 1928 366 1969 alios,
385 1928 494 1963 talem
519 1928 576 1962 rel
603 1928 703 1968 talc&
722 1928 842 1972 elapso
866 1928 977 1963 trium
1001 1929 1179 1963 mensium
1205 1929 1360 1964 termino
1385 1941 1527 1965 exnunc
1551 1935 1658 1974 prout
1681 1935 1813 1967 extunc

175 1987 211 2019 et
234 1987 367 2019 extunc
384 1986 491 2028 prout
515 1995 669 2024 exnunc,
688 1987 830 2026 praeter
846 1996 998 2028 poenam
1015 1985 1236 2029 praedictam
1255 1985 1376 2020 omnia
1393 1986 1485 2020 bona
1510 1987 1620 2031 ipsius
1638 1989 1693 2022 vel
1718 1989 1808 2033 ipso-

174 2050 257 2074 rum
282 2038 463 2083 imperiali
489 2039 574 2073 fisco
599 2039 822 2082 applicamus
839 2051 881 2074 ac
909 2039 1027 2084 ipsum
1055 2043 1090 2075 et
1114 2040 1208 2085 ipsos
1236 2041 1402 2076 omnibus
1426 2043 1565 2086 gratiis,
1594 2044 1811 2089 priuilegiis,

174 2093 414 2134 libertatibus,
434 2093 736 2134 immunitatibus,
752 2094 993 2138 dignitatibus
1016 2098 1052 2130 et
1074 2095 1272 2130 honoribus
1291 2096 1465 2131 Caesarea
1482 2097 1666 2133 maiestate
1690 2099 1810 2143 priua-

174 2159 255 2183 mus
271 2151 305 2183 et
322 2148 518 2192 spoliamus
534 2160 576 2182 ac
594 2148 755 2192 priuatos
767 2149 1022 2184 denuntiamus
1037 2150 1114 2194 ipso
1132 2151 1238 2185 facto.

219 2204 373 2249 Signum
390 2203 608 2238 serenissimi
626 2203 802 2248 principis
820 2208 855 2239 et
878 2205 1015 2239 domini
1040 2205 1167 2240 Karoli
1191 2206 1324 2250 quarti,
1344 2206 1592 2242 Romanorum
1615 2207 1806 2253 imperato-

174 2260 224 2296 ris
241 2259 470 2295 inuictissimi
490 2262 525 2294 et
540 2259 803 2304 gloriosissimi,
823 2261 993 2296 Boemiae
1010 2261 1117 2306 regis.

219 2316 343 2351 Testes
366 2315 475 2350 huius
500 2314 552 2349 rei
577 2318 661 2350 sunt
685 2315 1008 2351 reuerendissimus
1032 2317 1070 2352 in
1097 2318 1240 2353 Christo
1265 2321 1366 2362 pater
1388 2319 1554 2354 dominus
1573 2320 1700 2362 Guido,
1726 2323 1812 2357 Por·

173 2371 309 2408 tuensis
333 2372 533 2416 episcobus,
559 2384 587 2406 S.
614 2371 801 2407 Romanae
830 2372 1003 2408 ecclesiae
1031 2374 1237 2416 cardinalis,
1268 2387 1334 2419 pro
1362 2375 1547 2411 maiestate
1576 2377 1749 2411 Caesarea
1776 2378 1814 2413 in

174 2427 338 2473 partibus
361 2427 489 2462 Italiae
513 2427 633 2462 locum
658 2430 783 2462 tenens
799 2431 833 2462 et
859 2428 1039 2472 generalis
1056 2430 1236 2473 vicarius3
1256 2431 1472 2465 venerabilis
1489 2432 1671 2466 ,lohannes
1689 2434 1810 2467 Olmu-

175 2483 303 2523 censis,
330 2482 530 2528 imperialis
558 2487 700 2518 nostrae
729 2483 834 2518 aulae
863 2485 1114 2525 cancellarius,
1143 2486 1355 2529 Lampertus
1380 2486 1570 2530 Spirensis,
1589 2487 1810 2522 wilhelmus

175 2539 343 2574 Lucanus
359 2543 394 2574 et
410 2538 593 2573 ,Iohannes
611 2537 825 2581 Spoletanus
847 2539 1081 2574 ecelesiarum
1103 2540 1259 2584 episcopi
1277 2554 1285 2583 ς
1312 2541 1469 2576 illustres
1487 2542 1669 2585 Rupertus
1687 2543 1808 2587 Ligni-

174 2594 289 2629 censis
316 2597 352 2629 et
382 2593 561 2628 Henrieus
593 2592 784 2627 Lituaniae
816 2593 946 2637 duces3
979 2594 1162 2628 Joliaiines
1195 2596 1378 2631 Boleslaus
1409 2597 1597 2631 Morauiae
1628 2598 1803 2636 marchio,

173 2649 379 2694 spectabilis
402 2648 608 2683 Matthaeus
624 2649 667 2683 de
686 2648 842 2683 Brilerio
865 2661 1005 2691 comes;
1030 2650 1168 2685 nobiles
1191 2651 1320 2685 Petrus
1341 2652 1384 2686 de
1401 2651 1680 2691 XVartmfflcrck
1700 2652 1807 2696 impe-

172 2705 276 2740 rialis
292 2708 435 2739 nostrae
452 2704 575 2739 curiae
592 2703 766 2748 magister
780 2718 788 2746 ;
808 2704 1010 2739 Boliuslaus
1026 2706 1070 2740 de
1083 2705 1291 2747 Williartiz,
1311 2706 1508 2750 imperialis
1526 2710 1667 2742 nostrae
1683 2708 1806 2743 curiae

174 2759 455 2801 mareschallus;
475 2759 637 2794 Andreas
653 2760 696 2794 de
712 2759 827 2801 Duba,
847 2759 1044 2803 imperialis
1061 2772 1224 2795 camerae
1241 2766 1383 2796 nostrae
1400 2762 1572 2805 magister
1587 2775 1594 2802 ς
1616 2763 1804 2797 Bencssius

173 2815 217 2850 de
230 2810 512 2855 wax-tenberck,
533 2815 766 2849 Bernhardus
788 2820 822 2849 et
844 2815 1039 2855 Jaroslaus,
1059 2817 1186 2851 fratres
1203 2817 1417 2861 burggrauii
1436 2818 1478 2852 (le
1498 2818 1622 2862 bon-vn
1639 2831 1646 2858 ς
1668 2831 1804 2853 necnon

173 2882 282 2914 quam
300 2870 420 2914 plures
435 2869 498 2904 alii
518 2870 629 2905 nostri
646 2875 681 2905 et
707 2870 847 2915 imperii
872 2871 965 2905 sacri
993 2872 1128 2906 nobiles
1145 2875 1177 2906 et
1196 2873 1338 2914 fitlelcs3
1359 2873 1598 2917 praesentium
1617 2875 1681 2907 snb
1701 2874 1805 2918 impe-

173 2925 274 2962 1'ialis
291 2929 432 2960 nostrae
451 2925 648 2961 maiestatis
665 2926 786 2970 sigillo
805 2926 1007 2962 testimonio
1026 2926 1241 2964 litterarum.
