2097 3466
833 223 966 259 ANNO
994 220 1094 259 1398
1721 221 1783 260 177

146 309 216 350 due
232 314 269 349 in
282 313 436 359 singulis
449 315 685 349 conventibus
702 315 746 349 ad
764 314 831 349 1100.
850 315 965 357 magis
982 318 1063 358 apte
1082 315 1257 358 psalmum
1277 313 1456 348 Miserere
1471 318 1506 349 et
1523 314 1612 349 alios
1630 314 1784 358 psalmos

147 380 236 413 quos
259 369 379 404 sciunt
395 372 431 403 et
457 369 534 403 Ave
551 370 679 403 Maria
705 369 831 413 legunt
854 372 988 412 aperte.
1011 381 1081 403 una
1107 380 1218 403 111111111
1244 380 1398 407 versum.
1417 370 1489 404 alia
1513 371 1638 412 alium,
1658 370 1786 405 ceteris

149 435 231 458 cum
249 423 300 457 eis
328 423 437 458 tacite
454 423 658 467 legentibus
676 424 731 457 vel
745 424 789 458 ad
815 435 857 458 ea
875 435 966 467 quae
995 423 1119 467 legunt
1138 423 1405 457 attendentibus
1423 424 1629 468 diligenter.
1650 426 1690 460 In
1707 438 1786 460 sero

149 489 234 513 vero
252 481 330 522 post
347 489 512 522 vesperas
528 479 717 513 ecclesiam
736 479 995 522 ingrediuntur
1012 482 1179 512 vacantes
1197 477 1421 512 orationibus
1443 485 1477 513 ct
1495 481 1786 516 meditationibus

149 544 348 577 quousque,
367 534 462 567 sacto
479 533 596 577 signo,
616 534 660 568 ad
680 534 836 577 quietem
864 538 1105 568 revertantur.
1127 532 1325 567 Dominicis
1342 533 1467 567 diebus
1486 546 1569 569 vero
1586 540 1618 570 et
1639 536 1785 575 testivis,

150 587 268 623 missis
291 592 327 623 et
343 588 580 628 sermonibus,
600 589 826 623 orationibus
843 602 883 622 11(-
902 588 1196 623 meditationibus
1222 588 1423 622 insistentes
1451 590 1603 624 [hunino
1620 591 1787 625 devotum

150 643 188 677 in
205 642 373 677 omnibus
389 643 560 678 exhibent
579 644 806 683 famulatum,
827 656 890 678 nec
909 644 1078 686 cuiquam
1097 643 1167 677 hiis
1183 643 1310 677 diebus
1325 644 1424 677 exire
1441 644 1579 679 curiam
1598 646 1698 680 licuit
1714 646 1790 680 sine

151 697 325 743 magistre
342 698 554 742 principalis
571 698 717 733 licentia
735 699 894 743 speciali.

195 754 248 788 De
262 757 460 798 asperitate
478 757 549 787 vile
566 766 708 788 (ἀνιιηι.
727 756 894 789 Ceterum
908 755 951 789 (10
965 754 1181 789 abstinentia
1195 754 1266 788 cibi
1285 759 1317 789 ct
1337 758 1440 798 potus
1459 756 1569 789 11111113
1587 756 1790 790 (111-00011011

153 812 304 853 oportet,
325 821 407 843 cum
421 809 543 852 plures
556 821 681 843 earum
700 822 826 853 grosso
844 822 934 853 pane
950 814 985 844 et.
1003 810 1198 853 pulmento,
1218 810 1311 853 quod
1331 810 1367 844 in
1385 810 1539 853 singulis
1556 812 1792 846 conventibus

153 863 286 898 liabent
304 875 508 903 commune,
528 876 593 907 per
617 868 731 898 totum
749 865 843 898 diem
868 864 937 898 sint
957 868 1123 898 contente
1140 868 1172 898 et
1198 863 1295 898 sitim
1313 864 1443 898 liaustu
1469 877 1561 908 aque
1578 866 1711 910 frigide
1736 867 1792 900 vel

151 917 232 952 debi
257 917 295 960 (ἔ)
311 919 464 953 servieie
482 919 598 963 magis
616 919 833 963 refrigerant
851 932 958 962 quam
986 919 1120 953 saciant
1147 920 1359 963 appetitum.
1382 920 1426 954 Iit
1442 921 1555 955 11111110
1589 920 1683 955 inter
1709 921 1788 955 illas

153 973 191 1007 in
208 984 300 1017 pane
329 977 364 1008 et
381 986 475 1017 aqua
493 975 701 1017 frequenter
725 979 991 1009 consueverunt
1010 974 1192 1017 ieiunare;
1219 974 1325 1009 lineis
1342 974 1449 1009 ctiam
1476 976 1588 1010 multe
1606 987 1731 1010 earum
1748 977 1792 1010 ad

153 1039 299 1063 earnem
317 1039 390 1063 non
409 1031 565 1063 utuntur
580 1040 645 1063 1100
658 1032 691 1062 01
710 1028 823 1067 lectis,
840 1029 899 1063 sed
917 1029 1038 1063 stratis
1055 1029 1291 1063 straminibus
1308 1041 1373 1072 pro
1390 1030 1514 1064 cubili.

196 1083 251 1117 De
264 1088 399 1117 ornatu
417 1094 547 1117 earum
565 1086 604 1116 in
619 1084 798 1117 moribus.
816 1084 859 1117 Et,
877 1083 972 1118 inter
984 1083 1050 1117 1100
1067 1083 1189 1117 01111113
1204 1083 1253 1118 113
1267 1087 1349 1118 sunt
1367 1084 1404 1118 in
1423 1084 1583 1119 moribus
1599 1086 1794 1129 composite

154 1150 196 1173 ae
220 1139 328 1174 rebus
351 1139 556 1174 domesticis
572 1139 724 1179 erudite,
751 1139 845 1182 quod
871 1150 1002 1182 magne
1027 1143 1061 1173 et
1086 1138 1233 1173 honeste
1252 1139 1345 1172 filias
1369 1151 1450 1173 suas
1466 1140 1517 1174 eis
1542 1141 1794 1176 consueverint

156 1194 299 1229 tradere
323 1193 546 1234 nutriendas,
580 1196 762 1237 sperantes
787 1194 881 1236 quod
913 1193 958 1227 ad
983 1205 1234 1237 quemcunque
1262 1197 1394 1228 statum
1424 1196 1542 1230 forent
1567 1196 1794 1239 postmodum

158 1252 282 1283 vocate
298 1247 373 1282 sive
397 1247 585 1292 religionis
608 1247 682 1281 sive
706 1247 928 1282 matrimonii
947 1247 1198 1282 invenirentur
1222 1248 1351 1282 ceteris
1373 1249 1541 1292 aptiores,
1571 1251 1658 1286 Erat
1674 1256 1794 1287 autem

159 1315 284 1338 earum
313 1303 539 1338 conversatio
571 1303 608 1337 in
639 1303 769 1337 timore
800 1304 863 1337 Dei
891 1307 924 1337 et
957 1306 1078 1337 sancte
1112 1303 1236 1337 matris
1263 1304 1414 1337 ecclesie
1446 1305 1482 1338 in
1514 1308 1667 1347 tantum,
1701 1308 1796 1350 quod

161 1370 346 1402 nunquam
363 1359 407 1393 de
429 1358 588 1402 ipsarum
608 1359 890 1402 congregatione
907 1358 1045 1401 aliquid
1063 1358 1226 1392 311(11111111
1253 1362 1303 1393 est
1328 1360 1486 1394 notabile
1504 1361 1559 1394 vel
1577 1367 1793 1405 suspectum.

202 1414 254 1447 De
285 1414 486 1458 sassi-clylia·
508 1424 578 1458 pro
603 1416 770 1447 mortuis.
800 1413 952 1454 Quando
984 1424 1069 1446 vero
1098 1412 1256 1455 aliquam
1282 1414 1373 1447 mori
1401 1415 1565 1459 contigit,
1601 1422 1798 1451 conventus

163 1471 297 1515 singuli
323 1470 537 1514 singillatim
569 1470 676 1503 funus
708 1481 790 1502 011111
821 1469 958 1503 devotis
986 1469 1211 1502 orationibus
1241 1477 1273 1503 et
1307 1470 1491 1513 sulti-agiis
1516 1471 1721 1511 visitabant,
1755 1484 1796 1505 ac

158 1526 318 1570 quelibet
334 1536 400 1569 pro
423 1525 495 1559 alia
512 1529 657 1559 mortua
679 1525 808 1558 devota
825 1522 999 1567 suffragia
1025 1523 1254 1563 abstinentie,
1274 1523 1499 1568 vigiliarum,
1527 1527 1746 1569 psalmorum
1764 1531 1798 1562 et

155 1581 374 1621 orationum,
395 1584 435 1615 ut
451 1581 652 1620 tenebatur,
671 1579 907 1623 persolvebat.

198 1637 251 1670 De
285 1635 406 1670 colore
448 1639 601 1669 vestium
640 1640 671 1667 ct
702 1635 838 1678 forma.
881 1635 922 1669 In
961 1635 1082 1669 colore
1113 1635 1266 1670 vestium
1307 1639 1341 1670 ct
1381 1636 1497 1670 forma
1538 1647 1661 1671 omnes
1696 1641 1797 1671 crant

155 1691 366 1732 uniformes,
408 1695 447 1726 ut
483 1702 547 1734 per
581 1690 649 1725 1100
689 1691 734 1724 ab
773 1690 855 1724 aliis
893 1690 1061 1725 distincte
1100 1695 1264 1734 suspecta
1303 1703 1443 1734 queque.
1483 1691 1598 1726 vitare
1636 1692 1797 1727 strictius

155 1750 384 1792 cogerentur.
405 1747 621 1781 Deferebant
639 1745 734 1780 enim
753 1745 918 1780 habitum
946 1746 1054 1790 grisei
1074 1745 1205 1780 coloris
1223 1750 1256 1781 et
1274 1746 1423 1780 humilis
1442 1747 1627 1790 fermeque
1644 1747 1745 1781 rudis
1761 1752 1796 1782 et

152 1803 190 1837 in
222 1803 351 1844 forma,
384 1805 522 1843 sutura,
563 1801 760 1842 succincta,
795 1801 998 1845 capitegiis,
1033 1801 1198 1844 caputiis,
1233 1801 1410 1841 cirotecis,
1448 1814 1468 1836 11
1487 1802 1580 1843 uflis,
1613 1802 1793 1846 corrigiis,

154 1858 272 1893 bursis
284 1862 320 1893 et
333 1857 490 1892 cultellis
507 1856 621 1891 nichil
635 1856 806 1899 cuiquam
825 1856 929 1890 licuit
943 1856 1077 1890 habere
1096 1857 1253 1891 notabile
1270 1857 1325 1891 vel
1339 1857 1535 1891 curiosum.

197 1914 250 1947 De
288 1915 472 1958 reyimine
511 1917 542 1946 et
583 1915 816 1946 correctione.
863 1911 1043 1956 Regimen
1083 1911 1271 1955 hospitalis
1310 1911 1470 1955 predicte
1508 1914 1625 1948 tenuit
1663 1925 1736 1948 una
1773 1926 1794 1948 a

153 1968 429 2014 magistratibus
443 1968 743 2003 conventualibus
761 1967 958 2008 nominata,
979 1978 1047 2010 que
1066 1967 1239 2010 magistra
1258 1967 1468 2011 principalis
1487 1967 1588 2002 curie
1604 1968 1794 2002 dicebatur

152 2024 210 2059 vel
227 2035 361 2068 magna
376 2023 563 2068 magistra,
592 2035 660 2066 que
677 2022 832 2067 singulis
848 2022 965 2063 annis,
990 2022 1132 2056 reddito
1149 2027 1326 2066 compoto,
1346 2023 1543 2057 secundum
1569 2023 1791 2058 voluntatem

152 2080 332 2114 dictarum
371 2078 630 2123 magistrarum
667 2078 965 2112 conventualium
1001 2077 1150 2111 retineri
1186 2078 1242 2112 vcl
1283 2078 1443 2112 amoveri
1484 2089 1504 2111 a
1540 2077 1637 2112 (11010
1673 2078 1792 2112 officio

152 2133 362 2175 consuevit3
387 2136 423 2167 et
446 2133 523 2177 ipsa
540 2133 578 2167 in
603 2133 759 2178 singulis
783 2132 1022 2168 conventibus
1039 2132 1232 2176 magistras
1260 2133 1516 2167 conventuales
1542 2133 1725 2167 ordinavit
1748 2133 1791 2167 de

151 2191 396 2222 conventuum
415 2191 450 2222 et
466 2189 662 2231 proborum
691 2188 843 2222 consilio
859 2191 895 2222 et
918 2199 1084 2230 assensu3
1103 2191 1137 2221 et
1155 2187 1297 2222 nonnisi
1322 2188 1366 2222 de
1383 2187 1530 2222 licentia
1546 2191 1581 2222 et
1605 2188 1790 2222 voluntate

151 2242 245 2277 dicte
269 2241 442 2285 magistre
475 2242 686 2286 principalis
710 2241 814 2276 licuit.
837 2241 946 2276 alicui
974 2242 1011 2275 in
1035 2242 1132 2275 (11010
1156 2242 1235 2276 1000
1259 2241 1428 2276 edificare
1460 2247 1494 2277 et
1519 2243 1702 2278 destruere
1734 2243 1788 2277 vel

151 2298 271 2332 locum
289 2297 375 2332 dare
392 2297 448 2332 vel
465 2298 651 2341 assignare
669 2297 706 2331 in
723 2309 922 2340 coeumque
939 2301 1130 2331 conventu.
1158 2297 1212 2331 Ad
1230 2297 1343 2340 ipsam
1362 2301 1395 2332 et
1413 2299 1595 2341 spectabat
1612 2298 1788 2333 correctio

151 2351 441 2396 delinquentium
466 2356 591 2386 eontra
608 2351 809 2386 laudabiles
837 2351 1084 2386 observantias
1101 2351 1188 2385 dicti
1213 2351 1295 2392 loci,
1316 2355 1353 2386 ut.
1372 2364 1435 2395 per
1457 2353 1674 2388 actationem
1692 2352 1787 2387 infra

151 2407 291 2442 curiam
317 2408 373 2442 vel
402 2418 466 2451 per
488 2407 760 2442 translationem
786 2418 935 2450 persone
959 2407 1091 2442 denno
1117 2410 1294 2441 conventu
1323 2408 1367 2441 ad
1393 2408 1506 2442 alium
1533 2409 1589 2443 vel
1613 2420 1677 2452 per
1697 2408 1788 2442 alias

152 2473 260 2506 penas
276 2463 482 2497 consimiles
505 2462 609 2496 viciis
625 2462 800 2503 obviaret,
819 2463 875 2497 vel
899 2474 963 2506 per
979 2463 1125 2497 totalem
1150 2462 1396 2505 expulsionem
1415 2463 1565 2497 membri
1591 2464 1726 2507 putridi
1743 2464 1786 2498 de

151 2516 255 2551 curia
283 2529 414 2562 corpus
437 2517 621 2552 residuum
650 2529 671 2551 a
696 2517 907 2551 confusione
937 2520 972 2551 et
1001 2516 1190 2560 putredine
1217 2523 1502 2560 preservaretur;
1528 2519 1622 2552 unde
1646 2522 1680 2553 et
1708 2519 1784 2553 sine

151 2572 312 2607 eiusdem
330 2573 480 2607 licentia
496 2573 587 2606 nulli
606 2572 710 2607 licuit
726 2585 747 2606 a
765 2573 867 2607 curia
883 2572 944 2606 ‹liu
964 2573 1086 2606 abesse
1103 2573 1158 2606 vel
1176 2572 1212 2606 in
1231 2572 1316 2606 villa
1343 2578 1566 2616 pernoctare.
1586 2574 1672 2609 Item
1693 2575 1782 2609 nulli

151 2627 256 2663 licuit
279 2632 314 2662 et
337 2628 383 2662 ad
406 2627 534 2662 horam
565 2628 664 2662 exire
689 2627 828 2662 curiam
853 2628 930 2663 sine
954 2627 1126 2672 magistre
1151 2628 1402 2662 conventualis
1432 2629 1578 2663 licentia
1609 2630 1754 2673 speciali
1774 2643 1782 2671 3

152 2682 287 2718 habens
304 2694 390 2718 vero
407 2683 591 2718 licentiam
607 2683 683 2717 sola
708 2683 760 2717 ire
786 2694 856 2717 non
871 2683 1007 2723 debuit,
1027 2683 1087 2717 sed
1102 2694 1182 2717 011111
1203 2695 1272 2717 11113
1286 2683 1382 2717 socia
1400 2684 1454 2718 vel
1474 2685 1636 2727 pluribus
1661 2686 1704 2720 de
1719 2698 1784 2719 suo

151 2740 332 2773 conventu
348 2738 538 2772 dumtaxat
553 2737 759 2781 assumptis.
777 2738 956 2773 Exeuntes
971 2749 1056 2772 vero
1081 2750 1222 2772 necesse
1246 2738 1425 2773 habebant
1444 2738 1479 2773 in
1497 2740 1664 2774 omnibus
1681 2741 1783 2776 moti-

152 2794 218 2828 bus
234 2793 308 2828 suis
328 2797 365 2828 et
396 2793 484 2828 loeis
508 2797 542 2828 et
572 2793 732 2836 personis
757 2804 983 2837 quecumque
1010 2798 1175 2837 suspecta
1192 2793 1326 2832 vitare:
1352 2795 1438 2836 quin
1465 2799 1590 2830 contra
1614 2795 1784 2831 facientes

151 2859 260 2892 super
283 2847 354 2882 hiis
382 2847 530 2888 monite,
558 2847 626 2881 nisi
655 2846 776 2882 statim
800 2847 1030 2888 destitissent,
1065 2847 1162 2882 omni
1187 2847 1315 2882 solatio
1343 2848 1443 2882 curie
1469 2849 1715 2892 privabantur.

195 2903 248 2937 De
265 2905 414 2938 notione
429 2902 511 2938 Ioci.
533 2902 638 2937 Hune
655 2902 775 2938 locum
799 2903 916 2938 almus
933 2905 1114 2939 consessor
1132 2902 1312 2947 piissimus
1334 2915 1395 2938 rex
1419 2907 1563 2938 sanctus
1581 2903 1784 2938 Ludovicus

1680 2985 1718 3016 12
