2097 3466
297 285 360 320 316
978 285 1110 321 ANNO
1136 288 1235 321 1430

971 387 1071 420 4429.
1095 385 1245 431 Coppie.

343 438 532 482 Phelippe,
558 439 628 474 duc
659 439 703 474 de
733 439 991 485 Bourgongne,
1016 445 1121 476 conte
1151 442 1195 477 de
1224 442 1394 484 Flandre,
1413 441 1569 484 dArtois‚
1588 442 1631 478 de
1658 443 1918 489 Bourgongne,

300 493 438 536 palatin
452 497 486 527 et
502 493 545 527 de
565 493 713 536 Namur,
728 495 898 540 seigneur
913 496 956 530 de
974 495 1092 531 Salins
1108 500 1143 531 et
1158 496 1202 531 de
1218 496 1382 532 Malines.
1393 499 1424 532 Α
1440 501 1520 532 tous
1531 497 1629 532 ceulz
1644 498 1708 541 qui
1724 509 1782 533 ces
1797 499 1921 534 lettres

299 551 458 587 verront,
475 547 580 582 salut.

342 601 488 636 Comme
512 602 684 637 reverend
709 614 792 647 pere
817 616 861 638 en
883 604 974 638 Dieu
998 607 1033 639 et
1056 607 1177 640 nostre
1208 616 1288 640 ame
1311 609 1346 640 et
1369 606 1438 640 feal
1462 605 1668 641 conseillier
1689 605 1856 649 levesque
1877 607 1922 642 de

298 656 470 699 Toumay
486 659 520 690 et
537 668 642 700 auffiy
658 662 778 692 nostre
795 657 970 693 treschier
993 663 1029 693 et
1051 659 1135 694 bien
1152 670 1231 694 ame
1255 672 1298 694 en
1323 660 1414 695 Dieu
1438 661 1509 695 sire
1526 661 1698 695 Lambert
1712 661 1756 696 de
1772 660 1919 706 Campo,

297 710 434 744 vicaire
459 710 504 745 de
531 710 764 754 linquisiteur
786 713 830 747 de
853 713 888 747 la
912 714 983 756 foy,
1000 719 1144 749 eussent
1165 714 1358 758 naguaires
1381 726 1446 759 par
1462 716 1542 750 leur
1568 715 1859 759 appoinctement
1874 727 1922 751 ou

298 769 466 800 sentence
483 767 706 810 condempne
721 779 742 801 a
758 768 931 812 punicion
943 768 1091 803 dardoir
1106 780 1245 803 comme
1260 769 1402 805 hereses
1418 773 1542 804 contre
1556 770 1592 804 13
1608 770 1676 805 fois
1695 769 1922 806 chrestienne

300 819 465 855 Wattier
475 821 509 855 le
526 821 670 856 Maiuer
693 822 747 856 dit
765 822 797 857 le
813 823 960 865 Noleur,
979 823 1099 858 Jehan
1124 824 1168 857 de
1190 823 1328 865 Menin,
1343 823 1461 859 Jehan
1484 824 1728 869 Desgoutiers‚
1751 825 1923 860 Bertrant

297 875 331 908 le
347 874 515 910 Marcant
530 879 565 910 et
578 877 724 918 aultres,
740 881 775 911 et
790 890 852 912 sur
869 882 903 912 et
919 882 1044 912 contre
1065 879 1142 913 81115
1158 891 1194 913 58
1210 879 1302 913 feust
1319 879 1478 913 ensuivie
1494 879 1683 914 execution
1699 883 1734 914 et
1749 878 1924 922 punieion

297 929 463 972 dardoir3
483 941 527 964 en
544 931 675 965 faisant
691 931 845 974 laquelle
860 933 1168 976 condempnacion
1184 933 1270 967 lesd.
1286 933 1457 968 reverend
1472 944 1556 976 pere
1572 945 1616 968 en
1633 933 1724 968 Dieu
1737 936 1773 968 et
1787 933 1924 969 vicaire

299 984 403 1018 dudit
418 984 637 1027 inquisiteur
653 991 796 1020 eussent
811 987 954 1021 declare
969 987 1022 1021 les
1038 987 1139 1021 biens
1155 987 1315 1021 meubles
1329 987 1426 1021 desd.
1445 987 1586 1022 hereses
1601 991 1694 1022 estre
1708 987 1923 1031 confisquies
1973 1016 1976 1019 ,

300 1049 346 1071 311
359 1038 476 1072 droict
492 1038 535 1072 de
552 1039 678 1083 leglise
701 1045 736 1074 et
759 1041 803 1075 de
825 1041 951 1075 l’office
974 1042 1017 1075 de
1040 1041 1269 1085 linquisition
1293 1045 1328 1076 et
1349 1042 1400 1076 les
1423 1042 1622 1077 inmeubles
1635 1053 1682 1077 311
1697 1043 1836 1086 fisque;
1861 1053 1924 1078 sur

299 1093 449 1126 couleur
465 1093 508 1127 de
521 1105 616 1137 quoy
633 1106 721 1129 nous
734 1095 894 1129 eussions
910 1096 976 1130 fait
990 1096 1096 1130 saisir
1108 1100 1143 1130 et
1161 1100 1295 1130 mectre
1311 1107 1355 1131 en
1372 1100 1492 1131 nostre
1508 1095 1607 1130 main
1629 1096 1681 1131 les
1703 1095 1805 1131 biens
1826 1107 1923 1131 meu-

300 1148 376 1182 bles
389 1152 424 1183 et
439 1148 567 1183 heritai
573 1161 636 1193 ges
652 1151 841 1185 demourez
858 1162 903 1186 ou
918 1151 1086 1186 delaissez
1102 1152 1198 1186 desd.
1217 1151 1376 1194 hereses;
1397 1153 1482 1186 dont
1498 1162 1555 1185 ces
1568 1151 1691 1185 choses
1707 1150 1808 1195 ainsy
1819 1150 1925 1186 faites

300 1207 335 1236 et
362 1213 518 1237 avenues
541 1215 606 1237 noz
629 1204 713 1238 bien
736 1216 834 1239 amez
858 1205 909 1240 les
932 1205 1118 1240 eschevins
1141 1206 1185 1239 de
1208 1209 1330 1240 nostre
1352 1205 1438 1240 ville
1461 1206 1505 1240 de
1530 1205 1623 1239 Lille
1645 1215 1737 1249 pour
1761 1205 1856 1246 eulx,
1873 1204 1926 1240 les

299 1267 450 1290 manans
467 1261 502 1291 et
518 1257 727 1292 inhabitans
752 1259 882 1293 dicelle
906 1264 940 1293 et
963 1270 1054 1302 pour
1077 1263 1159 1294 tous
1181 1260 1286 1294 ceulx
1309 1270 1381 1303 quy
1405 1270 1515 1302 avecq
1532 1259 1616 1293 eulx
1637 1271 1675 1294 se
1697 1258 1927 1295 vouldroient

301 1311 466 1352 adherer,
479 1317 621 1346 eussent
634 1313 718 1346 dud.
729 1313 1022 1356 appoinctement
1031 1325 1076 1348 ou
1090 1318 1257 1349 sentence
1271 1314 1411 1357 appelle
1424 1325 1469 1347 au
1486 1313 1581 1348 saint
1592 1313 1691 1357 siege
1702 1313 1746 1348 de
1759 1313 1924 1356 Romme,

301 1379 322 1401 a
349 1378 446 1410 quoy
479 1368 530 1403 les
560 1372 700 1403 tuteurs
724 1374 758 1403 et
783 1373 973 1404 curateurs
1000 1369 1062 1404 des
1090 1371 1227 1404 enffans
1254 1370 1488 1404 menresdans
1511 1370 1556 1412 (1)
1587 1369 1672 1404 dud.
1690 1370 1750 1404 seu
1764 1368 1927 1405 Wattier

300 1421 536 1457 sadhererent
547 1422 621 1457 lors
634 1423 835 1465 deuement,
848 1435 911 1457 sur
926 1435 1020 1466 quoy
1034 1423 1078 1457 ils
1090 1428 1233 1458 eussent
1249 1427 1283 1458 et
1298 1427 1405 1467 ayent
1417 1435 1460 1458 eu
1475 1423 1684 1467 apposteles,
1702 1427 1737 1458 et
1752 1422 1929 1458 amcoires

299 1477 469 1520 nagaires
492 1477 536 1511 de
560 1481 675 1520 temps
699 1488 720 1510 3
743 1478 835 1512 lesd.
863 1482 1020 1512 tutteurs
1045 1482 1080 1512 et
1103 1483 1292 1512 curateurs
1319 1478 1474 1513 desdictz
1519 1477 1657 1512 enffans
1696 1477 1929 1513 menresdans

299 1531 488 1565 demourez
500 1532 571 1565 dud
582 1554 591 1563 .
614 1533 671 1566 seu
689 1531 851 1567 Wattier
868 1536 1009 1567 eussent
1025 1533 1166 1576 appelle
1182 1533 1225 1567 de
1242 1533 1352 1567 Gillet
1367 1533 1411 1567 de
1426 1533 1461 1567 le
1477 1532 1587 1567 Valee
1601 1543 1650 1567 ou
1665 1532 1784 1567 aultre
1806 1535 1928 1568 nostre

300 1591 459 1629 sergent,
484 1587 547 1630 qui
565 1587 703 1622 vouloit
727 1592 970 1623 aucunement
993 1589 1168 1632 proceder
1190 1601 1212 1623 3
1235 1589 1425 1624 execution
1448 1599 1510 1623 sur
1532 1589 1585 1623 les
1607 1588 1709 1624 biens
1731 1588 1929 1624 dellaissiez

299 1640 443 1684 diceluy
459 1642 517 1675 feu
534 1640 712 1676 Wattier.

345 1697 391 1730 Et
406 1697 532 1740 depuis
547 1708 639 1740 pour
655 1698 780 1732 obviet·
795 1709 817 1732 a
829 1702 947 1734 toutes
963 1699 1146 1743 questions
1163 1703 1198 1734 et
1214 1711 1339 1743 proces
1355 1699 1527 1744 rigoreux
1557 1700 1662 1734 nosd.
1684 1698 1871 1734 eschevins
1893 1701 1929 1734 et

302 1763 389 1786 avec
406 1752 482 1786 81115
498 1763 637 1787 comme
660 1753 838 1788 adherens
855 1765 899 1788 en
915 1758 1010 1789 ceste
1033 1755 1221 1798 partie-les
1235 1758 1380 1798 quattre
1401 1754 1507 1788 1131115
1526 1754 1712 1798 justiciers
1735 1757 1770 1789 et
1793 1753 1930 1788 aultres

302 1806 466 1840 vassaulx
484 1818 575 1850 pour
591 1807 674 1841 eulx
691 1812 727 1842 et
741 1809 876 1843 aultres
892 1820 1043 1844 manans
1059 1814 1093 1844 et
1108 1809 1293 1844 adheritez
1311 1820 1355 1844 811
1370 1809 1503 1843 ladicte
1526 1808 1614 1843 ville
1638 1812 1673 1843 et
1694 1807 1942 1844 chastelleniev

301 1861 345 1895 de
360 1860 454 1894 Lille
471 1871 560 1895 nous
573 1867 716 1896 eussent
732 1861 785 1896 dit
799 1866 835 1897 et
850 1867 1050 1897 remonstre
1066 1874 1136 1906 que
1149 1874 1215 1907 par
1231 1863 1311 1897 leur
1325 1862 1535 1906 previleges,
1554 1862 1663 1904 droiz,
1677 1861 1766 1904 loix,
1781 1861 1929 1897 libertez

303 1919 337 1949 et
354 1914 554 1949 franchises
584 1916 736 1950 aulcuns
766 1917 1047 1961 quelzconcques
1063 1929 1108 1952 ne
1124 1918 1246 1961 povoit
1270 1928 1319 1953 ou
1342 1917 1463 1952 devoit
1479 1927 1570 1960 pour
1588 1916 1852 1960 quelconcques
1869 1926 1930 1951 cas

301 1970 363 2013 qui
382 1971 453 2004 fust
469 1981 508 2004 ce
525 1971 742 2014 confisquier
757 1972 790 2006 le
806 1972 889 2007 bien
903 1984 1010 2016 avecq
1029 1974 1062 2007 le
1078 1985 1182 2016 corps
1205 1977 1240 2007 et
1262 1985 1332 2016 que
1347 1973 1391 2007 de
1405 1976 1487 2006 tous
1508 1972 1606 2006 drois
1628 1972 1672 2006 de
1695 1970 1930 2006 confiscation

304 2024 388 2058 eulx
406 2029 440 2058 et
456 2025 553 2059 leurs
569 2026 839 2069 predecesseurs
856 2027 1000 2061 avoient
1014 2032 1087 2062 este
1101 2032 1186 2062 tenu
1202 2032 1237 2062 et
1248 2026 1435 2062 maintenu
1450 2026 1704 2069 frans,quittes
1718 2029 1754 2060 et
1768 2027 1930 2069 exempts

303 2083 337 2113 et
354 2091 416 2113 sur
431 2091 470 2114 ce
488 2081 659 2115 demoure
674 2081 843 2124 paisibles
859 2082 902 2116 de
914 2085 1014 2116 toute
1026 2082 1265 2117 anchiennete
1276 2086 1424 2126 jusques
1437 2093 1481 2116 au
1491 2084 1636 2125 present
1645 2090 1728 2116 sans
1736 2079 1816 2115 leur
1826 2079 1928 2114 avoir

304 2138 377 2168 este
393 2146 456 2168 sur
469 2147 509 2169 ce
525 2136 590 2169 fait
606 2147 651 2169 ou
668 2136 738 2170 mis
752 2137 1041 2180 empeschement
1056 2149 1100 2171 au
1119 2137 1312 2178 contraire,
1324 2148 1519 2180 requerans
1531 2148 1552 2170 3
1565 2140 1674 2180 grant
1685 2135 1848 2170 instance
1858 2146 1929 2178 que

306 2200 396 2223 nous
423 2190 475 2223 les
498 2190 731 2224 voulsissions
762 2203 824 2225 sur
847 2203 887 2225 ce
913 2192 1112 2226 entretenir
1141 2203 1186 2226 811
1212 2192 1350 2226 leursd.
1372 2192 1584 2235 previlems,
1603 2190 1714 2231 droiz,
1729 2190 1878 2225 libertez
1893 2192 1929 2225 et

305 2243 504 2277 franchises
521 2244 752 2285 anchiennes,
769 2245 888 2280 dis-ans
904 2257 973 2288 que
989 2245 1081 2280 ainsi
1097 2246 1177 2281 leur
1200 2246 1348 2281 devions
1370 2246 1472 2286 faire,
1491 2249 1527 2280 et
1541 2256 1646 2289 aussy
1669 2244 1760 2279 faire
1779 2244 1878 2279 lever
1891 2243 1930 2278 la

304 2298 404 2332 main
421 2298 513 2332 ainsi
529 2299 618 2334 mise
632 2305 666 2334 et
684 2300 793 2334 355158
807 2312 873 2344 par
890 2312 980 2335 nous
995 2301 1098 2336 ausd.
1120 2302 1221 2336 biens
1236 2302 1395 2337 meubles
1408 2305 1443 2336 et
1454 2301 1670 2336 inmeubles.

350 2355 380 2387 A
397 2365 493 2398 quoy
505 2354 593 2388 lesd.
612 2356 786 2390 reverend
804 2367 890 2399 pere
904 2368 949 2391 en
964 2355 1056 2391 Dieu
1080 2361 1115 2391 et
1138 2357 1356 2400 inquisiteur
1371 2361 1407 2392 et
1421 2368 1527 2400 aussy
1542 2367 1608 2391 noz
1621 2367 1711 2400 gens
1725 2357 1761 2390 et
1774 2354 1930 2390 officiers
1975 2375 1980 2380 ·

308 2419 399 2452 pour
419 2421 509 2443 nous
526 2413 561 2443 et
575 2421 619 2443 en
637 2414 757 2444 nostre
774 2421 857 2445 nom
875 2416 1016 2446 eussent
1038 2412 1226 2447 maintenu
1241 2413 1275 2447 18
1291 2412 1473 2447 contraire
1489 2416 1524 2446 et
1538 2411 1622 2446 lesd.
1642 2410 1744 2446 biens
1769 2410 1930 2446 meubles

306 2462 431 2496 devoir
446 2463 636 2497 demourer
661 2464 876 2507 confisquier
889 2477 935 2500 au
949 2465 1045 2500 droit
1057 2467 1100 2500 de
1112 2466 1239 2510 leglise
1255 2472 1289 2502 et
1302 2478 1323 2500 a
1337 2467 1464 2502 l’office
1479 2467 1522 2501 de
1536 2465 1764 2509 linquisition
1775 2467 1810 2499 et
1818 2475 1929 2508 avecq

307 2527 347 2550 ce
363 2516 412 2551 les
431 2517 533 2551 biens
548 2517 750 2552 inmeubles
765 2519 891 2553 devoir
906 2520 1097 2554 demourer
1113 2531 1159 2554 au
1177 2521 1288 2563 fisque
1305 2532 1350 2554 au
1367 2520 1464 2554 droit
1479 2520 1522 2554 de
1538 2519 1637 2554 ceulz
1651 2530 1724 2563 quy
1741 2529 1782 2553 ce
1805 2528 1928 2562 regar-

309 2570 396 2611 doit,
430 2582 522 2614 pour
538 2583 579 2607 ce
592 2584 661 2616 que
680 2573 757 2607 81115
773 2577 808 2608 et
824 2574 923 2608 nosd.
944 2586 1033 2619 gens
1049 2580 1084 2609 et
1098 2575 1252 2609 officiers
1268 2585 1359 2619 pour
1372 2586 1462 2609 nous
1473 2574 1628 2609 disoient
1642 2585 1712 2617 que
1726 2573 1760 2608 le
1778 2572 1930 2608 criesme

310 2707 412 2748 fault,
431 2709 525 2743 clerc
541 2710 601 2744 des
618 2711 738 2745 lettres
755 2711 798 2745 de
815 2711 936 2746 baillie
952 2712 995 2746 de
1011 2714 1104 2746 ceste
1119 2711 1216 2752 ville,
1234 2710 1336 2755 eagie
1348 2711 1392 2746 de
1408 2711 1511 2746 LXX
1527 2721 1573 2745 ou
1590 2709 1762 2753 environ;
1779 2710 1931 2745 Florens
1944 2704 1958 2711 Χ

307 2761 340 2795 18
360 2761 447 2802 Duc,
467 2774 666 2805 procureur
688 2776 733 2799 311
758 2765 855 2809 siege
871 2766 915 2800 de
939 2766 974 2800 13
995 2765 1067 2801 (1118
1080 2777 1331 2810 gouvernance
1347 2766 1403 2807 (de
1426 2765 1541 2807 Lille),
1560 2764 1662 2809 83818
1684 2765 1728 2799 (18
1743 2764 1810 2799 LX
1821 2775 1897 2799 ans.
1911 2780 1927 2794 n

309 2817 359 2859 Zij
378 2818 520 2852 werden
537 2822 609 2853 met
626 2820 784 2854 anderen
800 2820 852 2854 als
867 2820 1039 2864 getuigen
1061 2831 1285 2864 opgeroepen
1301 2820 1390 2854 door
1404 2820 1473 2854 den
1488 2829 1716 2864 gouverneur
1731 2829 1802 2853 van
1816 2817 1931 2862 Rijsel

310 2881 355 2914 op
372 2871 472 2967 138ζῗ1
489 2884 557 2906 van
574 2873 617 2908 de
633 2873 801 2920 hertogin
816 2874 934 2910 Maria
950 2886 1020 2910 van
1035 2874 1278 2919 Bourgondje,
1297 2874 1426 2918 gravin
1441 2884 1511 2908 van
1526 2873 1764 2908 Vlaanderen.

348 2924 377 2968 (l
419 2950 430 2958 .
459 2924 676 2972 inderjarig.
