2097 3466
848 216 980 251 ANNO
1006 218 1106 254 1411
1729 221 1793 256 267

160 319 290 344 nomen
307 307 590 351 Blommardina,
609 309 734 345 scribit
750 311 870 345 noster
885 310 1110 346 Merhout....
1129 313 1187 354 (1).
1209 312 1325 354 Quam
1342 323 1428 348 vero
1444 314 1565 348 noster
1580 312 1642 348 hic
1660 312 1792 349 Sellius

159 362 298 398 haeresi
321 363 408 398 huie
431 361 672 398 eliminandae
699 363 922 399 insudaverit
946 377 1108 410 quaeque
1133 366 1338 410 opprobria,
1357 366 1430 402 imo
1447 367 1542 403 vitae
1566 367 1727 412 pericula
1743 369 1788 403 ab

157 417 244 462 ipsis
270 418 461 454 haereticis
485 422 674 463 propterea
697 418 919 461 sustinuerit,
946 420 1067 456 videre
1097 424 1149 456 cst
1176 421 1214 456 in
1241 421 1335 457 libro
1363 423 1517 466 quodam
1542 426 1681 458 vetusto
1708 424 1785 459 MS.

157 472 395 509 bibliothecae
420 473 555 508 Viridis
580 473 705 515 Vallis,
732 474 794 517 qui
822 474 1034 510 inscribitur
1060 476 1291 520 Viroloyium
1318 477 1460 510 Viridis
1488 477 1616 519 Vallis,
1648 478 1709 513 ubi
1736 478 1788 513 sic

155 529 231 563 fere
257 528 413 573 legitur:
446 528 626 563 Henricus
659 529 753 564 Solle
784 530 899 564 sactus
927 534 1076 574 quartus
1104 532 1328 575 praepositus
1357 532 1493 567 Viridis
1518 532 1630 567 Vallis
1658 545 1679 567 a
1711 533 1787 568 R¹¹¹⁰

155 582 264 618 Petro
288 583 332 618 de
355 583 493 625 Ahaco,
522 584 688 628 episcopo
706 585 967 627 Cameracensi,
987 597 1050 630 per
1078 585 1215 621 litteras
1234 587 1428 630 requisitus
1454 591 1517 629 est,
1545 591 1584 623 ut
1609 600 1679 623 una
1703 601 1786 624 cum

154 637 362 680 Laurentio,
389 638 509 683 priore
538 639 577 673 111
608 639 877 681 Reimerswale‚
908 642 968 675 scd
997 641 1034 675 in
1063 641 1190 676 Rubea
1218 641 1321 677 Valle
1348 644 1507 686 professo
1535 643 1645 685 (hunc
1675 644 1785 680 etiam

113 700 124 706 ²
152 692 310 737 priorem
333 693 371 728 in
395 694 523 729 Rubea
548 694 651 729 Valle
679 694 787 730 fuisse
814 696 940 731 scribit
969 696 1098 731 Petrus
1126 696 1279 740 Impens)
1308 697 1461 733 sollicite
1489 697 1724 742 investigaret
1752 703 1787 734 ct

151 750 255 784 caute
275 751 499 784 scrutaretur
515 751 615 793 gesta
631 749 869 792 quorumdam
886 750 1163 792 haereticorum,
1183 751 1245 794 qui
1267 754 1353 786 tunc
1370 752 1550 786 Bruxellis
1567 753 1785 789 delituerant

149 806 186 838 et
207 803 287 846 sibi,
306 805 401 848 quod
428 805 520 839 forte
547 804 759 848 perciperet,
777 805 1021 841 denuntiaret.
1049 806 1120 847 Qui
1150 807 1380 842 commissum
1407 807 1475 842 sibi
1501 808 1685 852 negotium
1707 809 1786 844 dili-

148 860 356 905 gentissime
373 863 585 905 peragentes
607 861 652 895 ad
675 861 882 905 episcopum
907 861 1052 906 singula
1069 863 1282 897 retulerunt.
1303 863 1406 898 Unde
1430 864 1617 908 episcopus
1642 866 1783 901 cosdem

148 927 344 960 eorumque
359 917 488 951 fratres
504 916 550 951 ad
566 916 635 951 hoe
658 916 806 951 idoneos
823 917 1043 952 commonuit
1069 929 1133 961 per
1156 917 1307 959 litteraS,
1327 921 1367 953 ut
1388 918 1457 963 ipsi
1474 931 1538 964 per
1554 922 1665 955 totam
1683 933 1785 956 suam

146 970 337 1006 dioecesim
353 971 524 1007 adversus
539 971 747 1006 huiusmodi
773 972 987 1016 pravitatem
1005 973 1227 1009 haereticam
1243 975 1494 1018 praedicarent
1517 979 1552 1011 ct
1576 977 1653 1011 eius
1671 978 1781 1013 detes-

145 1026 272 1061 tandos
288 1025 461 1062 articulos
477 1027 620 1071 publice
637 1038 759 1061 coram
777 1027 917 1062 eunctis
935 1027 1070 1063 Christi
1088 1028 1254 1063 fidelibus
1270 1029 1504 1065 denudarent.
1521 1032 1782 1075 Appellabatur

145 1085 266 1118 autem
292 1081 451 1117 haeresis
478 1082 542 1116 illa
568 1082 767 1117 liberorum
790 1082 997 1126 spirituum.
1028 1084 1121 1118 Nam
1158 1086 1194 1119 et
1232 1087 1424 1120 sectatores
1452 1085 1551 1120 illius
1574 1086 1782 1122 huiusmodi

144 1138 348 1173 libertatem
372 1136 520 1181 spiritus
542 1137 677 1172 dabant
703 1137 741 1171 in
766 1137 991 1173 occasionem
1009 1138 1140 1179 carnis,
1160 1150 1232 1173 non
1257 1143 1423 1174 curantes
1440 1141 1630 1176 observare
1647 1146 1781 1177 statuta

143 1207 170 1229 s.
202 1193 328 1229 matris
351 1192 523 1229 ecclesiae
549 1204 614 1227 nec
641 1191 841 1237 praeceptis
865 1192 1062 1227 Dominicis
1086 1194 1232 1228 obedire
1257 1205 1322 1229 nec
1347 1198 1571 1230 sacramenta
1597 1197 1774 1239 venerari,

141 1249 203 1284 sed
219 1249 374 1293 quadam
389 1248 555 1283 libertate
571 1247 751 1282 diabolica
769 1248 952 1283 credentes
968 1247 1036 1282 sibi
1060 1247 1170 1283 licere
1186 1248 1361 1293 quidquid
1386 1250 1515 1285 liberet
1532 1252 1660 1286 facere.
1681 1252 1773 1287 Hinc

141 1303 305 1348 contigit,
324 1304 420 1348 quod
436 1304 481 1338 ab
493 1302 626 1338 eisdem
643 1302 834 1337 haereticis
857 1302 953 1337 idem
970 1302 1148 1337 Henricus
1172 1303 1271 1338 letali
1294 1304 1378 1339 odio
1394 1304 1600 1340 haberetur.
1629 1308 1721 1341 Nam
1738 1307 1777 1343 in

139 1359 344 1404 despectum
360 1358 437 1394 eius
453 1369 599 1393 carmen
616 1357 796 1401 quoddam
813 1358 1004 1401 profanum
1020 1357 1059 1392 in
1076 1358 1276 1393 Teutonico
1293 1359 1484 1394 ediderunt
1501 1363 1536 1395 ct
1559 1372 1622 1404 per
1640 1362 1776 1405 plateas

140 1414 391 1449 Bruxellenses
420 1414 714 1448 decantaverunt.
755 1412 907 1456 Insuper
937 1413 1091 1447 eundem
1122 1412 1301 1456 perimere
1341 1414 1568 1450 laborarunt.
1611 1416 1775 1457 Quodam

139 1481 266 1514 nempe
281 1470 351 1512 die,
365 1469 452 1504 dum
465 1469 559 1504 idem
575 1468 753 1503 Henricus
770 1468 952 1503 Bruxellis
968 1468 1014 1502 ad
1032 1468 1197 1503 Viridem
1215 1469 1356 1504 Vallem
1375 1471 1606 1507 contenderet
1623 1475 1658 1507 et
1674 1473 1776 1509 iuxta

138 1537 285 1562 currum
302 1527 508 1568 monasterij
535 1524 748 1565 ambularet,
772 1523 947 1558 haeretici
975 1523 1124 1558 insidias
1154 1528 1364 1568 posuerunt.
1394 1526 1556 1570 Cumque
1583 1528 1629 1562 ad
1656 1529 1776 1565 locum

135 1580 350 1616 insidiarum
377 1580 587 1620 devenisset,
613 1578 668 1614 illi
693 1579 736 1614 de
764 1578 925 1613 latibulis
950 1578 1177 1622 prosilientes
1206 1579 1244 1613 in
1285 1591 1368 1614 eum
1396 1580 1570 1625 impetum
1598 1584 1772 1626 fecerunt,

135 1635 254 1681 ipsum
277 1635 478 1680 evaginatis
500 1634 631 1680 gladiis
655 1634 858 1670 interficere
875 1633 1073 1669 molientes,
1094 1633 1164 1669 Sed
1187 1633 1260 1675 ille,
1282 1634 1430 1670 iuvante
1450 1637 1536 1678 Deo,
1556 1640 1629 1672 tam
1653 1639 1772 1675 subito

137 1691 182 1726 de
203 1702 329 1726 eorum
356 1689 470 1725 oculis
495 1689 733 1733 manibusque
761 1688 920 1731 evanuit,
946 1691 986 1723 ut
1016 1688 1134 1723 socius
1161 1689 1305 1724 itineris
1334 1691 1358 1724 f.
1390 1690 1596 1734 Marcellus,
1616 1705 1773 1736 quanam

137 1745 288 1791 fugisset
310 1745 494 1790 ignOrans,
520 1745 633 1780 donec
655 1744 785 1780 timeus
808 1747 844 1779 et
866 1746 1012 1787 stupens
1037 1744 1248 1779 Bruxellam
1277 1745 1418 1780 rediens
1444 1746 1562 1790 ipsum
1585 1760 1712 1784 sanum
1736 1754 1772 1786 et

136 1800 354 1835 incolumem
370 1800 446 1835 illic
476 1800 666 1836 inveniret.
701 1799 866 1834 Praefuit
895 1802 1017 1834 autem
1051 1800 1323 1844 praepositurae
1353 1801 1490 1837 Viridis
1521 1803 1636 1838 Vallis
1666 1806 1770 1840 anuis

136 1854 263 1897 tribus,
281 1856 424 1899 quando
451 1868 495 1891 ex
518 1856 568 1891 IV
592 1855 794 1900 praeposito
822 1855 937 1890 factus
970 1858 1022 1890 est
1049 1855 1187 1900 primus
1213 1856 1314 1900 prior
1336 1858 1530 1901 praelatus.
1549 1860 1604 1895 Ita
1628 1862 1702 1896 fere
1726 1863 1771 1898 ad

135 1911 286 1946 verbum
301 1910 341 1946 in
356 1910 452 1947 dicto
475 1911 677 1956 Viroloyz'o.

482 1986 514 2021 J.
542 1987 712 2021 Latomus
738 1997 783 2021 en
811 1985 844 2020 J.
875 1985 1116 2031 Hoybergius,
1139 1985 1406 2029 Corsendonca,
1434 1989 1501 2025 blz.
1521 1992 1573 2031 84,
1594 1993 1706 2027 86-88.
1725 2011 1769 2018 -

526 2041 739 2076 Mastelinus
761 2041 890 2076 vertelt
912 2041 1086 2077 hetzelfde
1110 2044 1181 2077 wat
1208 2043 1332 2078 korter
1355 2043 1393 2078 in
1410 2046 1480 2087 zijn
1502 2045 1768 2091 Necroloqium

538 2096 679 2130 Viridis
704 2096 833 2138 Vallis,
853 2097 919 2131 blz.
951 2099 991 2131 91
1016 2108 1061 2132 en
1088 2100 1141 2132 92.
1173 2098 1234 2132 Zie
1262 2099 1333 2133 ook
1366 2110 1452 2134 over
1480 2100 1643 2135 Hendrik
1673 2101 1768 2138 Selle

527 2151 719 2193 Sanderus,
741 2151 1021 2196 Choroyraphz'a
1043 2163 1154 2188 sacra
1180 2153 1420 2196 Brabantz'ae,
1440 2155 1518 2190 decl
1538 2156 1584 2197 II,
1604 2157 1669 2191 blz.
1691 2159 1765 2199 114,

524 2219 569 2242 en
586 2207 710 2243 Henne
726 2218 771 2242 en
787 2207 972 2249 Wauters,
990 2208 1156 2243 Histoire
1172 2209 1217 2243 de
1235 2209 1442 2252 Brumlles,
1457 2211 1536 2246 deel
1552 2211 1579 2253 I,
1601 2212 1666 2247 blz.
1687 2215 1761 2249 180.

885 2344 1008 2389 249.

195 2471 331 2521 1411,
373 2471 488 2514 Jum'
523 2472 599 2523 12,
641 2472 896 2529 Kamerzjk.
945 2472 1191 2515 Notarieele
1233 2476 1344 2525 acte,
1382 2473 1642 2519 bevattende
1684 2477 1762 2522 het

132 2540 286 2583 vonnis
343 2540 447 2583 door
484 2541 632 2584 Pieter
667 2540 840 2599 d’Ailly,
878 2541 1078 2598 bisschop
1117 2555 1202 2585 van
1245 2543 1484 2601 Kamerijk,
1518 2544 1761 2602 bijgestaan

130 2608 235 2652 door
271 2609 355 2652 den
388 2610 505 2666 prior
537 2610 615 2653 der
650 2610 967 2666 predikheeren
991 2625 1075 2654 van
1099 2610 1446 2663 Saint—Quentin‚
1489 2615 1757 2673 pauselijken

130 2677 388 2734 inquisiteur
422 2692 528 2722 voor
565 2679 640 2722 het
663 2679 826 2723 bisdom
864 2680 1105 2737 Kamerijk,
1148 2681 1457 2737 uitgesproken
1503 2687 1634 2739 tegen
1677 2685 1760 2729 den

130 2747 443 2791 Brusselschen
486 2748 894 2793 Vrouwenbroeder
917 2750 1095 2794 Willem
1128 2763 1213 2793 van
1246 2751 1572 2805 Hildernissem,
1599 2757 1685 2797 met
1709 2755 1760 2797 de

174 2911 219 2953 (1)
242 2909 303 2947 Zie
319 2911 435 2947 boven
449 2911 511 2948 het
528 2910 717 2947 uittrckscl
732 2911 787 2948 uit
801 2911 979 2947 Henricus
997 2912 1040 2949 de
1057 2912 1237 2956 Pomm-io,
1256 2920 1294 2949 nr
1312 2916 1385 2949 189.
