2097 3466
320 243 385 276 340
1007 240 1139 275 ANNO
1166 241 1268 275 1458

364 335 404 369 In
422 334 497 368 istis
520 344 608 378 crgo
630 334 795 369 articulis
811 333 1022 377 deprehensi
1039 336 1073 367 et
1096 332 1255 368 conuicti
1279 333 1444 377 queritur
1467 335 1512 369 ab
1534 334 1586 368 eis
1601 346 1648 369 an
1664 335 1798 371 vellent
1812 335 1952 371 resilire

319 391 374 424 vel
392 399 621 433 perseuerare
637 389 675 422 in
689 389 857 432 pretactis
880 388 1074 423 erroribus
1095 388 1165 428 Qui
1189 388 1378 423 dixerunt:
1400 404 1415 416 u
1436 389 1531 430 Quia
1555 389 1770 432 errauimus,
1785 390 1952 424 volumus

317 444 457 480 resilire
473 447 508 478 et
522 443 704 478 dimittere
719 443 925 488 opinionem
942 446 1112 477 nostram.
1131 459 1146 472 n
1163 443 1267 477 Tunc
1281 446 1322 478 ut
1335 443 1479 487 publice
1497 444 1583 479 istos
1599 444 1771 479 articulos
1783 455 1952 479 erroneos

317 502 532 533 reuocarent
546 502 582 533 et
598 498 837 542 penitenciam
855 498 1036 542 publicam
1053 500 1214 542 agerent,
1230 497 1424 532 constituta
1439 501 1493 533 est
1507 498 1583 534 dies
1605 498 1644 534 in
1668 511 1739 543 qua
1754 499 1952 535 secundum

317 553 479 588 ordinem
495 556 532 588 et
546 553 706 588 debitum
720 554 865 588 modum
883 554 1021 587 fierent.
1037 553 1121 587 Dies
1133 564 1220 597 ergo
1236 552 1301 587 illa
1313 552 1383 587 fuit
1396 552 1578 588 dominica
1591 557 1720 598 quarta
1732 556 1810 598 post
1821 554 1951 589 festum

316 608 467 649 Pasche,
482 608 521 642 in
537 619 608 651 qua
623 620 762 643 summo
775 619 881 643 mane
893 609 936 642 de
949 607 1096 651 speciali
1109 607 1279 643 mandato
1294 607 1520 643 auctoritatis
1535 607 1693 652 episcopi
1711 607 1952 644 Traiectensis

315 663 441 698 diuina
453 663 573 698 officia
588 663 856 708 incipiebantur
871 666 905 698 et
918 666 1000 697 ante
1016 663 1143 697 horam
1156 662 1333 706 septiman
1346 666 1429 698 ante
1441 663 1634 706 prandium
1647 663 1949 700 terminabantur.

313 718 486 753 Pulsatur
501 718 611 753 etiam
628 730 711 753 cum
733 717 863 752 maiori
880 728 1056 761 campana
1070 717 1165 752 dicte
1181 716 1342 752 ciuitatis
1364 728 1429 761 per
1451 717 1631 762 integram
1655 717 1784 753 horam
1806 720 1849 753 ut
1868 717 1949 753 uni-

312 784 419 808 uersa
434 773 628 808 multitudo
644 773 804 808 ciuitatis
820 771 1032 807 conueniret
1048 772 1094 806 ad
1112 771 1306 815 planiciem
1323 772 1363 806 in
1380 771 1540 807 ciuitatis
1557 772 1676 808 medio
1699 774 1949 816 nuncupatum

316 829 368 872 Op
385 828 449 862 dat
464 828 563 862 Sane.
584 828 735 862 Factum
752 827 848 862 enim
866 828 984 862 fuerat
1000 826 1135 861 ibidem
1154 837 1176 860 a
1191 826 1394 861 rectoribus
1410 826 1571 862 ciuitatis
1587 827 1765 863 excellens
1779 827 1950 862 machina

312 883 356 918 de
372 882 486 927 ligno,
504 882 543 917 in
559 894 631 926 qua
647 885 750 917 erant
772 886 844 917 tres
860 875 960 916 sedes
983 893 1047 915 seu
1064 880 1136 916 tria
1152 881 1232 915 loca
1247 881 1294 916 ad
1310 881 1506 916 sedendum
1524 885 1621 926 apta.
1640 882 1756 917 Porro
1771 881 1812 916 in
1826 881 1949 918 altiori

313 937 392 972 loco
415 937 617 981 ponebatur
633 937 709 971 Edo
732 939 768 971 et
791 936 830 970 in
853 935 925 970 alio
948 935 1122 979 magister
1139 935 1323 977 Nicolaus,
1343 938 1385 971 ut
1401 936 1454 970 sic
1469 936 1515 970 ab
1533 935 1702 972 omnibus
1723 936 1946 972 viderentur.

311 992 354 1027 In
371 991 536 1026 inferiori
552 992 631 1026 loco
648 991 809 1026 ascendit
824 990 1070 1025 hereticorum
1086 990 1313 1026 examinator
1325 993 1366 1026 ut
1381 1002 1583 1026 sermonem
1600 992 1647 1026 ad
1664 992 1839 1036 populum
1853 993 1946 1028 face·

310 1050 377 1082 ret.
396 1047 552 1082 Inferius
575 1058 640 1091 per
663 1046 829 1081 machine
846 1045 968 1090 girum
992 1049 1097 1081 erant
1114 1057 1261 1080 scamna
1276 1046 1392 1081 multa
1413 1046 1541 1090 posita,
1561 1047 1600 1081 in
1624 1047 1756 1091 quibus
1777 1047 1948 1084 sedebant

309 1102 468 1136 vicarius
491 1101 649 1146 episcopi
673 1101 914 1136 Traiectensis
938 1104 973 1136 et
1005 1100 1173 1135 dominus
1203 1101 1375 1142 Judocus,
1410 1101 1602 1146 episcopus
1630 1102 1945 1146 Hyeropolitanus,

309 1158 560 1201 suffraganeus
593 1155 845 1197 Traiectensis,
878 1156 1004 1191 doctor
1037 1155 1220 1203 theologie
1257 1156 1301 1190 de
1340 1155 1466 1191 ordine
1506 1156 1788 1200 predicatorum.
1827 1157 1946 1193 Etiam

308 1213 535 1247 aduenerunt
557 1212 691 1246 ibidem
708 1223 830 1246 omnes
853 1210 1026 1246 officiales
1050 1210 1254 1245 consistorii
1281 1210 1535 1252 Traiectensis,
1562 1222 1705 1246 necnon
1721 1210 1889 1255 prouisor
1910 1215 1947 1248 et

308 1268 466 1303 decanus
483 1267 699 1302 Kenemarie
715 1270 750 1302 et
771 1266 946 1311 magister
963 1266 1222 1307 Theodoricus,
1241 1265 1469 1301 vicecuratus
1495 1266 1754 1308 Harlemensis‚
1772 1278 1855 1302 cum
1871 1265 1946 1302 suis

309 1326 480 1365 quattuor
496 1322 733 1366 cappellanis3
759 1322 846 1356 item
863 1324 1035 1365 quattuor
1050 1321 1179 1356 fratres
1197 1321 1241 1356 de
1257 1323 1438 1356 conuentu
1455 1321 1641 1356 minorum
1657 1322 1702 1356 de
1714 1321 1946 1357 obseruantia

308 1382 343 1413 et
367 1381 538 1421 quattuor
561 1378 604 1412 de
628 1381 809 1412 conuentu
833 1377 1104 1411 carmelitarum
1125 1388 1208 1410 cum
1224 1376 1348 1411 multis
1363 1376 1445 1410 aliis
1469 1377 1514 1411 de
1533 1377 1630 1411 clero
1653 1376 1942 1412 notabilioribus.

308 1433 381 1467 Per
396 1445 527 1477 gyrum
551 1443 780 1467 scamnorum
798 1432 942 1467 stabant
964 1434 1121 1466 rectores
1145 1431 1317 1473 ciuitatis,
1336 1431 1475 1466 scilicet
1498 1434 1621 1476 pretor
1636 1443 1720 1467 cum
1736 1431 1944 1468 consulibus

307 1492 343 1523 et
368 1488 536 1530 scabinis,
562 1491 603 1523 ut
633 1499 697 1532 per
727 1499 787 1523 eos
811 1487 849 1521 in
874 1487 959 1532 igne
991 1486 1304 1530 extinguerentur,
1330 1486 1360 1521 si
1391 1487 1564 1522 obstinati
1594 1487 1634 1522 in
1664 1487 1812 1522 malicia
1834 1498 1941 1532 appa-

307 1543 474 1579 ruissent.

351 1598 470 1643 Igitur
485 1598 562 1633 istis
575 1597 742 1633 omnibus
757 1597 875 1632 debite
891 1596 1122 1642 congregatis
1135 1596 1231 1632 idem
1248 1597 1475 1633 examinator
1490 1596 1694 1641 predicauit
1707 1597 1754 1633 ad
1766 1598 1941 1642 populum

306 1654 408 1698 quasi
425 1665 490 1698 per
504 1655 593 1689 duas
608 1653 716 1688 horas
732 1654 882 1697 loquens
897 1653 940 1687 de
957 1656 1080 1688 nostra
1095 1663 1197 1687 sacra
1210 1653 1280 1687 fide
1298 1652 1515 1694 Christiana,
1530 1653 1704 1687 roborans
1719 1664 1800 1688 earn
1815 1652 1940 1688 multis

305 1710 530 1753 argumentis
553 1712 589 1744 et
609 1708 824 1744 rationibus.
844 1708 1006 1743 Tandem
1028 1707 1067 1742 in
1091 1708 1162 1742 fine
1186 1707 1360 1742 sermonis
1382 1707 1553 1742 recitauit
1575 1707 1748 1742 articulos
1770 1718 1940 1742 erroneos

303 1765 461 1808 prefatos
477 1768 513 1800 et
529 1764 783 1800 condemnauit
799 1775 858 1799 eos
872 1763 1074 1798 rationibus
1090 1763 1226 1798 multis.
1246 1763 1385 1804 Quibus
1401 1762 1511 1807 gestis
1533 1762 1626 1798 dixit
1647 1763 1694 1798 ad
1717 1763 1878 1798 Edonem
1893 1763 1938 1798 de

301 1820 420 1864 primo
433 1820 604 1855 articulo:
625 1834 641 1847 u
657 1819 844 1863 Numquid
856 1822 895 1854 tu
911 1819 980 1853 hoc
997 1818 1142 1853 dixisti?
1159 1834 1175 1848 n
1192 1818 1263 1859 Qui
1278 1818 1481 1862 respondit:
1498 1832 1514 1846 ιι
1530 1817 1626 1860 Dixi,
1641 1818 1703 1853 sed
1717 1818 1823 1853 male.
1838 1834 1854 1848 n
1869 1817 1938 1853 Cui

301 1876 352 1911 ait
367 1888 374 1910 :
395 1890 410 1903 u
426 1875 612 1911 Reuocasi
630 1892 646 1905 „
665 1874 737 1916 Qui
753 1875 804 1910 ait
819 1887 826 1909 ε
847 1889 862 1902 ⁶⁵
879 1874 1028 1909 Reuoco
1040 1876 1213 1917 tanquam
1230 1885 1434 1908 erroneum.
1449 1890 1464 1904 n
1483 1873 1621 1908 Deinde
1635 1872 1728 1909 dixit
1742 1873 1789 1908 ad
1803 1873 1935 1918 magis-

300 1934 398 1966 trum
416 1931 608 1966 Nicolaum
632 1930 757 1965 eadem
773 1930 894 1964 verba.
914 1930 960 1964 Et
974 1929 1234 1972 illeconfessus
1248 1932 1299 1964 est
1316 1931 1351 1964 et
1366 1940 1439 1963 non
1455 1927 1616 1973 negauit,
1634 1938 1810 1963 reuocans
1826 1927 1936 1963 etiam

299 1988 472 2029 tanquam
489 1996 692 2020 erroneum.
709 1984 828 2018 Simili
844 1984 950 2018 modo
967 1984 1102 2018 factum
1119 1986 1171 2018 est
1186 1983 1230 2018 de
1243 1983 1409 2018 omnibus
1425 1983 1507 2017 aliis
1519 1982 1684 2018 articulis
1699 1982 1933 2026 prenarratis,

300 2043 583 2083 reuocantesque
598 2040 679 2074 illos
692 2040 872 2083 petierunt
889 2039 1124 2083 penitentiam
1141 2039 1227 2083 ipsis
1243 2039 1388 2083 iniungi
1405 2050 1488 2073 cum
1503 2038 1764 2073 misericordia.

345 2096 449 2136 Quod
465 2099 500 2130 et
515 2096 651 2131 factum
667 2098 720 2130 est
734 2108 742 2138 3
761 2106 845 2129 nam
863 2094 978 2129 Edoni
996 2094 1201 2129 iniunctum
1218 2097 1271 2130 est
1285 2095 1351 2129 sub
1364 2106 1457 2138 pena
1472 2094 1600 2129 mortis
1615 2094 1846 2138 aliquomodo
1861 2105 1934 2130 non

297 2150 426 2186 docere
453 2156 488 2187 et
512 2152 681 2187 Haerlem
708 2152 773 2186 sub
799 2152 924 2186 eadem
952 2163 1044 2195 pena
1068 2162 1141 2185 non
1158 2150 1257 2186 exire
1272 2163 1386 2195 usque
1415 2151 1461 2186 ad
1484 2150 1624 2186 obitum
1640 2162 1757 2186 suum.
1783 2150 1935 2195 Insuper

296 2207 416 2251 grisea
445 2208 570 2243 tunica
592 2207 757 2242 induitur
781 2210 816 2242 et
839 2207 1020 2251 scapulari
1044 2207 1179 2241 cerulei
1204 2206 1336 2241 coloris
1353 2218 1437 2242 cum
1462 2218 1570 2242 cruce
1593 2218 1657 2250 per
1680 2206 1865 2251 integrum
1888 2219 1933 2242 ex

294 2267 446 2306 utraque
470 2266 571 2306 parte
602 2262 720 2297 crocei
748 2262 890 2297 coloris.
909 2262 1120 2306 Iniungitur
1136 2261 1245 2296 etiam
1269 2261 1338 2296 sibi
1362 2261 1401 2295 in
1424 2261 1592 2295 manibus
1617 2264 1762 2305 portare
1785 2273 1931 2297 cereum

293 2329 485 2352 accensum
501 2317 668 2352 omnibus
684 2317 810 2352 diebus
827 2317 1026 2352 Dominicis
1043 2320 1127 2351 ante
1143 2316 1406 2360 processionem
1423 2327 1488 2360 per
1503 2327 1617 2350 unum
1633 2327 1788 2360 annum;
1806 2315 1931 2351 simili-

293 2376 349 2409 ter
365 2377 399 2408 et
415 2377 510 2409 stare
533 2373 605 2407 illis
621 2373 747 2408 diebus
772 2385 855 2407 cum
871 2373 996 2407 eodem
1012 2383 1116 2407 cereo
1132 2374 1215 2407 ante
1239 2374 1450 2416 suggestum
1473 2371 1513 2406 in
1537 2370 1738 2416 parochiali
1761 2370 1925 2414 ecclesia,

295 2430 437 2472 quando
454 2429 662 2473 predicatur
677 2428 930 2473 ewangelium.

334 2484 511 2528 Magistro
528 2483 678 2518 Nicolao
695 2485 901 2528 presbytero
918 2483 1063 2524 dicitur,
1078 2485 1118 2518 ut
1135 2485 1246 2518 cesset
1268 2494 1333 2526 per
1355 2485 1495 2526 tempus
1518 2482 1736 2518 destinatum
1753 2493 1775 2516 a
1789 2481 1926 2517 diuinis

287 2540 323 2572 et
338 2538 453 2572 multa
468 2538 638 2581 psalteria
653 2538 806 2582 legenda
821 2537 1065 2581 iniunguntur
1088 2537 1156 2572 sibi
1181 2539 1217 2571 et
1232 2537 1305 2571 alia
1329 2548 1437 2580 quam
1461 2537 1568 2581 plura
1592 2548 1661 2580 que
1676 2536 1811 2572 tradidi
1835 2537 1924 2572 obli-

287 2592 400 2627 uioni.
419 2593 638 2637 Peragen‘oes
653 2592 768 2637 igitur
784 2592 1005 2637 penitencias
1025 2603 1106 2626 suas
1130 2592 1207 2626 Edo
1220 2592 1345 2627 eodem
1368 2603 1463 2626 anno
1485 2591 1641 2627 moritur
1665 2591 1710 2626 de
1726 2593 1835 2635 peste,
1854 2602 1924 2634 que

285 2647 509 2691 opprimebat
526 2648 810 2690 Haerlemenses,
827 2651 863 2683 et
878 2647 1052 2692 magister
1074 2647 1247 2682 Nicolaus
1271 2659 1380 2691 quam
1405 2647 1526 2691 plures
1548 2658 1662 2682 annos
1685 2645 1924 2690 superuiuens

284 2703 430 2739 tandem
448 2706 483 2738 et
494 2703 570 2748 ipse
585 2703 752 2738 moritur.

634 2767 882 2803 Stadsarchief
905 2779 975 2802 van
1002 2767 1191 2808 Alkmaar,
1224 2767 1466 2812 voortzetting
1488 2767 1553 2802 der
1578 2767 1727 2811 kronijk
1753 2780 1825 2804 van
1850 2768 1921 2804 Jan

678 2822 926 2864 Gerbrandsz.,
945 2823 1006 2857 fol.
1033 2824 1102 2864 3-5,
1129 2822 1264 2857 tweede
1289 2822 1527 2866 pagineering
1548 2821 1588 2856 in
1610 2822 1784 2859 hetzelfde
1805 2823 1918 2859 hand-

674 2877 803 2912 schrift
817 2878 870 2912 als
886 2889 950 2912 ons
965 2877 1156 2912 uittreksel
1178 2877 1375 2913 hierboven
1391 2879 1442 2920 (nr
1459 2879 1547 2920 297).
1564 2897 1608 2903 —
1623 2879 1814 2922 Blijkbaar
1827 2880 1859 2915 is
1873 2881 1918 2916 de

675 2933 754 2979 Epo
769 2943 840 2968 van
856 2934 879 2969 ’t
893 2933 1123 2977 voorgaande
1138 2933 1222 2969 stuk
1238 2933 1308 2969 ook
1331 2933 1375 2969 de
1390 2933 1471 2968 Edo
1488 2944 1558 2969 van
1581 2933 1673 2969 hier.
1691 2952 1736 2960 —
1752 2934 1918 2971 Dezelfde
