2097 3466
645 217 650 224 ’
700 236 834 272 ΑΝΝο
862 235 1095 272 1182-1183
1689 234 1729 266 47

91 331 199 368 dictis
220 331 413 367 haereticis
429 331 632 367 habeantur
647 330 826 374 adstricti,
845 341 911 366 nec
928 331 972 365 ad
989 328 1285 366 communionem
1302 327 1528 371 recipiantur
1545 325 1729 365 ecclesiae,

91 387 161 423 nisi
177 387 348 423 societate
364 387 429 422 illa
458 387 629 432 pestifera
657 390 692 422 et
706 385 848 422 haeresi
873 386 1062 430 abjuratis.
1089 384 1289 419 Relaxatos
1314 386 1436 418 autem
1460 394 1497 418 se
1520 381 1689 417 noverint
1711 391 1732 414 a

91 443 212 478 debito
228 443 414 478 fidelitatis
430 447 466 478 et
481 442 636 478 hominii
656 454 699 478 ac
712 441 824 477 totius
840 442 1017 485 obsequii,
1036 441 1150 476 donec
1175 439 1214 474 in
1231 442 1333 474 tanta
1357 438 1549 482 iniquitate
1568 447 1731 482 perman-

91 498 218 539 serint,
242 499 461 543 quicumque
499 498 573 533 illis
600 499 722 542 aliquo
750 501 898 542 peccato
931 496 1066 541 (paeto)
1093 500 1265 531 tenentur
1296 493 1442 529 annexi.
1479 493 1567 537 Ipsis
1594 496 1729 533 autem,

92 552 302 597 cunctisque
321 553 487 588 fidelibus
503 554 541 588 in
559 553 807 589 remissionem
825 556 1056 597 peccatorum
1076 550 1316 595 injungimus,
1335 552 1375 583 ut
1391 547 1502 582 tantis
1517 547 1681 582 cladibus
1697 558 1733 580 se

91 609 250 644 viriliter
264 614 448 654 opponant
461 612 496 644 et
508 613 638 644 contra
652 621 711 644 eos
724 610 836 644 armis
852 608 1026 652 populum
1045 606 1292 641 Christianum
1319 607 1508 639 tueantur.
1531 603 1733 638 Confiscen-

91 668 224 708 turque
239 676 365 700 eorum
382 666 489 707 bona,
508 670 542 700 et
562 665 718 700 liberum
736 665 783 699 sit
799 664 1027 708 principibus
1042 661 1251 706 hujusmodi
1277 659 1442 694 homines
1466 658 1644 702 subjicere
1662 670 1732 692 ser·

91 720 213 755 vituti.
232 720 303 761 Qui
316 724 437 756 autem
453 721 492 755 in
508 732 593 755 vera
610 721 833 765 poenitentia
850 719 900 754 ibi
917 719 1147 759 decesserint,
1167 721 1203 751 et
1218 714 1450 760 peccatorum
1466 715 1732 758 indulgentiam

93 777 128 809 et
151 776 310 810 fructum
328 776 505 811 mercedis
528 784 697 812 aeternae
714 789 750 811 se
775 788 846 810 non
862 775 1029 810 dubitent
1047 776 1294 818 percepturos.
1314 772 1388 807 Nos
1404 772 1514 806 etiam
1539 771 1582 806 de
1599 771 1735 806 miseri-

93 829 217 863 cordia
233 828 299 864 Dei
323 834 358 864 et
377 831 566 865 beatorum
583 831 831 874 apostolorum
849 830 951 865 Petri
968 836 1003 864 et
1021 828 1127 863 Pauli
1146 827 1370 862 authoritate
1403 827 1542 868 confisi,
1567 826 1736 861 fidelibus

94 885 323 928 Christianis,
340 887 402 930 qui
430 891 558 922 contra
589 899 648 922 eos
678 899 781 922 arma
811 887 1037 930 susceperint
1067 889 1102 921 et
1133 885 1178 920 ad
1210 884 1462 928 episcopcrum
1485 894 1547 918 seu
1578 882 1734 916 aliorum

92 942 338 986 praelatorum
355 943 548 978 consilium
579 943 624 977 ad
641 954 700 977 eos
718 942 937 977 decertando
962 940 1234 985 expugnandos,
1253 939 1442 974 biennium
1461 938 1505 972 de
1522 936 1735 981 poenitentia

92 996 258 1041 injuncta
273 999 492 1041 relaxamus,
516 1001 579 1032 aut
594 997 624 1032 si
643 998 847 1042 longiorem
865 997 933 1032 sibi
948 1008 1088 1031 moram
1105 995 1314 1037 habuerint,
1334 994 1585 1038 episcoporum
1603 991 1734 1025 discre-

92 1051 196 1094 tioni,
210 1053 342 1096 quibus
358 1053 467 1098 hujus
483 1054 536 1088 rei
553 1065 661 1089 causa
678 1054 789 1089 fuerit
802 1053 980 1098 inJuncta,
997 1052 1271 1093 committimus,
1287 1054 1328 1085 ut
1340 1050 1385 1085 ad
1400 1060 1526 1084 eorum
1542 1047 1735 1083 arbitrium

92 1108 292 1144 secundum
326 1109 474 1144 modum
505 1109 642 1144 laboris
673 1113 790 1153 maJ'or
821 1108 872 1144 eis
903 1107 1134 1153 indulgentia
1162 1107 1360 1142 tribuatur.
1390 1105 1477 1140 Illos
1510 1106 1645 1144 autem,
1673 1101 1736 1145 qui

93 1163 334 1198 admonitioni
347 1164 600 1208 episcoporum
615 1164 656 1199 in
671 1163 923 1208 hujuscemodi
941 1166 1043 1207 parte
1068 1173 1197 1206 parere
1221 1162 1529 1204 contempserunt,
1547 1170 1568 1193 a
1592 1168 1735 1202 percep-

92 1219 191 1255 tione
207 1220 370 1264 corporis
386 1223 420 1255 et
436 1219 626 1265 sanguinis
643 1219 790 1254 Domini
809 1220 981 1263 J'ubemus
1006 1218 1086 1253 fieri
1119 1217 1267 1252 alienos.
1289 1216 1440 1251 Interim
1471 1226 1557 1250 vero
1582 1225 1650 1255 eos,
1672 1212 1734 1256 qui

93 1275 223 1310 ardore
239 1275 323 1310 fidei
348 1276 393 1310 ad
410 1287 471 1310 eos
494 1276 779 1320 expugnandum
796 1275 958 1309 laborem
980 1277 1122 1318 J'ustum
1154 1271 1426 1316 assumpserint,
1446 1272 1540 1306 sicut
1570 1281 1641 1311 eos,
1674 1268 1738 1312 qui

95 1330 328 1374 sepulchrum
342 1330 574 1365 Dominieum
587 1329 748 1372 visitant,
758 1331 824 1365 sub
839 1329 1012 1364 ecclesiae
1022 1328 1231 1364 defensione
1242 1327 1439 1371 recipimus
1452 1330 1486 1361 et
1499 1326 1543 1360 ab
1557 1324 1736 1360 universis

96 1385 422 1429 inquietationibus
451 1391 527 1421 tam
561 1386 602 1420 in
623 1386 732 1421 rebus
769 1397 878 1429 quam
909 1385 947 1419 in
975 1383 1138 1428 personis
1175 1384 1369 1418 statuimus
1392 1386 1553 1417 vestrum
1584 1391 1732 1415 manere

92 1451 249 1476 securos.
268 1440 306 1475 Si
323 1453 409 1476 vero
425 1440 605 1485 quispiam
622 1443 783 1475 vestrum
814 1440 1098 1484 praesumpserit
1125 1450 1185 1473 eos
1209 1437 1416 1479 molestare,
1434 1448 1499 1481 per
1524 1437 1732 1480 episcopum

92 1494 163 1530 loci
177 1495 563 1530 excommunicationis
576 1495 755 1530 sententia
771 1499 935 1530 servetur
948 1495 993 1529 ab
1010 1494 1192 1534 omnibus
1206 1493 1320 1527 donec
1337 1498 1371 1527 et
1395 1492 1517 1527 ablata
1532 1491 1732 1526 reddantur

94 1553 129 1586 et
144 1551 188 1585 de
201 1550 313 1586 illatis
329 1552 471 1586 damnis
484 1563 647 1595 congrue
665 1552 798 1586 iterum
816 1550 1028 1586 satisfaciat.
1048 1547 1217 1593 Episcopi
1235 1559 1320 1582 vero
1344 1547 1418 1582 sive
1450 1547 1650 1591 presbyteri
1667 1546 1730 1589 qui

93 1607 228 1642 talibus
244 1608 388 1643 fortiter
405 1619 479 1642 non
496 1609 708 1648 restiterint,
729 1607 839 1642 officii
856 1607 912 1641 sui
931 1606 1134 1651 privatione
1150 1604 1387 1646 mulctentur,
1404 1603 1518 1638 donec
1533 1602 1734 1638 misericor-

93 1662 191 1698 diam
208 1664 426 1708 apostolicae
438 1665 532 1699 sedis
547 1665 748 1700 obtineant.

446 1741 579 1783 Mansi,
598 1741 677 1776 deel
693 1741 815 1781 XXII,
842 1740 908 1775 blz.
928 1742 1086 1774 231-233.
1111 1737 1228 1781 (Jaffe‚
1247 1738 1327 1773 deel
1343 1738 1389 1781 11,
1408 1737 1479 1771 blz.
1498 1736 1597 1778 341.)
1616 1753 1660 1760 —-·
1676 1735 1738 1770 Dit

491 1797 575 1831 stuk
599 1797 629 1831 is
653 1797 779 1831 vooral
802 1794 1024 1840 belangrijk,
1044 1795 1166 1829 omdat
1189 1805 1273 1828 men
1297 1805 1336 1828 er
1360 1793 1383 1828 't
1408 1796 1521 1827 eerste
1543 1791 1737 1826 voorbeeld

491 1863 598 1887 eener
615 1852 825 1887 kruisvaart
849 1855 959 1896 tegen
985 1850 1200 1885 Christenen
1223 1860 1268 1893 op
1292 1848 1395 1883 bevel
1418 1859 1489 1882 van
1513 1858 1627 1882 eenen
1651 1858 1741 1890 paus

492 1920 536 1943 en
561 1920 631 1944 van
656 1920 722 1943 een
744 1908 905 1943 Concilie
934 1907 972 1941 in
994 1906 1167 1941 aantreft.
1190 1905 1265 1948 (Zie
1287 1904 1336 1938 H.
1360 1904 1401 1939 G.
1421 1904 1506 1944 Lea,
1525 1903 1683 1946 Historgs
1700 1901 1744 1944 of

491 1964 550 1999 the
566 1966 795 2010 Inquisitiou
812 1964 856 2008 of
869 1962 928 1997 the
945 1962 1093 1997 Mz‘cldle
1108 1962 1216 2006 Ayes,
1234 1961 1314 1995 deel
1332 1961 1358 2002 Ι,
1384 1960 1449 1995 blz.
1470 1962 1564 2003 123).
1587 1959 1682 1993 Over
1698 1958 1742 1992 de

493 2022 724 2056 Brabanders
740 2033 784 2056 en
800 2020 934 2055 andere
950 2018 1155 2054 kettersche
1180 2019 1455 2061 baanstroopers
1470 2028 1541 2050 van
1565 2015 1645 2057 den¹
1660 2014 1740 2057 tijd,

499 2077 538 2111 in
562 2077 616 2112 dit
638 2076 723 2111 stuk
739 2075 912 2116 vermeld,
930 2073 1126 2118 raadplege
1142 2084 1225 2108 men
1247 2072 1317 2107 ook
1339 2072 1402 2107 het
1425 2070 1632 2107 uitstekend
1650 2069 1742 2104 boek

492 2143 563 2167 van
580 2133 666 2175 Lea,
685 2132 813 2167 aldaar
827 2131 899 2166 blz.
924 2131 1004 2164 125.
1026 2129 1132 2172 (New
1147 2127 1249 2163 York
1267 2128 1376 2171 1888).

877 2295 964 2339 48.

168 2432 457 2484 1182-1183,
479 2433 682 2484 Atreeht,
705 2433 898 2490 Ieperen
916 2445 970 2476 en
997 2431 1298 2475 Vlaanderen,
1321 2426 1564 2472 Uittreksel
1583 2427 1646 2470 uit
1663 2425 1745 2469 den

105 2501 501 2560 kronijksehrijVer
521 2517 605 2547 van
629 2503 818 2554 Anchin,
849 2515 987 2545 eenen
1012 2501 1089 2544 der
1113 2502 1409 2544 voertzetters
1436 2512 1521 2540 van
1549 2495 1748 2553 Sigebert

106 2585 191 2615 van
205 2572 474 2625 Gembloers,
488 2587 592 2617 over
609 2573 684 2616 het
707 2572 945 2628 vervolgen
965 2585 1048 2614 van
1063 2570 1158 2613 veel
1173 2570 1341 2613 ketters
1360 2569 1403 2610 in
1422 2568 1474 2610 de
1492 2566 1651 2609 landen
1663 2578 1749 2607 van

107 2643 190 2686 den
214 2643 507 2686 Vlaamschen
530 2642 660 2699 graaf
686 2642 851 2698 Philips
874 2655 959 2684 van
988 2640 1069 2684 den
1096 2640 1238 2683 Elzas.
1264 2664 1322 2669 -—
1356 2637 1510 2688 Adam,
1538 2633 1750 2679 Radulfus

108 2725 161 2754 en
178 2714 294 2756 twee
312 2713 472 2756 andere
491 2711 786 2768 ongenoemde
803 2711 971 2754 ketters
989 2723 1140 2753 waren
1159 2713 1202 2752 te
1220 2707 1409 2751 Atreeht
1426 2706 1531 2749 door
1550 2703 1749 2759 bisschop

108 2781 366 2826 Frumaldus
405 2781 650 2840 gekerkerd
688 2795 756 2824 om
789 2779 1102 2837 overgeleverd
1142 2781 1184 2822 te
1216 2777 1397 2821 worden
1435 2789 1519 2819 aan
1550 2774 1746 2824 Willem,

110 2851 432 2908 aartsbissehop
454 2866 539 2896 van
565 2852 727 2902 Reims,
755 2850 823 2893 die
841 2853 930 2892 met
947 2849 1116 2905 Philips
1138 2862 1223 2891 van
1248 2847 1330 2890 den
1355 2846 1497 2897 ElzaS,
1525 2843 1654 2900 graaf
1668 2855 1749 2885 van

110 2920 406 2975 Vlaanderen‚
424 2923 524 2967 kort
543 2935 601 2966 na
616 2920 838 2977 Kerstdag
855 2933 939 2963 van
957 2919 1071 2964 1182
1087 2932 1196 2962 naar
1213 2915 1400 2961 Atreeht
1413 2928 1506 2959 was
1519 2913 1747 2970 gekomen.
