2097 3466
332 217 395 249 35⁰
1014 216 1144 250 ANNO
1173 217 1272 249 1450

378 308 483 348 Quid,
503 319 621 350 queso,
649 307 728 341 illas
745 307 1022 351 preciosissimas
1049 308 1295 342 cristianitatis
1312 320 1472 352 gemmas
1496 308 1532 343 in
1550 312 1622 343 tam
1650 308 1802 344 sublime
1826 319 1955 344 nomen

333 364 463 399 eucxit.
490 362 763 398 uwbilissimum
789 363 875 396 illud
902 376 942 396 ac
969 363 1250 406 lmtentissinnun
1278 364 1501 397 Francorum
1525 375 1677 407 regnum
1702 365 1840 407 loquor,
1860 363 1956 407 quod

335 416 669 450 christianissimum
695 418 922 460 aplwllatur,)
948 417 1013 451 nisi
1032 418 1125 460 quod
1151 418 1306 460 puritate
1325 417 1404 452 fidei
1423 421 1563 452 servata
1580 419 1624 452 ab
1642 419 1750 453 inicio
1768 428 1954 462 regenera-

335 470 446 503 cionis
471 479 594 504 contra
612 470 728 505 hostes
752 471 910 505 reritatis
935 471 1102 505 salutaris
1126 483 1214 515 gens
1237 471 1301 504 hec
1319 471 1518 505 clarissima
1540 483 1621 514 sepo
1644 472 1713 506 suit
1729 471 1901 507 terribilis
1916 473 1958 507 ut

333 535 531 560 castrorum
561 525 654 559 acies
681 526 844 560 ordinata
863 526 872 559 ἔ
902 528 974 560 Cur
1008 527 1121 560 eciam
1150 526 1370 569 clarissumis
1405 527 1465 561 illc
1501 527 1623 560 Gallus
1652 526 1807 560 Karolus
1838 525 1957 560 dictus

333 592 496 623 magnus,
525 580 743 614 Francorum
762 581 936 614 acerrime
953 580 1070 623 gentis
1094 580 1258 624 princeps
1282 580 1552 619 inuictissimus,
1570 592 1677 623 super
1700 583 1837 615 ceteros
1859 579 1957 615 orbis

334 634 514 678 principes
530 638 602 668 tarn
628 634 760 679 insigni
787 635 959 669 memoria
983 636 1197 673 celebratur.
1218 635 1284 668 nisi
1303 636 1395 678 quod
1412 647 1550 669 summo
1567 635 1685 669 studio
1709 635 1956 678 indefessoque

335 691 456 724 labore
474 691 560 723 fines
577 689 823 723 cristianitatis
836 690 1036 732 ampliauit,
1052 690 1176 730 erexit,
1192 690 1335 727 tutauit.
1355 693 1387 724 et
1403 690 1587 724 Gallorum
1602 688 1829 733 amplissimis
1846 689 1956 732 copijs

335 746 456 785 frctus,
476 745 568 779 datis
584 757 605 778 a
618 746 694 780 celo
711 745 903 788 triumphis
920 745 1140 793 clarissimis,
1160 746 1276 779 hostes
1292 745 1369 780 eius
1385 745 1525 785 strauit,
1541 744 1646 785 fudit,
1666 743 1819 779 extinxit
1833 743 1846 778 ’ἒ

381 802 422 835 lit
447 800 496 835 ita
515 801 669 844 cogitate
688 813 751 844 per
767 801 1040 843 generacionem
1057 804 1092 835 et
1115 800 1401 844 generacionem,
1421 800 1506 843 quia
1528 812 1650 834 omnes
1674 799 1735 843 qui
1751 799 1896 842 sperant
1918 796 1957 832 in

336 856 500 894 Domino,
520 867 590 889 non
608 855 859 891 infirmantur:
879 859 910 889 ct
929 867 948 889 a
966 855 1083 889 vorbis
1100 854 1168 888 viri
1187 855 1383 898 peccatoris
1400 866 1443 888 ne
1459 853 1626 895 timeatis,
1644 853 1729 897 quia
1745 851 1863 898 gloria
1878 850 1957 886 eius

334 914 470 944 stereus
485 914 518 944 et
532 910 663 944 vermis
679 914 729 944 est
743 921 750 943 ε
770 909 877 943 hodic
894 910 1089 950 extollitur,
1105 913 1139 944 et
1156 921 1234 943 eras
1248 920 1318 943 non
1335 909 1531 949 inuenitur,
1547 908 1633 951 quia
1649 918 1843 942 conuersus
1855 908 1908 941 est
1918 905 1957 940 in

334 968 467 999 terram
492 976 605 1003 suam.
630 968 663 999 et
689 964 866 1008 cogitacio
891 965 967 999 cius
991 965 1115 1008 periet.
1137 963 1396 998 Confortamini
1420 963 1541 1006 itaque
1564 966 1599 997 ct
1622 962 1777 997 viriliter
1799 960 1896 1005 agite
1918 960 1958 995 in

335 1021 426 1064 lege,
443 1019 527 1063 quia
540 1019 577 1053 in
595 1020 668 1062 ipsa
683 1019 829 1062 gloriosi
848 1019 958 1059 critis,
974 1020 1002 1053 si
1017 1019 1182 1054 videlicet
1204 1021 1346 1063 gentem
1362 1018 1456 1052 lianc
1472 1018 1643 1061 perfidam
1661 1017 1729 1052 hae
1750 1018 1959 1061 tempestate

334 1074 373 1109 in
390 1074 607 1109 maleficium
625 1073 819 1108 christiane
835 1073 960 1107 =salutis
977 1076 1050 1108 toto
1075 1073 1221 1117 ingenio
1245 1071 1511 1106 machinantem
1535 1070 1706 1115 legitimis
1730 1069 1956 1105 animaduer-

337 1131 496 1165 sionibus
513 1129 702 1173 coegeritis
719 1129 775 1173 pic
800 1128 837 1162 in
857 1129 998 1164 Christo
1015 1129 1138 1162 viuere
1155 1128 1356 1162 volentibus
1372 1138 1495 1171 pacem
1512 1127 1597 1161 (lare
1614 1129 1659 1167 et,
1678 1125 1831 1161 avolutis
1851 1125 1960 1160 huius

336 1196 448 1228 praue
465 1182 626 1218 nacionis
643 1183 861 1217 vanitatibus
873 1186 908 1217 et
921 1183 1069 1225 insanijs
1082 1182 1191 1223 falsis,
1206 1181 1400 1216 extinctam
1419 1181 1603 1215 lucernam
1620 1181 1767 1215 accendi
1784 1179 1959 1215 iusseritis

336 1244 371 1274 ot,
396 1238 480 1282 poni
504 1250 611 1282 super
635 1238 890 1271 candelabrum
916 1238 960 1271 ad
985 1237 1263 1271 illuminamlun‘i
1287 1248 1357 1277 ρος,
1384 1235 1445 1279 qui
1470 1235 1506 1269 in
1531 1234 1686 1270 tenebris
1710 1237 1745 1270 et
1768 1235 1805 1269 in
1830 1234 1959 1268 umbra

338 1293 462 1328 mortis
479 1293 612 1333 sedent,
631 1292 676 1326 ad
693 1291 900 1334 dirigendos
916 1292 1021 1334 pedes
1037 1303 1118 1325 suos
1135 1291 1172 1324 in
1189 1291 1283 1324 viam
1301 1289 1410 1333 pacis.

687 1367 920 1402 Handschrift
936 1375 973 1401 n¹·
986 1369 1127 1401 733-741
1145 1367 1209 1401 dci·
1226 1365 1461 1409 KoninkliJ'ke
1474 1364 1701 1400 Bibliotheek
1717 1375 1786 1399 van
1802 1364 1958 1404 BrusseL

729 1422 789 1456 fol.
815 1424 868 1462 56,
887 1424 940 1462 57,
960 1425 1000 1457 57
1025 1433 1137 1463 verso,
1164 1424 1217 1462 58,
1243 1424 1296 1462 (33,
1325 1423 1367 1455 63
1391 1432 1493 1455 verso
1516 1431 1560 1455 en
1584 1423 1637 1454 64.
1657 1419 1731 1462 (Zie
1754 1420 1882 1454 verder
1897 1430 1961 1454 ons

732 1483 770 1510 nr
793 1477 884 1517 307.)

1093 1561 1217 1604 306.

404 1690 538 1738 1460,
586 1689 698 1730 ιῘῑιηί
741 1688 898 1738 10-22,
945 1689 1149 1732 Amz'ens.
1192 1688 1429 1730 Uittreksel
1474 1687 1536 1730 uit
1573 1686 1624 1728 de
1661 1684 1836 1740 kronijk
1874 1697 1959 1727 van

336 1760 521 1814 Jacques
554 1757 609 1799 du
640 1757 789 1810 Clercq
814 1770 920 1799 over
951 1757 1001 1798 de
1035 1757 1289 1813 vrijzinnige
1318 1755 1510 1811 houding
1532 1769 1616 1797 van
1640 1754 1721 1796 den
1757 1751 1955 1808 bisschop

338 1841 421 1869 van
445 1825 636 1876 AmienS‚
663 1825 730 1867 die
754 1824 938 1867 verbood
962 1826 1004 1867 in
1027 1826 1113 1882 zijn
1136 1824 1362 1881 geestelijk
1387 1823 1537 1879 gebied
1571 1823 1728 1878 gevolg
1751 1825 1792 1864 te
1817 1834 1958 1876 geven

338 1910 420 1938 aan
445 1895 495 1937 de
528 1894 820 1936 aanklachten
853 1897 980 1949 tegeri
1020 1894 1174 1936 zekere
1211 1906 1422 1948 per-sonen
1463 1890 1738 1947 uitgebracht
1771 1889 1876 1932 door
1910 1889 1962 1931 de

340 1962 679 2019 aangehoudene
703 1962 973 2005 Waldenzen
997 1976 1080 2004 van
1105 1962 1301 2004 Atrecht.

385 2075 547 2110 Environ
570 2086 609 2109 ce
633 2077 758 2117 temps
779 2085 822 2108 en
846 2074 881 2107 la
906 2074 989 2108 ville
1011 2074 1204 2116 d'Amiens,
1223 2085 1287 2116 par
1310 2073 1540 2107 l'accusation
1555 2073 1599 2108 de
1614 2072 1718 2107 ceulx
1742 2069 1804 2114 qui
1821 2069 1967 2104 avoient

343 2136 416 2166 este
431 2131 530 2174 prins
547 2134 581 2165 et
597 2130 679 2163 ξιτ-(15
695 2140 834 2163 comme
860 2129 1021 2163 vauldois
1037 2141 1082 2163 en
1105 2130 1140 2162 la
1157 2129 1241 2163 ville
1263 2129 1419 2168 d’Arras,
1438 2129 1559 2163 furent
1582 2128 1754 2162 aulcunes
1772 2136 1967 2169 personnes

346 2185 496 2228 prinses,
522 2184 710 2226 lesquelles
733 2183 890 2226 l'eveque
913 2183 1094 2217 d'Amiens
1122 2182 1259 2217 delivra
1273 2185 1500 2225 pmstement,
1516 2189 1551 2216 et
1576 2181 1630 2215 dit
1651 2180 1838 2224 qu'autant
1859 2181 1967 2223 qu’on

343 2240 395 2275 lui
424 2251 469 2274 en
496 2242 706 2279 amenermt,
723 2238 749 2271 il
772 2238 823 2271 les
839 2237 1017 2272 laisseroit
1040 2238 1130 2272 aller
1154 2242 1189 2272 et
1211 2237 1262 2271 les
1278 2236 1497 2277 delivreroit,
1517 2240 1552 2270 et
1574 2235 1661 2278 qu'il
1683 2246 1728 2269 ne
1751 2235 1881 2270 croioit
1905 2245 1967 2278 pas

343 2295 447 2338 qu'ils
463 2294 609 2329 scissent
626 2304 668 2327 ne
693 2296 860 2335 peussent
883 2292 973 2326 faire
997 2304 1036 2326 ce
1054 2292 1158 2335 qu'ils
1173 2291 1338 2326 disoient.
1360 2291 1493 2333 Ioelluy
1518 2301 1652 2332 eveque
1675 2289 1781 2324 estoit
1803 2289 1899 2324 frere
1917 2289 1965 2323 du

345 2350 383 2384 ὃ*
402 2351 445 2384 de
463 2348 639 2384 Beauvois
657 2348 689 2382 le
702 2348 848 2391 Borgne
862 2351 894 2381 et
911 2347 1017 2382 estoit
1032 2347 1151 2390 clercq
1169 2351 1203 2381 et
1219 2346 1316 2380 avoit
1333 2346 1501 2380 demeure
1523 2345 1726 2388 longtemps
1750 2355 1794 2378 en
1818 2354 1907 2378 cour
1923 2343 1967 2378 de

348 2403 461 2438 Rome
479 2408 514 2438 et
529 2414 550 2446 y
568 2405 641 2437 este
659 2412 858 2446 procureur
874 2401 922 2435 du
939 2401 1007 2436 duc
1024 2401 1068 2436 de
1085 2402 1314 2444 Bourgogne.

692 2479 887 2513 Memoiras
912 2478 956 2512 (Ie
978 2478 1132 2523 Jacqzces
1159 2478 1208 2511 du
1235 2478 1369 2522 Clercq,
1396 2477 1473 2511 deel
1500 2476 1560 2516 111,
1587 2476 1652 2510 blz.
1679 2477 1732 2510 31.

1100 2607 1219 2650 307.

410 2732 545 2780 1460,
589 2732 702 2774 szz'
747 2733 902 2782 10-22,
946 2733 1164 2776 Doorm'k.
1214 2735 1450 2779 Uittreksel
1488 2737 1550 2778 uit
1582 2737 1633 2779 de
1668 2735 1842 2793 kroniJk
1880 2750 1966 2779 van

347 2800 529 2854 Jacques
562 2800 616 2842 du
655 2800 802 2855 Clercq
843 2814 946 2843 over
984 2802 1063 2844 den
1100 2803 1384 2859 godgeleerde
1416 2805 1497 2848 Jan
1522 2805 1753 2847 Taincture
1776 2818 1829 2847 en
1862 2817 1966 2847 over

348 2869 498 2923 eenige
524 2869 802 2918 verdaehten,
834 2869 900 2911 die
923 2873 966 2912 te
1002 2872 1186 2914 Doornik
1211 2873 1389 2915 werden
1423 2873 1734 2929 aangehouden
1768 2886 1820 2914 en
1854 2872 1966 2915 later
