<?xml version="1.0" encoding="UTF-8"?>
<!DOCTYPE html PUBLIC "-//W3C//DTD XHTML 1.0 Transitional//EN"
    "http://www.w3.org/TR/xhtml1/DTD/xhtml1-transitional.dtd">
<html xmlns="http://www.w3.org/1999/xhtml" xml:lang="en" lang="en">
 <head>
  <title>
</title>
<meta http-equiv="Content-Type" content="text/html;charset=utf-8" />
  <meta name='ocr-system' content='tesseract 3.04.00' />
  <meta name='ocr-capabilities' content='ocr_page ocr_carea ocr_par ocr_line ocrx_word'/>
</head>
<body>
  <div class='ocr_page' id='page_1' title='image "./corpusdocumentor01fruoft_0313.png"; bbox 0 0 2097 3466; ppageno 0'>
   <div class='ocr_carea' id='block_1_1' title="bbox 838 215 1775 254">
    <p class='ocr_par' dir='ltr' id='par_1_1' title="bbox 838 215 1775 254">
     <span class='ocr_line' id='line_1_1' title="bbox 838 215 1775 254; baseline 0.002 -2"><span class='ocrx_word' id='word_1_1' title='bbox 838 215 971 252; x_wconf 91' lang='lat' dir='ltr'>ANNO</span> <span class='ocrx_word' id='word_1_2' title='bbox 998 218 1098 253; x_wconf 87' lang='grc'><strong>1403</strong></span> <span class='ocrx_word' id='word_1_3' title='bbox 1711 220 1775 254; x_wconf 78' lang='grc'>263</span> 
     </span>
    </p>
   </div>
   <div class='ocr_carea' id='block_1_2' title="bbox 109 305 1771 2956">
    <p class='ocr_par' dir='ltr' id='par_1_2' title="bbox 119 305 1771 1954">
     <span class='ocr_line' id='line_1_2' title="bbox 139 305 1769 357; baseline 0.002 -13"><span class='ocrx_word' id='word_1_4' title='bbox 139 305 398 352; x_wconf 88' lang='lat' dir='ltr'>interdicendo,</span> <span class='ocrx_word' id='word_1_5' title='bbox 417 313 599 346; x_wconf 87' lang='lat' dir='ltr'>reservata</span> <span class='ocrx_word' id='word_1_6' title='bbox 615 310 733 355; x_wconf 88' lang='lat' dir='ltr'>quoad</span> <span class='ocrx_word' id='word_1_7' title='bbox 748 311 818 347; x_wconf 92' lang='lat' dir='ltr'>hoc</span> <span class='ocrx_word' id='word_1_8' title='bbox 833 310 921 347; x_wconf 87' lang='lat' dir='ltr'>dicti</span> <span class='ocrx_word' id='word_1_9' title='bbox 944 311 1102 356; x_wconf 83' lang='lat' dir='ltr'>episcopi</span> <span class='ocrx_word' id='word_1_10' title='bbox 1118 309 1254 356; x_wconf 83' lang='lat' dir='ltr'>gracia,</span> <span class='ocrx_word' id='word_1_11' title='bbox 1274 312 1310 346; x_wconf 84' lang='lat' dir='ltr'>et</span> <span class='ocrx_word' id='word_1_12' title='bbox 1329 310 1375 345; x_wconf 89' lang='lat' dir='ltr'>ad</span> <span class='ocrx_word' id='word_1_13' title='bbox 1391 322 1568 346; x_wconf 89' lang='lat' dir='ltr'>summam</span> <span class='ocrx_word' id='word_1_14' title='bbox 1584 311 1769 357; x_wconf 83' lang='lat' dir='ltr'>octoginta</span> 
     </span>
     <span class='ocr_line' id='line_1_3' title="bbox 138 365 1771 410; baseline 0.001 -10"><span class='ocrx_word' id='word_1_15' title='bbox 138 367 321 400; x_wconf 87' lang='lat' dir='ltr'>scutorum</span> <span class='ocrx_word' id='word_1_16' title='bbox 344 366 426 401; x_wconf 89' lang='lat' dir='ltr'>auri</span> <span class='ocrx_word' id='word_1_17' title='bbox 453 377 518 410; x_wconf 90' lang='lat' dir='ltr'>pro</span> <span class='ocrx_word' id='word_1_18' title='bbox 541 366 704 410; x_wconf 80' lang='lat' dir='ltr'>expensis</span> <span class='ocrx_word' id='word_1_19' title='bbox 727 366 801 401; x_wconf 87' lang='lat' dir='ltr'>suis</span> <span class='ocrx_word' id='word_1_20' title='bbox 825 366 1173 410; x_wconf 79' lang='lat' dir='ltr'>condempnaverat3</span> <span class='ocrx_word' id='word_1_21' title='bbox 1192 365 1287 400; x_wconf 87' lang='lat' dir='ltr'>unde</span> <span class='ocrx_word' id='word_1_22' title='bbox 1309 365 1407 400; x_wconf 85' lang='lat' dir='ltr'>dicta</span> <span class='ocrx_word' id='word_1_23' title='bbox 1430 366 1549 401; x_wconf 87' lang='lat' dir='ltr'>Maria</span> <span class='ocrx_word' id='word_1_24' title='bbox 1572 370 1707 402; x_wconf 87' lang='lat' dir='ltr'>certam</span> <span class='ocrx_word' id='word_1_25' title='bbox 1725 368 1771 403; x_wconf 90' lang='lat' dir='ltr'>ad</span> 
     </span>
     <span class='ocr_line' id='line_1_4' title="bbox 137 420 1770 466; baseline 0.001 -11"><span class='ocrx_word' id='word_1_26' title='bbox 137 420 255 465; x_wconf 90' lang='lat' dir='ltr'>ipsum</span> <span class='ocrx_word' id='word_1_27' title='bbox 282 420 593 465; x_wconf 89' lang='lat' dir='ltr'>archiepiscopum</span> <span class='ocrx_word' id='word_1_28' title='bbox 620 422 851 466; x_wconf 85' lang='lat' dir='ltr'>interjecerat</span> <span class='ocrx_word' id='word_1_29' title='bbox 877 420 1172 466; x_wconf 86' lang='lat' dir='ltr'>appellacionem,</span> <span class='ocrx_word' id='word_1_30' title='bbox 1202 431 1310 464; x_wconf 87' lang='lat' dir='ltr'>super</span> <span class='ocrx_word' id='word_1_31' title='bbox 1345 432 1416 464; x_wconf 87' lang='lat' dir='ltr'>qua</span> <span class='ocrx_word' id='word_1_32' title='bbox 1443 421 1657 457; x_wconf 84' lang='lat' dir='ltr'>citacionem</span> <span class='ocrx_word' id='word_1_33' title='bbox 1681 423 1770 458; x_wconf 89' lang='lat' dir='ltr'>obti-</span> 
     </span>
     <span class='ocr_line' id='line_1_5' title="bbox 137 475 1769 521; baseline 0.002 -11"><span class='ocrx_word' id='word_1_34' title='bbox 137 477 266 510; x_wconf 87' lang='lat' dir='ltr'>nuerat</span> <span class='ocrx_word' id='word_1_35' title='bbox 280 478 316 510; x_wconf 91' lang='lat' dir='ltr'>et</span> <span class='ocrx_word' id='word_1_36' title='bbox 331 475 444 520; x_wconf 85' lang='lat' dir='ltr'>ipsam</span> <span class='ocrx_word' id='word_1_37' title='bbox 461 477 643 512; x_wconf 83' lang='lat' dir='ltr'>executari</span> <span class='ocrx_word' id='word_1_38' title='bbox 660 477 810 519; x_wconf 78' lang='lat' dir='ltr'>fecerat3</span> <span class='ocrx_word' id='word_1_39' title='bbox 829 476 1019 520; x_wconf 88' lang='lat' dir='ltr'>dictusque</span> <span class='ocrx_word' id='word_1_40' title='bbox 1034 475 1220 520; x_wconf 88' lang='lat' dir='ltr'>episcopus</span> <span class='ocrx_word' id='word_1_41' title='bbox 1237 475 1282 510; x_wconf 85' lang='lat' dir='ltr'>ad</span> <span class='ocrx_word' id='word_1_42' title='bbox 1297 475 1392 510; x_wconf 90' lang='lat' dir='ltr'>diem</span> <span class='ocrx_word' id='word_1_43' title='bbox 1409 476 1477 510; x_wconf 88' lang='lat' dir='ltr'>sibi</span> <span class='ocrx_word' id='word_1_44' title='bbox 1495 477 1714 521; x_wconf 75' lang='lat' dir='ltr'>assignatam</span> <span class='ocrx_word' id='word_1_45' title='bbox 1732 479 1769 513; x_wconf 86' lang='lat' dir='ltr'>in</span> 
     </span>
     <span class='ocr_line' id='line_1_6' title="bbox 134 530 1768 577; baseline 0.002 -12"><span class='ocrx_word' id='word_1_46' title='bbox 134 530 248 574; x_wconf 87' lang='lat' dir='ltr'>ipsius</span> <span class='ocrx_word' id='word_1_47' title='bbox 271 530 533 575; x_wconf 87' lang='lat' dir='ltr'>archiepiscopi</span> <span class='ocrx_word' id='word_1_48' title='bbox 550 531 652 566; x_wconf 85' lang='lat' dir='ltr'>curia</span> <span class='ocrx_word' id='word_1_49' title='bbox 669 531 837 567; x_wconf 86' lang='lat' dir='ltr'>Remensi</span> <span class='ocrx_word' id='word_1_50' title='bbox 855 543 916 566; x_wconf 89' lang='lat' dir='ltr'>seu</span> <span class='ocrx_word' id='word_1_51' title='bbox 933 534 1159 575; x_wconf 89' lang='lat' dir='ltr'>procurator,</span> <span class='ocrx_word' id='word_1_52' title='bbox 1179 541 1244 574; x_wconf 91' lang='lat' dir='ltr'>pro</span> <span class='ocrx_word' id='word_1_53' title='bbox 1269 542 1310 565; x_wconf 87' lang='lat' dir='ltr'>eo</span> <span class='ocrx_word' id='word_1_54' title='bbox 1327 532 1579 574; x_wconf 87' lang='lat' dir='ltr'>comparendo,</span> <span class='ocrx_word' id='word_1_55' title='bbox 1606 544 1648 567; x_wconf 92' lang='lat' dir='ltr'>ac</span> <span class='ocrx_word' id='word_1_56' title='bbox 1659 533 1768 577; x_wconf 86' lang='lat' dir='ltr'>juris-</span> 
     </span>
     <span class='ocr_line' id='line_1_7' title="bbox 134 584 1768 630; baseline 0.003 -11"><span class='ocrx_word' id='word_1_57' title='bbox 134 584 332 627; x_wconf 83' lang='lat' dir='ltr'>dicionem,</span> <span class='ocrx_word' id='word_1_58' title='bbox 364 585 487 620; x_wconf 90' lang='lat' dir='ltr'>libello</span> <span class='ocrx_word' id='word_1_59' title='bbox 519 586 670 628; x_wconf 84' lang='lat' dir='ltr'>tradito,</span> <span class='ocrx_word' id='word_1_60' title='bbox 703 587 901 627; x_wconf 87' lang='lat' dir='ltr'>fondando,</span> <span class='ocrx_word' id='word_1_61' title='bbox 935 585 1219 630; x_wconf 89' lang='lat' dir='ltr'>appellacionem</span> <span class='ocrx_word' id='word_1_62' title='bbox 1250 585 1449 629; x_wconf 87' lang='lat' dir='ltr'>predictam</span> <span class='ocrx_word' id='word_1_63' title='bbox 1486 587 1618 622; x_wconf 86' lang='lat' dir='ltr'>factam</span> <span class='ocrx_word' id='word_1_64' title='bbox 1650 589 1768 624; x_wconf 85' lang='lat' dir='ltr'>fuerat</span> 
     </span>
     <span class='ocr_line' id='line_1_8' title="bbox 135 640 1766 686; baseline 0.003 -12"><span class='ocrx_word' id='word_1_65' title='bbox 135 641 338 683; x_wconf 83' lang='lat' dir='ltr'>confessus;</span> <span class='ocrx_word' id='word_1_66' title='bbox 372 640 539 685; x_wconf 79' lang='lat' dir='ltr'>idemque</span> <span class='ocrx_word' id='word_1_67' title='bbox 576 641 664 677; x_wconf 88' lang='lat' dir='ltr'>dicti</span> <span class='ocrx_word' id='word_1_68' title='bbox 705 641 967 686; x_wconf 86' lang='lat' dir='ltr'>archiepiscopi</span> <span class='ocrx_word' id='word_1_69' title='bbox 1005 643 1220 684; x_wconf 89' lang='lat' dir='ltr'>procurator</span> <span class='ocrx_word' id='word_1_70' title='bbox 1259 640 1492 682; x_wconf 87' lang='lat' dir='ltr'>dilacionem,</span> <span class='ocrx_word' id='word_1_71' title='bbox 1533 653 1598 686; x_wconf 90' lang='lat' dir='ltr'>pro</span> <span class='ocrx_word' id='word_1_72' title='bbox 1641 644 1766 679; x_wconf 90' lang='lat' dir='ltr'>eodem</span> 
     </span>
     <span class='ocr_line' id='line_1_9' title="bbox 134 694 1764 741; baseline 0.001 -10"><span class='ocrx_word' id='word_1_73' title='bbox 134 694 300 739; x_wconf 86' lang='lat' dir='ltr'>episcopo</span> <span class='ocrx_word' id='word_1_74' title='bbox 323 695 502 739; x_wconf 87' lang='lat' dir='ltr'>loquendo</span> <span class='ocrx_word' id='word_1_75' title='bbox 527 707 634 740; x_wconf 88' lang='lat' dir='ltr'>super</span> <span class='ocrx_word' id='word_1_76' title='bbox 650 696 880 731; x_wconf 85' lang='lat' dir='ltr'>absolucione</span> <span class='ocrx_word' id='word_1_77' title='bbox 904 696 950 730; x_wconf 82' lang='lat' dir='ltr'>ad</span> <span class='ocrx_word' id='word_1_78' title='bbox 967 696 1144 731; x_wconf 81' lang='lat' dir='ltr'>cautelam</span> <span class='ocrx_word' id='word_1_79' title='bbox 1168 706 1232 739; x_wconf 87' lang='lat' dir='ltr'>per</span> <span class='ocrx_word' id='word_1_80' title='bbox 1254 695 1388 730; x_wconf 90' lang='lat' dir='ltr'>dictam</span> <span class='ocrx_word' id='word_1_81' title='bbox 1405 696 1561 731; x_wconf 88' lang='lat' dir='ltr'>Mariam</span> <span class='ocrx_word' id='word_1_82' title='bbox 1578 698 1764 741; x_wconf 78' lang='lat' dir='ltr'>requisita,</span> 
     </span>
     <span class='ocr_line' id='line_1_10' title="bbox 133 749 1766 795; baseline 0.002 -10"><span class='ocrx_word' id='word_1_83' title='bbox 133 749 293 795; x_wconf 78' lang='lat' dir='ltr'>pecierat</span> <span class='ocrx_word' id='word_1_84' title='bbox 319 753 354 786; x_wconf 91' lang='lat' dir='ltr'>et</span> <span class='ocrx_word' id='word_1_85' title='bbox 380 751 579 793; x_wconf 73' lang='lat' dir='ltr'>habuerat3</span> <span class='ocrx_word' id='word_1_86' title='bbox 606 751 678 792; x_wconf 86' lang='lat' dir='ltr'>sed,</span> <span class='ocrx_word' id='word_1_87' title='bbox 709 750 786 795; x_wconf 88' lang='lat' dir='ltr'>ipsa</span> <span class='ocrx_word' id='word_1_88' title='bbox 812 751 992 785; x_wconf 84' lang='lat' dir='ltr'>dilacione</span> <span class='ocrx_word' id='word_1_89' title='bbox 1018 750 1207 794; x_wconf 80' lang='lat' dir='ltr'>pendente,</span> <span class='ocrx_word' id='word_1_90' title='bbox 1233 750 1423 786; x_wconf 88' lang='lat' dir='ltr'>memorati</span> <span class='ocrx_word' id='word_1_91' title='bbox 1450 751 1636 795; x_wconf 87' lang='lat' dir='ltr'>episcopus</span> <span class='ocrx_word' id='word_1_92' title='bbox 1660 755 1695 787; x_wconf 90' lang='lat' dir='ltr'>et</span> <span class='ocrx_word' id='word_1_93' title='bbox 1721 754 1766 788; x_wconf 88' lang='lat' dir='ltr'>de</span> 
     </span>
     <span class='ocr_line' id='line_1_11' title="bbox 134 805 1766 850; baseline 0.001 -9"><span class='ocrx_word' id='word_1_94' title='bbox 134 805 303 841; x_wconf 83' lang='lat' dir='ltr'>Perenna</span> <span class='ocrx_word' id='word_1_95' title='bbox 325 805 545 849; x_wconf 79' lang='lat' dir='ltr'>propositam</span> <span class='ocrx_word' id='word_1_96' title='bbox 573 817 638 849; x_wconf 88' lang='lat' dir='ltr'>per</span> <span class='ocrx_word' id='word_1_97' title='bbox 662 806 758 850; x_wconf 87' lang='lat' dir='ltr'>ipsos</span> <span class='ocrx_word' id='word_1_98' title='bbox 785 805 1049 849; x_wconf 89' lang='lat' dir='ltr'>querimoniam</span> <span class='ocrx_word' id='word_1_99' title='bbox 1073 805 1357 848; x_wconf 85' lang='lat' dir='ltr'>impetraverant</span> <span class='ocrx_word' id='word_1_100' title='bbox 1382 808 1418 841; x_wconf 90' lang='lat' dir='ltr'>et</span> <span class='ocrx_word' id='word_1_101' title='bbox 1444 805 1559 850; x_wconf 86' lang='lat' dir='ltr'>ipsam</span> <span class='ocrx_word' id='word_1_102' title='bbox 1582 808 1766 843; x_wconf 82' lang='lat' dir='ltr'>executari</span> 
     </span>
     <span class='ocr_line' id='line_1_12' title="bbox 132 860 1767 906; baseline 0.002 -11"><span class='ocrx_word' id='word_1_103' title='bbox 132 861 304 896; x_wconf 81' lang='lat' dir='ltr'>fecerant.</span> <span class='ocrx_word' id='word_1_104' title='bbox 337 860 498 896; x_wconf 80' lang='lat' dir='ltr'>Ulterius</span> <span class='ocrx_word' id='word_1_105' title='bbox 528 860 671 896; x_wconf 89' lang='lat' dir='ltr'>dicebat</span> <span class='ocrx_word' id='word_1_106' title='bbox 702 861 797 904; x_wconf 88' lang='lat' dir='ltr'>quod</span> <span class='ocrx_word' id='word_1_107' title='bbox 827 860 945 895; x_wconf 88' lang='lat' dir='ltr'>dictus</span> <span class='ocrx_word' id='word_1_108' title='bbox 975 861 1018 894; x_wconf 89' lang='lat' dir='ltr'>de</span> <span class='ocrx_word' id='word_1_109' title='bbox 1057 860 1226 895; x_wconf 87' lang='lat' dir='ltr'>Peronna</span> <span class='ocrx_word' id='word_1_110' title='bbox 1262 860 1488 904; x_wconf 83' lang='lat' dir='ltr'>inquisitoris</span> <span class='ocrx_word' id='word_1_111' title='bbox 1518 863 1698 906; x_wconf 87' lang='lat' dir='ltr'>generalis</span> <span class='ocrx_word' id='word_1_112' title='bbox 1728 863 1767 899; x_wconf 91' lang='lat' dir='ltr'>in</span> 
     </span>
     <span class='ocr_line' id='line_1_13' title="bbox 132 915 1764 962; baseline 0.002 -12"><span class='ocrx_word' id='word_1_113' title='bbox 132 915 288 950; x_wconf 87' lang='lat' dir='ltr'>Francia</span> <span class='ocrx_word' id='word_1_114' title='bbox 311 918 522 959; x_wconf 89' lang='lat' dir='ltr'>potestatem</span> <span class='ocrx_word' id='word_1_115' title='bbox 547 927 620 950; x_wconf 92' lang='lat' dir='ltr'>non</span> <span class='ocrx_word' id='word_1_116' title='bbox 643 916 810 957; x_wconf 87' lang='lat' dir='ltr'>habebat,</span> <span class='ocrx_word' id='word_1_117' title='bbox 829 927 912 950; x_wconf 91' lang='lat' dir='ltr'>cum</span> <span class='ocrx_word' id='word_1_118' title='bbox 939 916 1002 950; x_wconf 91' lang='lat' dir='ltr'>illo</span> <span class='ocrx_word' id='word_1_119' title='bbox 1026 918 1187 959; x_wconf 88' lang='lat' dir='ltr'>tempore</span> <span class='ocrx_word' id='word_1_120' title='bbox 1210 916 1332 950; x_wconf 88' lang='lat' dir='ltr'>nullus</span> <span class='ocrx_word' id='word_1_121' title='bbox 1358 918 1450 951; x_wconf 91' lang='lat' dir='ltr'>esset</span> <span class='ocrx_word' id='word_1_122' title='bbox 1476 916 1692 962; x_wconf 82' lang='lat' dir='ltr'>inquisitor;</span> <span class='ocrx_word' id='word_1_123' title='bbox 1717 922 1764 961; x_wconf 89' lang='lat' dir='ltr'>et,</span> 
     </span>
     <span class='ocr_line' id='line_1_14' title="bbox 131 970 1767 1015; baseline 0.002 -11"><span class='ocrx_word' id='word_1_124' title='bbox 131 970 162 1004; x_wconf 89' lang='lat' dir='ltr'>si</span> <span class='ocrx_word' id='word_1_125' title='bbox 189 972 401 1014; x_wconf 83' lang='lat' dir='ltr'>potestatem</span> <span class='ocrx_word' id='word_1_126' title='bbox 427 971 594 1012; x_wconf 85' lang='lat' dir='ltr'>habebat,</span> <span class='ocrx_word' id='word_1_127' title='bbox 624 972 735 1006; x_wconf 80' lang='lat' dir='ltr'>verba</span> <span class='ocrx_word' id='word_1_128' title='bbox 761 974 882 1006; x_wconf 89' lang='lat' dir='ltr'>tamen</span> <span class='ocrx_word' id='word_1_129' title='bbox 909 982 974 1014; x_wconf 90' lang='lat' dir='ltr'>per</span> <span class='ocrx_word' id='word_1_130' title='bbox 999 970 1134 1006; x_wconf 86' lang='lat' dir='ltr'>dictam</span> <span class='ocrx_word' id='word_1_131' title='bbox 1161 970 1330 1012; x_wconf 86' lang='lat' dir='ltr'>Mariam,</span> <span class='ocrx_word' id='word_1_132' title='bbox 1355 975 1464 1015; x_wconf 87' lang='lat' dir='ltr'>prout</span> <span class='ocrx_word' id='word_1_133' title='bbox 1487 972 1655 1009; x_wconf 85' lang='lat' dir='ltr'>dicebant</span> <span class='ocrx_word' id='word_1_134' title='bbox 1678 973 1767 1009; x_wconf 89' lang='lat' dir='ltr'>dicti</span> 
     </span>
     <span class='ocr_line' id='line_1_15' title="bbox 131 1025 1765 1072; baseline 0.003 -13"><span class='ocrx_word' id='word_1_135' title='bbox 131 1025 318 1069; x_wconf 87' lang='lat' dir='ltr'>episcopus</span> <span class='ocrx_word' id='word_1_136' title='bbox 333 1029 369 1061; x_wconf 90' lang='lat' dir='ltr'>et</span> <span class='ocrx_word' id='word_1_137' title='bbox 385 1027 429 1061; x_wconf 90' lang='lat' dir='ltr'>de</span> <span class='ocrx_word' id='word_1_138' title='bbox 445 1027 624 1067; x_wconf 87' lang='lat' dir='ltr'>Perenna,</span> <span class='ocrx_word' id='word_1_139' title='bbox 651 1026 749 1061; x_wconf 85' lang='lat' dir='ltr'>dicta</span> <span class='ocrx_word' id='word_1_140' title='bbox 765 1037 838 1061; x_wconf 94' lang='lat' dir='ltr'>non</span> <span class='ocrx_word' id='word_1_141' title='bbox 853 1029 957 1061; x_wconf 89' lang='lat' dir='ltr'>erant</span> <span class='ocrx_word' id='word_1_142' title='bbox 979 1025 1070 1061; x_wconf 89' lang='lat' dir='ltr'>tanti</span> <span class='ocrx_word' id='word_1_143' title='bbox 1094 1025 1274 1069; x_wconf 81' lang='lat' dir='ltr'>ponderis,</span> <span class='ocrx_word' id='word_1_144' title='bbox 1294 1027 1389 1070; x_wconf 92' lang='lat' dir='ltr'>quod</span> <span class='ocrx_word' id='word_1_145' title='bbox 1412 1027 1457 1061; x_wconf 93' lang='lat' dir='ltr'>de</span> <span class='ocrx_word' id='word_1_146' title='bbox 1479 1027 1566 1071; x_wconf 89' lang='lat' dir='ltr'>ipsis</span> <span class='ocrx_word' id='word_1_147' title='bbox 1592 1031 1765 1072; x_wconf 82' lang='lat' dir='ltr'>tanquam</span> 
     </span>
     <span class='ocr_line' id='line_1_16' title="bbox 129 1081 1765 1126; baseline 0.002 -10"><span class='ocrx_word' id='word_1_148' title='bbox 129 1081 174 1116; x_wconf 90' lang='lat' dir='ltr'>de</span> <span class='ocrx_word' id='word_1_149' title='bbox 189 1081 307 1116; x_wconf 89' lang='lat' dir='ltr'>heresi</span> <span class='ocrx_word' id='word_1_150' title='bbox 324 1093 361 1116; x_wconf 91' lang='lat' dir='ltr'>se</span> <span class='ocrx_word' id='word_1_151' title='bbox 377 1082 495 1118; x_wconf 88' lang='lat' dir='ltr'>dictus</span> <span class='ocrx_word' id='word_1_152' title='bbox 511 1083 555 1117; x_wconf 92' lang='lat' dir='ltr'>de</span> <span class='ocrx_word' id='word_1_153' title='bbox 572 1083 741 1117; x_wconf 89' lang='lat' dir='ltr'>Peronna</span> <span class='ocrx_word' id='word_1_154' title='bbox 764 1082 1004 1126; x_wconf 83' lang='lat' dir='ltr'>interponere,</span> <span class='ocrx_word' id='word_1_155' title='bbox 1024 1092 1131 1125; x_wconf 91' lang='lat' dir='ltr'>quem</span> <span class='ocrx_word' id='word_1_156' title='bbox 1147 1093 1253 1116; x_wconf 91' lang='lat' dir='ltr'>suum</span> <span class='ocrx_word' id='word_1_157' title='bbox 1270 1081 1558 1117; x_wconf 80' lang='lat' dir='ltr'>commissarium</span> <span class='ocrx_word' id='word_1_158' title='bbox 1574 1086 1610 1119; x_wconf 89' lang='lat' dir='ltr'>et</span> <span class='ocrx_word' id='word_1_159' title='bbox 1630 1084 1765 1119; x_wconf 90' lang='lat' dir='ltr'>locum-</span> 
     </span>
     <span class='ocr_line' id='line_1_17' title="bbox 129 1136 1767 1183; baseline 0.002 -11"><span class='ocrx_word' id='word_1_160' title='bbox 129 1138 310 1172; x_wconf 77' lang='lat' dir='ltr'>tenentem</span> <span class='ocrx_word' id='word_1_161' title='bbox 327 1137 444 1172; x_wconf 90' lang='lat' dir='ltr'>dictus</span> <span class='ocrx_word' id='word_1_162' title='bbox 468 1137 656 1182; x_wconf 88' lang='lat' dir='ltr'>episcopus</span> <span class='ocrx_word' id='word_1_163' title='bbox 680 1138 725 1172; x_wconf 89' lang='lat' dir='ltr'>ad</span> <span class='ocrx_word' id='word_1_164' title='bbox 749 1137 866 1181; x_wconf 91' lang='lat' dir='ltr'>ipsum</span> <span class='ocrx_word' id='word_1_165' title='bbox 894 1136 1205 1181; x_wconf 89' lang='lat' dir='ltr'>archiepiscopum</span> <span class='ocrx_word' id='word_1_166' title='bbox 1228 1138 1472 1173; x_wconf 84' lang='lat' dir='ltr'>fraudandum</span> <span class='ocrx_word' id='word_1_167' title='bbox 1496 1139 1652 1182; x_wconf 82' lang='lat' dir='ltr'>fecerat3</span> <span class='ocrx_word' id='word_1_168' title='bbox 1671 1140 1767 1183; x_wconf 89' lang='lat' dir='ltr'>quod</span> 
     </span>
     <span class='ocr_line' id='line_1_18' title="bbox 127 1192 1766 1238; baseline 0.002 -11"><span class='ocrx_word' id='word_1_169' title='bbox 127 1193 264 1227; x_wconf 85' lang='lat' dir='ltr'>frustra</span> <span class='ocrx_word' id='word_1_170' title='bbox 287 1193 366 1228; x_wconf 90' lang='lat' dir='ltr'>fieri</span> <span class='ocrx_word' id='word_1_171' title='bbox 394 1193 596 1235; x_wconf 87' lang='lat' dir='ltr'>videbatur,</span> <span class='ocrx_word' id='word_1_172' title='bbox 620 1196 809 1237; x_wconf 85' lang='lat' dir='ltr'>postquam</span> <span class='ocrx_word' id='word_1_173' title='bbox 832 1192 951 1228; x_wconf 88' lang='lat' dir='ltr'>dictus</span> <span class='ocrx_word' id='word_1_174' title='bbox 977 1193 1022 1228; x_wconf 91' lang='lat' dir='ltr'>de</span> <span class='ocrx_word' id='word_1_175' title='bbox 1049 1192 1219 1227; x_wconf 85' lang='lat' dir='ltr'>Peronna</span> <span class='ocrx_word' id='word_1_176' title='bbox 1235 1193 1415 1237; x_wconf 87' lang='lat' dir='ltr'>generalis</span> <span class='ocrx_word' id='word_1_177' title='bbox 1438 1193 1663 1238; x_wconf 84' lang='lat' dir='ltr'>inquisitoris</span> <span class='ocrx_word' id='word_1_178' title='bbox 1686 1197 1766 1230; x_wconf 90' lang='lat' dir='ltr'>erat</span> 
     </span>
     <span class='ocr_line' id='line_1_19' title="bbox 128 1246 1766 1292; baseline 0.002 -11"><span class='ocrx_word' id='word_1_179' title='bbox 128 1246 299 1288; x_wconf 82' lang='lat' dir='ltr'>vicarius,</span> <span class='ocrx_word' id='word_1_180' title='bbox 318 1250 426 1292; x_wconf 87' lang='lat' dir='ltr'>prout</span> <span class='ocrx_word' id='word_1_181' title='bbox 452 1248 617 1291; x_wconf 79' lang='lat' dir='ltr'>dicebat3</span> <span class='ocrx_word' id='word_1_182' title='bbox 644 1251 690 1289; x_wconf 85' lang='lat' dir='ltr'>et,</span> <span class='ocrx_word' id='word_1_183' title='bbox 721 1247 904 1292; x_wconf 90' lang='lat' dir='ltr'>supposito</span> <span class='ocrx_word' id='word_1_184' title='bbox 932 1247 1028 1291; x_wconf 90' lang='lat' dir='ltr'>quod</span> <span class='ocrx_word' id='word_1_185' title='bbox 1054 1246 1124 1282; x_wconf 91' lang='lat' dir='ltr'>rite</span> <span class='ocrx_word' id='word_1_186' title='bbox 1156 1247 1282 1283; x_wconf 85' lang='lat' dir='ltr'>fuisset</span> <span class='ocrx_word' id='word_1_187' title='bbox 1308 1248 1456 1290; x_wconf 86' lang='lat' dir='ltr'>factum,</span> <span class='ocrx_word' id='word_1_188' title='bbox 1482 1252 1623 1292; x_wconf 89' lang='lat' dir='ltr'>poterat</span> <span class='ocrx_word' id='word_1_189' title='bbox 1645 1252 1766 1286; x_wconf 88' lang='lat' dir='ltr'>tamen</span> 
     </span>
     <span class='ocr_line' id='line_1_20' title="bbox 126 1301 1765 1347; baseline 0.002 -10"><span class='ocrx_word' id='word_1_190' title='bbox 126 1301 225 1337; x_wconf 88' lang='lat' dir='ltr'>dicta</span> <span class='ocrx_word' id='word_1_191' title='bbox 251 1301 372 1337; x_wconf 85' lang='lat' dir='ltr'>Maria</span> <span class='ocrx_word' id='word_1_192' title='bbox 398 1313 420 1336; x_wconf 88' lang='lat' dir='ltr'>a</span> <span class='ocrx_word' id='word_1_193' title='bbox 446 1302 543 1337; x_wconf 90' lang='lat' dir='ltr'>dicto</span> <span class='ocrx_word' id='word_1_194' title='bbox 570 1303 615 1337; x_wconf 92' lang='lat' dir='ltr'>de</span> <span class='ocrx_word' id='word_1_195' title='bbox 642 1302 822 1344; x_wconf 88' lang='lat' dir='ltr'>Peronna,</span> <span class='ocrx_word' id='word_1_196' title='bbox 852 1301 941 1337; x_wconf 87' lang='lat' dir='ltr'>dicti</span> <span class='ocrx_word' id='word_1_197' title='bbox 968 1301 1127 1346; x_wconf 86' lang='lat' dir='ltr'>episcopi</span> <span class='ocrx_word' id='word_1_198' title='bbox 1155 1302 1425 1344; x_wconf 90' lang='lat' dir='ltr'>locumtenenti,</span> <span class='ocrx_word' id='word_1_199' title='bbox 1455 1305 1627 1347; x_wconf 86' lang='lat' dir='ltr'>tanquam</span> <span class='ocrx_word' id='word_1_200' title='bbox 1655 1316 1678 1339; x_wconf 90' lang='lat' dir='ltr'>a</span> <span class='ocrx_word' id='word_1_201' title='bbox 1701 1317 1765 1341; x_wconf 84' lang='lat' dir='ltr'>suo</span> 
     </span>
     <span class='ocr_line' id='line_1_21' title="bbox 127 1357 1766 1402; baseline 0.002 -10"><span class='ocrx_word' id='word_1_202' title='bbox 127 1357 313 1392; x_wconf 88' lang='lat' dir='ltr'>ordinario</span> <span class='ocrx_word' id='word_1_203' title='bbox 349 1358 396 1392; x_wconf 90' lang='lat' dir='ltr'>ad</span> <span class='ocrx_word' id='word_1_204' title='bbox 426 1358 545 1402; x_wconf 90' lang='lat' dir='ltr'>ipsum</span> <span class='ocrx_word' id='word_1_205' title='bbox 576 1357 906 1401; x_wconf 89' lang='lat' dir='ltr'>archiepiscopum,</span> <span class='ocrx_word' id='word_1_206' title='bbox 939 1357 1034 1392; x_wconf 84' lang='lat' dir='ltr'>sicut</span> <span class='ocrx_word' id='word_1_207' title='bbox 1070 1357 1215 1398; x_wconf 84' lang='lat' dir='ltr'>fecerat,</span> <span class='ocrx_word' id='word_1_208' title='bbox 1249 1359 1284 1392; x_wconf 88' lang='lat' dir='ltr'>et</span> <span class='ocrx_word' id='word_1_209' title='bbox 1313 1358 1358 1392; x_wconf 88' lang='lat' dir='ltr'>ab</span> <span class='ocrx_word' id='word_1_210' title='bbox 1390 1358 1515 1393; x_wconf 90' lang='lat' dir='ltr'>eodem</span> <span class='ocrx_word' id='word_1_211' title='bbox 1546 1359 1766 1396; x_wconf 89' lang='lat' dir='ltr'>locumtente</span> 
     </span>
     <span class='ocr_line' id='line_1_22' title="bbox 124 1412 1764 1458; baseline 0.002 -10"><span class='ocrx_word' id='word_1_212' title='bbox 124 1415 298 1457; x_wconf 85' lang='lat' dir='ltr'>tanquam</span> <span class='ocrx_word' id='word_1_213' title='bbox 325 1412 551 1457; x_wconf 85' lang='lat' dir='ltr'>inquisitoris</span> <span class='ocrx_word' id='word_1_214' title='bbox 578 1413 759 1458; x_wconf 86' lang='lat' dir='ltr'>generalis</span> <span class='ocrx_word' id='word_1_215' title='bbox 782 1412 920 1447; x_wconf 88' lang='lat' dir='ltr'>vicario</span> <span class='ocrx_word' id='word_1_216' title='bbox 944 1413 990 1447; x_wconf 90' lang='lat' dir='ltr'>ad</span> <span class='ocrx_word' id='word_1_217' title='bbox 1018 1413 1137 1448; x_wconf 90' lang='lat' dir='ltr'>sedem</span> <span class='ocrx_word' id='word_1_218' title='bbox 1162 1412 1366 1447; x_wconf 87' lang='lat' dir='ltr'>Romanam</span> <span class='ocrx_word' id='word_1_219' title='bbox 1389 1414 1583 1457; x_wconf 89' lang='lat' dir='ltr'>appellare.</span> <span class='ocrx_word' id='word_1_220' title='bbox 1613 1415 1764 1451; x_wconf 85' lang='lat' dir='ltr'>Dicebat</span> 
     </span>
     <span class='ocr_line' id='line_1_23' title="bbox 125 1467 1761 1514; baseline 0.001 -10"><span class='ocrx_word' id='word_1_221' title='bbox 125 1467 241 1504; x_wconf 85' lang='lat' dir='ltr'>eciam</span> <span class='ocrx_word' id='word_1_222' title='bbox 257 1468 352 1512; x_wconf 91' lang='lat' dir='ltr'>quod</span> <span class='ocrx_word' id='word_1_223' title='bbox 369 1467 568 1512; x_wconf 83' lang='lat' dir='ltr'>supradicti</span> <span class='ocrx_word' id='word_1_224' title='bbox 584 1467 772 1512; x_wconf 88' lang='lat' dir='ltr'>episcopus</span> <span class='ocrx_word' id='word_1_225' title='bbox 787 1470 823 1502; x_wconf 89' lang='lat' dir='ltr'>et</span> <span class='ocrx_word' id='word_1_226' title='bbox 846 1468 890 1502; x_wconf 90' lang='lat' dir='ltr'>de</span> <span class='ocrx_word' id='word_1_227' title='bbox 915 1468 1094 1509; x_wconf 87' lang='lat' dir='ltr'>Perenna,</span> <span class='ocrx_word' id='word_1_228' title='bbox 1115 1479 1301 1511; x_wconf 89' lang='lat' dir='ltr'>quousque</span> <span class='ocrx_word' id='word_1_229' title='bbox 1324 1467 1399 1512; x_wconf 90' lang='lat' dir='ltr'>ipse</span> <span class='ocrx_word' id='word_1_230' title='bbox 1415 1467 1708 1514; x_wconf 87' lang='lat' dir='ltr'>archiepiscopus</span> <span class='ocrx_word' id='word_1_231' title='bbox 1724 1482 1761 1506; x_wconf 85' lang='lat' dir='ltr'>se</span> 
     </span>
     <span class='ocr_line' id='line_1_24' title="bbox 123 1522 1762 1568; baseline 0.002 -10"><span class='ocrx_word' id='word_1_232' title='bbox 123 1523 168 1558; x_wconf 86' lang='lat' dir='ltr'>de</span> <span class='ocrx_word' id='word_1_233' title='bbox 190 1523 288 1558; x_wconf 87' lang='lat' dir='ltr'>dicta</span> <span class='ocrx_word' id='word_1_234' title='bbox 310 1522 569 1567; x_wconf 88' lang='lat' dir='ltr'>appellacionis</span> <span class='ocrx_word' id='word_1_235' title='bbox 590 1534 699 1557; x_wconf 89' lang='lat' dir='ltr'>causa</span> <span class='ocrx_word' id='word_1_236' title='bbox 723 1533 824 1566; x_wconf 86' lang='lat' dir='ltr'>posse</span> <span class='ocrx_word' id='word_1_237' title='bbox 848 1534 910 1556; x_wconf 87' lang='lat' dir='ltr'>seu</span> <span class='ocrx_word' id='word_1_238' title='bbox 934 1534 1007 1557; x_wconf 89' lang='lat' dir='ltr'>non</span> <span class='ocrx_word' id='word_1_239' title='bbox 1030 1534 1131 1566; x_wconf 89' lang='lat' dir='ltr'>posse</span> <span class='ocrx_word' id='word_1_240' title='bbox 1156 1534 1373 1568; x_wconf 85' lang='lat' dir='ltr'>cognoscere</span> <span class='ocrx_word' id='word_1_241' title='bbox 1397 1524 1662 1567; x_wconf 85' lang='lat' dir='ltr'>sentenciasset,</span> <span class='ocrx_word' id='word_1_242' title='bbox 1682 1537 1762 1561; x_wconf 89' lang='lat' dir='ltr'>con-</span> 
     </span>
     <span class='ocr_line' id='line_1_25' title="bbox 123 1577 1762 1624; baseline 0.002 -11"><span class='ocrx_word' id='word_1_243' title='bbox 123 1577 226 1622; x_wconf 88' lang='lat' dir='ltr'>queri</span> <span class='ocrx_word' id='word_1_244' title='bbox 254 1590 327 1613; x_wconf 91' lang='lat' dir='ltr'>non</span> <span class='ocrx_word' id='word_1_245' title='bbox 353 1580 520 1622; x_wconf 85' lang='lat' dir='ltr'>poterant</span> <span class='ocrx_word' id='word_1_246' title='bbox 547 1590 662 1622; x_wconf 90' lang='lat' dir='ltr'>neque</span> <span class='ocrx_word' id='word_1_247' title='bbox 690 1579 879 1620; x_wconf 89' lang='lat' dir='ltr'>debebant,</span> <span class='ocrx_word' id='word_1_248' title='bbox 910 1581 1018 1622; x_wconf 89' lang='lat' dir='ltr'>prout</span> <span class='ocrx_word' id='word_1_249' title='bbox 1044 1579 1227 1622; x_wconf 80' lang='lat' dir='ltr'>fecerant3</span> <span class='ocrx_word' id='word_1_250' title='bbox 1258 1589 1370 1622; x_wconf 89' lang='lat' dir='ltr'>quare</span> <span class='ocrx_word' id='word_1_251' title='bbox 1401 1579 1639 1614; x_wconf 83' lang='lat' dir='ltr'>concludebat</span> <span class='ocrx_word' id='word_1_252' title='bbox 1665 1581 1762 1624; x_wconf 90' lang='lat' dir='ltr'>quod</span> 
     </span>
     <span class='ocr_line' id='line_1_26' title="bbox 121 1633 1762 1679; baseline 0.001 -10"><span class='ocrx_word' id='word_1_253' title='bbox 121 1634 211 1670; x_wconf 90' lang='lat' dir='ltr'>dicti</span> <span class='ocrx_word' id='word_1_254' title='bbox 236 1638 495 1679; x_wconf 88' lang='lat' dir='ltr'>conquerentes</span> <span class='ocrx_word' id='word_1_255' title='bbox 519 1633 732 1669; x_wconf 90' lang='lat' dir='ltr'>admittendi</span> <span class='ocrx_word' id='word_1_256' title='bbox 756 1645 829 1668; x_wconf 91' lang='lat' dir='ltr'>non</span> <span class='ocrx_word' id='word_1_257' title='bbox 852 1636 967 1674; x_wconf 91' lang='lat' dir='ltr'>erant,</span> <span class='ocrx_word' id='word_1_258' title='bbox 986 1636 1033 1675; x_wconf 88' lang='lat' dir='ltr'>et,</span> <span class='ocrx_word' id='word_1_259' title='bbox 1059 1633 1089 1667; x_wconf 88' lang='lat' dir='ltr'>si</span> <span class='ocrx_word' id='word_1_260' title='bbox 1113 1636 1217 1668; x_wconf 89' lang='lat' dir='ltr'>erant</span> <span class='ocrx_word' id='word_1_261' title='bbox 1243 1633 1468 1673; x_wconf 82' lang='lat' dir='ltr'>admittendi,</span> <span class='ocrx_word' id='word_1_262' title='bbox 1496 1645 1601 1670; x_wconf 92' lang='lat' dir='ltr'>omne</span> <span class='ocrx_word' id='word_1_263' title='bbox 1625 1636 1762 1670; x_wconf 86' lang='lat' dir='ltr'>factum</span> 
     </span>
     <span class='ocr_line' id='line_1_27' title="bbox 121 1688 1761 1735; baseline 0.001 -11"><span class='ocrx_word' id='word_1_264' title='bbox 121 1689 305 1734; x_wconf 89' lang='lat' dir='ltr'>pertinens</span> <span class='ocrx_word' id='word_1_265' title='bbox 321 1690 367 1724; x_wconf 91' lang='lat' dir='ltr'>ad</span> <span class='ocrx_word' id='word_1_266' title='bbox 383 1700 506 1724; x_wconf 90' lang='lat' dir='ltr'>casum</span> <span class='ocrx_word' id='word_1_267' title='bbox 531 1688 702 1724; x_wconf 79' lang='lat' dir='ltr'>novitatis</span> <span class='ocrx_word' id='word_1_268' title='bbox 725 1691 760 1724; x_wconf 88' lang='lat' dir='ltr'>et</span> <span class='ocrx_word' id='word_1_269' title='bbox 787 1688 1024 1732; x_wconf 84' lang='lat' dir='ltr'>possessiones</span> <span class='ocrx_word' id='word_1_270' title='bbox 1049 1688 1250 1723; x_wconf 90' lang='lat' dir='ltr'>contrarias</span> <span class='ocrx_word' id='word_1_271' title='bbox 1272 1688 1555 1732; x_wconf 87' lang='lat' dir='ltr'>possessionibus</span> <span class='ocrx_word' id='word_1_272' title='bbox 1579 1701 1642 1733; x_wconf 91' lang='lat' dir='ltr'>per</span> <span class='ocrx_word' id='word_1_273' title='bbox 1665 1691 1761 1735; x_wconf 89' lang='lat' dir='ltr'>ipsos</span> 
     </span>
     <span class='ocr_line' id='line_1_28' title="bbox 121 1743 1761 1789; baseline 0.001 -9"><span class='ocrx_word' id='word_1_274' title='bbox 121 1744 329 1789; x_wconf 87' lang='lat' dir='ltr'>episcopum</span> <span class='ocrx_word' id='word_1_275' title='bbox 346 1747 382 1780; x_wconf 92' lang='lat' dir='ltr'>et</span> <span class='ocrx_word' id='word_1_276' title='bbox 404 1745 448 1779; x_wconf 89' lang='lat' dir='ltr'>de</span> <span class='ocrx_word' id='word_1_277' title='bbox 472 1744 641 1779; x_wconf 88' lang='lat' dir='ltr'>Peronna</span> <span class='ocrx_word' id='word_1_278' title='bbox 657 1743 848 1788; x_wconf 86' lang='lat' dir='ltr'>propositis</span> <span class='ocrx_word' id='word_1_279' title='bbox 872 1744 1107 1788; x_wconf 86' lang='lat' dir='ltr'>proponebat,</span> <span class='ocrx_word' id='word_1_280' title='bbox 1127 1743 1375 1779; x_wconf 89' lang='lat' dir='ltr'>conclusiones</span> <span class='ocrx_word' id='word_1_281' title='bbox 1398 1745 1444 1779; x_wconf 88' lang='lat' dir='ltr'>ad</span> <span class='ocrx_word' id='word_1_282' title='bbox 1467 1746 1621 1781; x_wconf 90' lang='lat' dir='ltr'>eundem</span> <span class='ocrx_word' id='word_1_283' title='bbox 1638 1758 1761 1781; x_wconf 88' lang='lat' dir='ltr'>casum</span> 
     </span>
     <span class='ocr_line' id='line_1_29' title="bbox 120 1797 1760 1844; baseline 0.001 -9"><span class='ocrx_word' id='word_1_284' title='bbox 120 1800 341 1844; x_wconf 87' lang='lat' dir='ltr'>pertinentes</span> <span class='ocrx_word' id='word_1_285' title='bbox 356 1798 522 1833; x_wconf 88' lang='lat' dir='ltr'>faciendo</span> <span class='ocrx_word' id='word_1_286' title='bbox 547 1798 592 1832; x_wconf 89' lang='lat' dir='ltr'>ad</span> <span class='ocrx_word' id='word_1_287' title='bbox 613 1797 894 1839; x_wconf 89' lang='lat' dir='ltr'>recredenciam,</span> <span class='ocrx_word' id='word_1_288' title='bbox 910 1800 994 1841; x_wconf 85' lang='lat' dir='ltr'>jure</span> <span class='ocrx_word' id='word_1_289' title='bbox 1011 1798 1208 1839; x_wconf 91' lang='lat' dir='ltr'>communi,</span> <span class='ocrx_word' id='word_1_290' title='bbox 1227 1810 1298 1842; x_wconf 88' lang='lat' dir='ltr'>quo</span> <span class='ocrx_word' id='word_1_291' title='bbox 1322 1800 1493 1834; x_wconf 83' lang='lat' dir='ltr'>fundatus</span> <span class='ocrx_word' id='word_1_292' title='bbox 1510 1804 1599 1842; x_wconf 89' lang='lat' dir='ltr'>erat,</span> <span class='ocrx_word' id='word_1_293' title='bbox 1618 1804 1760 1837; x_wconf 87' lang='lat' dir='ltr'>actento</span> 
     </span>
     <span class='ocr_line' id='line_1_30' title="bbox 121 1852 1759 1901; baseline 0.002 -11"><span class='ocrx_word' id='word_1_294' title='bbox 121 1866 262 1890; x_wconf 89' lang='lat' dir='ltr'>necnon</span> <span class='ocrx_word' id='word_1_295' title='bbox 288 1854 384 1899; x_wconf 90' lang='lat' dir='ltr'>ipsos</span> <span class='ocrx_word' id='word_1_296' title='bbox 399 1853 607 1898; x_wconf 86' lang='lat' dir='ltr'>episcopum</span> <span class='ocrx_word' id='word_1_297' title='bbox 623 1856 658 1889; x_wconf 88' lang='lat' dir='ltr'>et</span> <span class='ocrx_word' id='word_1_298' title='bbox 681 1853 725 1888; x_wconf 88' lang='lat' dir='ltr'>de</span> <span class='ocrx_word' id='word_1_299' title='bbox 749 1853 918 1889; x_wconf 90' lang='lat' dir='ltr'>Peronna</span> <span class='ocrx_word' id='word_1_300' title='bbox 932 1852 972 1888; x_wconf 91' lang='lat' dir='ltr'>in</span> <span class='ocrx_word' id='word_1_301' title='bbox 994 1853 1069 1888; x_wconf 88' lang='lat' dir='ltr'>suis</span> <span class='ocrx_word' id='word_1_302' title='bbox 1085 1853 1344 1898; x_wconf 89' lang='lat' dir='ltr'>condempnari</span> <span class='ocrx_word' id='word_1_303' title='bbox 1367 1855 1530 1900; x_wconf 77' lang='lat' dir='ltr'>expensis</span> <span class='ocrx_word' id='word_1_304' title='bbox 1555 1857 1707 1901; x_wconf 88' lang='lat' dir='ltr'>petendo</span> <span class='ocrx_word' id='word_1_305' title='bbox 1723 1859 1759 1894; x_wconf 83' lang='lat' dir='ltr'>et</span> 
     </span>
     <span class='ocr_line' id='line_1_31' title="bbox 119 1910 349 1954; baseline 0 -9"><span class='ocrx_word' id='word_1_306' title='bbox 119 1910 349 1954; x_wconf 89' lang='lat' dir='ltr'>requirendo.</span> 
     </span>
    </p>

    <p class='ocr_par' dir='ltr' id='par_1_3' title="bbox 109 1965 1760 2956">
     <span class='ocr_line' id='line_1_32' title="bbox 164 1965 1760 2012; baseline 0.001 -10"><span class='ocrx_word' id='word_1_307' title='bbox 164 1966 278 2002; x_wconf 89' lang='lat' dir='ltr'>Dictis</span> <span class='ocrx_word' id='word_1_308' title='bbox 301 1966 469 2011; x_wconf 91' lang='lat' dir='ltr'>episcopo</span> <span class='ocrx_word' id='word_1_309' title='bbox 492 1968 527 2001; x_wconf 85' lang='lat' dir='ltr'>et</span> <span class='ocrx_word' id='word_1_310' title='bbox 549 1966 594 2000; x_wconf 87' lang='lat' dir='ltr'>de</span> <span class='ocrx_word' id='word_1_311' title='bbox 618 1965 787 2001; x_wconf 85' lang='lat' dir='ltr'>Perenna</span> <span class='ocrx_word' id='word_1_312' title='bbox 813 1966 1072 2010; x_wconf 84' lang='lat' dir='ltr'>replicantibus</span> <span class='ocrx_word' id='word_1_313' title='bbox 1097 1969 1205 2011; x_wconf 90' lang='lat' dir='ltr'>atque</span> <span class='ocrx_word' id='word_1_314' title='bbox 1227 1967 1431 2003; x_wconf 88' lang='lat' dir='ltr'>dicentibus</span> <span class='ocrx_word' id='word_1_315' title='bbox 1455 1967 1551 2011; x_wconf 89' lang='lat' dir='ltr'>quod</span> <span class='ocrx_word' id='word_1_316' title='bbox 1574 1979 1760 2012; x_wconf 87' lang='lat' dir='ltr'>processus</span> 
     </span>
     <span class='ocr_line' id='line_1_33' title="bbox 120 2021 1759 2067; baseline 0.002 -11"><span class='ocrx_word' id='word_1_317' title='bbox 120 2025 246 2058; x_wconf 89' lang='lat' dir='ltr'>contra</span> <span class='ocrx_word' id='word_1_318' title='bbox 273 2021 439 2067; x_wconf 88' lang='lat' dir='ltr'>superius</span> <span class='ocrx_word' id='word_1_319' title='bbox 466 2021 601 2057; x_wconf 81' lang='lat' dir='ltr'>dictam</span> <span class='ocrx_word' id='word_1_320' title='bbox 628 2021 785 2057; x_wconf 89' lang='lat' dir='ltr'>Mariam</span> <span class='ocrx_word' id='word_1_321' title='bbox 812 2023 932 2059; x_wconf 87' lang='lat' dir='ltr'>fuerat</span> <span class='ocrx_word' id='word_1_322' title='bbox 956 2034 998 2057; x_wconf 85' lang='lat' dir='ltr'>ac</span> <span class='ocrx_word' id='word_1_323' title='bbox 1025 2026 1103 2058; x_wconf 92' lang='lat' dir='ltr'>erat</span> <span class='ocrx_word' id='word_1_324' title='bbox 1130 2023 1200 2059; x_wconf 86' lang='lat' dir='ltr'>rite</span> <span class='ocrx_word' id='word_1_325' title='bbox 1227 2026 1263 2059; x_wconf 85' lang='lat' dir='ltr'>et</span> <span class='ocrx_word' id='word_1_326' title='bbox 1288 2023 1408 2059; x_wconf 89' lang='lat' dir='ltr'>debite</span> <span class='ocrx_word' id='word_1_327' title='bbox 1435 2023 1759 2060; x_wconf 86' lang='lat' dir='ltr'>informacionibus</span> 
     </span>
     <span class='ocr_line' id='line_1_34' title="bbox 117 2077 1758 2124; baseline 0.001 -11"><span class='ocrx_word' id='word_1_328' title='bbox 117 2077 335 2122; x_wconf 88' lang='lat' dir='ltr'>sumptuosis</span> <span class='ocrx_word' id='word_1_329' title='bbox 350 2077 478 2121; x_wconf 82' lang='lat' dir='ltr'>primis</span> <span class='ocrx_word' id='word_1_330' title='bbox 501 2078 628 2119; x_wconf 80' lang='lat' dir='ltr'>factus,</span> <span class='ocrx_word' id='word_1_331' title='bbox 655 2077 911 2122; x_wconf 88' lang='lat' dir='ltr'>sentenciaque</span> <span class='ocrx_word' id='word_1_332' title='bbox 928 2080 1029 2124; x_wconf 87' lang='lat' dir='ltr'>justa</span> <span class='ocrx_word' id='word_1_333' title='bbox 1047 2081 1081 2114; x_wconf 85' lang='lat' dir='ltr'>et</span> <span class='ocrx_word' id='word_1_334' title='bbox 1097 2078 1341 2121; x_wconf 57' lang='lat' dir='ltr'>racionabilis</span> <span class='ocrx_word' id='word_1_335' title='bbox 1361 2091 1471 2123; x_wconf 88' lang='lat' dir='ltr'>quam</span> <span class='ocrx_word' id='word_1_336' title='bbox 1494 2082 1620 2115; x_wconf 89' lang='lat' dir='ltr'>contra</span> <span class='ocrx_word' id='word_1_337' title='bbox 1643 2079 1758 2124; x_wconf 88' lang='lat' dir='ltr'>ipsam</span> 
     </span>
     <span class='ocr_line' id='line_1_35' title="bbox 117 2132 1756 2180; baseline 0.001 -12"><span class='ocrx_word' id='word_1_338' title='bbox 117 2133 273 2169; x_wconf 90' lang='lat' dir='ltr'>Mariam</span> <span class='ocrx_word' id='word_1_339' title='bbox 296 2133 486 2168; x_wconf 89' lang='lat' dir='ltr'>memorati</span> <span class='ocrx_word' id='word_1_340' title='bbox 513 2132 701 2177; x_wconf 88' lang='lat' dir='ltr'>episcopus</span> <span class='ocrx_word' id='word_1_341' title='bbox 728 2135 764 2168; x_wconf 88' lang='lat' dir='ltr'>et</span> <span class='ocrx_word' id='word_1_342' title='bbox 791 2133 836 2168; x_wconf 91' lang='lat' dir='ltr'>de</span> <span class='ocrx_word' id='word_1_343' title='bbox 864 2133 1044 2175; x_wconf 86' lang='lat' dir='ltr'>Perenna,</span> <span class='ocrx_word' id='word_1_344' title='bbox 1072 2133 1135 2177; x_wconf 88' lang='lat' dir='ltr'>qui</span> <span class='ocrx_word' id='word_1_345' title='bbox 1163 2146 1206 2169; x_wconf 80' lang='lat' dir='ltr'>ex</span> <span class='ocrx_word' id='word_1_346' title='bbox 1230 2134 1481 2169; x_wconf 87' lang='lat' dir='ltr'>commissione</span> <span class='ocrx_word' id='word_1_347' title='bbox 1507 2134 1577 2169; x_wconf 87' lang='lat' dir='ltr'>sibi</span> <span class='ocrx_word' id='word_1_348' title='bbox 1605 2136 1650 2170; x_wconf 93' lang='lat' dir='ltr'>ab</span> <span class='ocrx_word' id='word_1_349' title='bbox 1678 2135 1756 2180; x_wconf 90' lang='lat' dir='ltr'>ipso</span> 
     </span>
     <span class='ocr_line' id='line_1_36' title="bbox 116 2187 1752 2233; baseline 0.001 -10"><span class='ocrx_word' id='word_1_350' title='bbox 116 2188 283 2233; x_wconf 90' lang='lat' dir='ltr'>episcopo</span> <span class='ocrx_word' id='word_1_351' title='bbox 306 2187 440 2223; x_wconf 90' lang='lat' dir='ltr'>tradita</span> <span class='ocrx_word' id='word_1_352' title='bbox 455 2187 650 2232; x_wconf 90' lang='lat' dir='ltr'>episcopali</span> <span class='ocrx_word' id='word_1_353' title='bbox 667 2188 883 2223; x_wconf 88' lang='lat' dir='ltr'>auctoritate</span> <span class='ocrx_word' id='word_1_354' title='bbox 899 2200 942 2223; x_wconf 88' lang='lat' dir='ltr'>ac</span> <span class='ocrx_word' id='word_1_355' title='bbox 958 2188 1075 2223; x_wconf 89' lang='lat' dir='ltr'>eciam</span> <span class='ocrx_word' id='word_1_356' title='bbox 1092 2189 1212 2233; x_wconf 86' lang='lat' dir='ltr'>papali</span> <span class='ocrx_word' id='word_1_357' title='bbox 1236 2190 1417 2231; x_wconf 86' lang='lat' dir='ltr'>utebatur,</span> <span class='ocrx_word' id='word_1_358' title='bbox 1436 2189 1544 2224; x_wconf 88' lang='lat' dir='ltr'>simul</span> <span class='ocrx_word' id='word_1_359' title='bbox 1567 2190 1752 2232; x_wconf 89' lang='lat' dir='ltr'>dederant,</span> 
     </span>
     <span class='ocr_line' id='line_1_37' title="bbox 115 2243 1754 2289; baseline 0.001 -10"><span class='ocrx_word' id='word_1_360' title='bbox 115 2246 223 2288; x_wconf 90' lang='lat' dir='ltr'>prout</span> <span class='ocrx_word' id='word_1_361' title='bbox 249 2244 459 2284; x_wconf 86' lang='lat' dir='ltr'>debuerant,</span> <span class='ocrx_word' id='word_1_362' title='bbox 478 2254 522 2278; x_wconf 83' lang='lat' dir='ltr'>ex</span> <span class='ocrx_word' id='word_1_363' title='bbox 538 2255 609 2287; x_wconf 89' lang='lat' dir='ltr'>quo</span> <span class='ocrx_word' id='word_1_364' title='bbox 626 2243 763 2287; x_wconf 87' lang='lat' dir='ltr'>pariter</span> <span class='ocrx_word' id='word_1_365' title='bbox 780 2247 1051 2287; x_wconf 79' lang='lat' dir='ltr'>processerant3</span> <span class='ocrx_word' id='word_1_366' title='bbox 1077 2256 1100 2278; x_wconf 90' lang='lat' dir='ltr'>a</span> <span class='ocrx_word' id='word_1_367' title='bbox 1123 2255 1195 2288; x_wconf 90' lang='lat' dir='ltr'>qua</span> <span class='ocrx_word' id='word_1_368' title='bbox 1219 2244 1403 2280; x_wconf 87' lang='lat' dir='ltr'>sentencia</span> <span class='ocrx_word' id='word_1_369' title='bbox 1426 2257 1509 2279; x_wconf 90' lang='lat' dir='ltr'>cum</span> <span class='ocrx_word' id='word_1_370' title='bbox 1532 2257 1598 2289; x_wconf 90' lang='lat' dir='ltr'>per</span> <span class='ocrx_word' id='word_1_371' title='bbox 1618 2245 1754 2281; x_wconf 87' lang='lat' dir='ltr'>dictam</span> 
     </span>
     <span class='ocr_line' id='line_1_38' title="bbox 114 2297 1755 2345; baseline 0.001 -11"><span class='ocrx_word' id='word_1_372' title='bbox 114 2298 271 2334; x_wconf 91' lang='lat' dir='ltr'>Mariam</span> <span class='ocrx_word' id='word_1_373' title='bbox 299 2298 346 2333; x_wconf 91' lang='lat' dir='ltr'>ad</span> <span class='ocrx_word' id='word_1_374' title='bbox 376 2297 495 2342; x_wconf 90' lang='lat' dir='ltr'>ipsum</span> <span class='ocrx_word' id='word_1_375' title='bbox 527 2297 840 2342; x_wconf 89' lang='lat' dir='ltr'>archiepiscopum</span> <span class='ocrx_word' id='word_1_376' title='bbox 869 2298 1044 2334; x_wconf 79' lang='lat' dir='ltr'>extitisset</span> <span class='ocrx_word' id='word_1_377' title='bbox 1075 2299 1306 2343; x_wconf 89' lang='lat' dir='ltr'>appellatum,</span> <span class='ocrx_word' id='word_1_378' title='bbox 1340 2299 1436 2334; x_wconf 91' lang='lat' dir='ltr'>idem</span> <span class='ocrx_word' id='word_1_379' title='bbox 1463 2299 1755 2345; x_wconf 85' lang='lat' dir='ltr'>archiepiscopus</span> 
     </span>
     <span class='ocr_line' id='line_1_39' title="bbox 113 2352 1755 2399; baseline 0.002 -11"><span class='ocrx_word' id='word_1_380' title='bbox 113 2352 372 2399; x_wconf 89' lang='lat' dir='ltr'>appellacionis</span> <span class='ocrx_word' id='word_1_381' title='bbox 400 2364 546 2388; x_wconf 90' lang='lat' dir='ltr'>causam</span> <span class='ocrx_word' id='word_1_382' title='bbox 578 2352 739 2387; x_wconf 84' lang='lat' dir='ltr'>dividere</span> <span class='ocrx_word' id='word_1_383' title='bbox 770 2352 994 2397; x_wconf 86' lang='lat' dir='ltr'>nequiverat,</span> <span class='ocrx_word' id='word_1_384' title='bbox 1029 2365 1144 2398; x_wconf 87' lang='lat' dir='ltr'>neque</span> <span class='ocrx_word' id='word_1_385' title='bbox 1174 2354 1218 2389; x_wconf 87' lang='lat' dir='ltr'>de</span> <span class='ocrx_word' id='word_1_386' title='bbox 1249 2354 1327 2398; x_wconf 91' lang='lat' dir='ltr'>ipsa</span> <span class='ocrx_word' id='word_1_387' title='bbox 1357 2355 1401 2389; x_wconf 90' lang='lat' dir='ltr'>de</span> <span class='ocrx_word' id='word_1_388' title='bbox 1427 2357 1512 2398; x_wconf 86' lang='lat' dir='ltr'>jure</span> <span class='ocrx_word' id='word_1_389' title='bbox 1542 2358 1578 2390; x_wconf 90' lang='lat' dir='ltr'>et</span> <span class='ocrx_word' id='word_1_390' title='bbox 1607 2356 1755 2392; x_wconf 86' lang='lat' dir='ltr'>racione</span> 
     </span>
     <span class='ocr_line' id='line_1_40' title="bbox 113 2408 1755 2454; baseline 0.001 -10"><span class='ocrx_word' id='word_1_391' title='bbox 113 2420 342 2454; x_wconf 87' lang='lat' dir='ltr'>cognoscere,</span> <span class='ocrx_word' id='word_1_392' title='bbox 362 2420 445 2443; x_wconf 90' lang='lat' dir='ltr'>cum</span> <span class='ocrx_word' id='word_1_393' title='bbox 462 2409 507 2443; x_wconf 92' lang='lat' dir='ltr'>ad</span> <span class='ocrx_word' id='word_1_394' title='bbox 523 2409 644 2443; x_wconf 89' lang='lat' dir='ltr'>sedem</span> <span class='ocrx_word' id='word_1_395' title='bbox 662 2408 865 2443; x_wconf 86' lang='lat' dir='ltr'>Romanam</span> <span class='ocrx_word' id='word_1_396' title='bbox 881 2408 959 2452; x_wconf 86' lang='lat' dir='ltr'>ipsa</span> <span class='ocrx_word' id='word_1_397' title='bbox 984 2409 1197 2453; x_wconf 90' lang='lat' dir='ltr'>appellacio,</span> <span class='ocrx_word' id='word_1_398' title='bbox 1223 2409 1371 2444; x_wconf 90' lang='lat' dir='ltr'>racione</span> <span class='ocrx_word' id='word_1_399' title='bbox 1395 2410 1506 2445; x_wconf 91' lang='lat' dir='ltr'>officii</span> <span class='ocrx_word' id='word_1_400' title='bbox 1529 2410 1755 2454; x_wconf 86' lang='lat' dir='ltr'>inquisitoris</span> 
     </span>
     <span class='ocr_line' id='line_1_41' title="bbox 114 2463 1757 2510; baseline 0.002 -12"><span class='ocrx_word' id='word_1_401' title='bbox 114 2463 176 2508; x_wconf 90' lang='lat' dir='ltr'>qui</span> <span class='ocrx_word' id='word_1_402' title='bbox 194 2463 420 2499; x_wconf 84' lang='lat' dir='ltr'>ordinarium</span> <span class='ocrx_word' id='word_1_403' title='bbox 436 2464 482 2499; x_wconf 91' lang='lat' dir='ltr'>ad</span> <span class='ocrx_word' id='word_1_404' title='bbox 505 2475 542 2498; x_wconf 89' lang='lat' dir='ltr'>se</span> <span class='ocrx_word' id='word_1_405' title='bbox 566 2463 778 2498; x_wconf 85' lang='lat' dir='ltr'>actrahebat</span> <span class='ocrx_word' id='word_1_406' title='bbox 801 2466 909 2507; x_wconf 85' lang='lat' dir='ltr'>atque</span> <span class='ocrx_word' id='word_1_407' title='bbox 927 2464 1116 2499; x_wconf 83' lang='lat' dir='ltr'>actrahere</span> <span class='ocrx_word' id='word_1_408' title='bbox 1141 2465 1326 2506; x_wconf 83' lang='lat' dir='ltr'>debuerat,</span> <span class='ocrx_word' id='word_1_409' title='bbox 1345 2465 1590 2500; x_wconf 86' lang='lat' dir='ltr'>desolveretur</span> <span class='ocrx_word' id='word_1_410' title='bbox 1613 2469 1648 2501; x_wconf 90' lang='lat' dir='ltr'>et</span> <span class='ocrx_word' id='word_1_411' title='bbox 1671 2466 1757 2510; x_wconf 92' lang='lat' dir='ltr'>quia</span> 
     </span>
     <span class='ocr_line' id='line_1_42' title="bbox 111 2519 1754 2565; baseline 0.002 -11"><span class='ocrx_word' id='word_1_412' title='bbox 111 2519 231 2555; x_wconf 89' lang='lat' dir='ltr'>dictus</span> <span class='ocrx_word' id='word_1_413' title='bbox 258 2519 550 2563; x_wconf 88' lang='lat' dir='ltr'>archiepiscopus</span> <span class='ocrx_word' id='word_1_414' title='bbox 589 2519 632 2553; x_wconf 88' lang='lat' dir='ltr'>de</span> <span class='ocrx_word' id='word_1_415' title='bbox 664 2519 742 2563; x_wconf 91' lang='lat' dir='ltr'>ipsa</span> <span class='ocrx_word' id='word_1_416' title='bbox 770 2519 1029 2563; x_wconf 85' lang='lat' dir='ltr'>appellacionis</span> <span class='ocrx_word' id='word_1_417' title='bbox 1058 2531 1166 2555; x_wconf 89' lang='lat' dir='ltr'>causa</span> <span class='ocrx_word' id='word_1_418' title='bbox 1208 2521 1252 2555; x_wconf 91' lang='lat' dir='ltr'>de</span> <span class='ocrx_word' id='word_1_419' title='bbox 1283 2522 1378 2555; x_wconf 85' lang='lat' dir='ltr'>facto</span> <span class='ocrx_word' id='word_1_420' title='bbox 1407 2532 1622 2565; x_wconf 83' lang='lat' dir='ltr'>cognoscere</span> <span class='ocrx_word' id='word_1_421' title='bbox 1654 2521 1754 2557; x_wconf 89' lang='lat' dir='ltr'>nisus</span> 
     </span>
     <span class='ocr_line' id='line_1_43' title="bbox 112 2574 1753 2621; baseline 0.003 -13"><span class='ocrx_word' id='word_1_422' title='bbox 112 2575 242 2616; x_wconf 84' lang='lat' dir='ltr'>fuerat,</span> <span class='ocrx_word' id='word_1_423' title='bbox 269 2574 338 2618; x_wconf 89' lang='lat' dir='ltr'>ipsi</span> <span class='ocrx_word' id='word_1_424' title='bbox 362 2574 549 2618; x_wconf 86' lang='lat' dir='ltr'>episcopus</span> <span class='ocrx_word' id='word_1_425' title='bbox 573 2577 608 2610; x_wconf 90' lang='lat' dir='ltr'>et</span> <span class='ocrx_word' id='word_1_426' title='bbox 632 2575 675 2609; x_wconf 91' lang='lat' dir='ltr'>de</span> <span class='ocrx_word' id='word_1_427' title='bbox 700 2575 869 2610; x_wconf 87' lang='lat' dir='ltr'>Perenna</span> <span class='ocrx_word' id='word_1_428' title='bbox 892 2575 1012 2610; x_wconf 88' lang='lat' dir='ltr'>debite</span> <span class='ocrx_word' id='word_1_429' title='bbox 1038 2575 1224 2620; x_wconf 86' lang='lat' dir='ltr'>conquesti</span> <span class='ocrx_word' id='word_1_430' title='bbox 1248 2577 1404 2617; x_wconf 84' lang='lat' dir='ltr'>fuerant,</span> <span class='ocrx_word' id='word_1_431' title='bbox 1423 2579 1565 2612; x_wconf 87' lang='lat' dir='ltr'>actento</span> <span class='ocrx_word' id='word_1_432' title='bbox 1593 2577 1753 2621; x_wconf 87' lang='lat' dir='ltr'>predicto</span> 
     </span>
     <span class='ocr_line' id='line_1_44' title="bbox 111 2629 1750 2676; baseline 0.002 -12"><span class='ocrx_word' id='word_1_433' title='bbox 111 2641 195 2664; x_wconf 88' lang='lat' dir='ltr'>casu</span> <span class='ocrx_word' id='word_1_434' title='bbox 215 2630 278 2674; x_wconf 90' lang='lat' dir='ltr'>qui</span> <span class='ocrx_word' id='word_1_435' title='bbox 300 2630 428 2674; x_wconf 87' lang='lat' dir='ltr'>procul</span> <span class='ocrx_word' id='word_1_436' title='bbox 451 2629 562 2664; x_wconf 91' lang='lat' dir='ltr'>dubio</span> <span class='ocrx_word' id='word_1_437' title='bbox 578 2630 733 2665; x_wconf 88' lang='lat' dir='ltr'>heresim</span> <span class='ocrx_word' id='word_1_438' title='bbox 750 2630 911 2674; x_wconf 88' lang='lat' dir='ltr'>sapiebat</span> <span class='ocrx_word' id='word_1_439' title='bbox 925 2644 933 2674; x_wconf 80' lang='lat'>3</span> <span class='ocrx_word' id='word_1_440' title='bbox 958 2633 994 2665; x_wconf 91' lang='lat' dir='ltr'>et</span> <span class='ocrx_word' id='word_1_441' title='bbox 1017 2630 1132 2675; x_wconf 85' lang='lat' dir='ltr'>posito</span> <span class='ocrx_word' id='word_1_442' title='bbox 1149 2631 1244 2675; x_wconf 89' lang='lat' dir='ltr'>quod</span> <span class='ocrx_word' id='word_1_443' title='bbox 1260 2631 1416 2666; x_wconf 89' lang='lat' dir='ltr'>heresim</span> <span class='ocrx_word' id='word_1_444' title='bbox 1432 2631 1581 2666; x_wconf 90' lang='lat' dir='ltr'>minime</span> <span class='ocrx_word' id='word_1_445' title='bbox 1598 2636 1750 2676; x_wconf 87' lang='lat' dir='ltr'>saperet,</span> 
     </span>
     <span class='ocr_line' id='line_1_45' title="bbox 110 2685 1751 2730; baseline 0.002 -10"><span class='ocrx_word' id='word_1_446' title='bbox 110 2685 154 2720; x_wconf 89' lang='lat' dir='ltr'>de</span> <span class='ocrx_word' id='word_1_447' title='bbox 170 2696 212 2720; x_wconf 90' lang='lat' dir='ltr'>eo</span> <span class='ocrx_word' id='word_1_448' title='bbox 235 2687 356 2720; x_wconf 87' lang='lat' dir='ltr'>tamen</span> <span class='ocrx_word' id='word_1_449' title='bbox 373 2686 532 2729; x_wconf 89' lang='lat' dir='ltr'>prefatus</span> <span class='ocrx_word' id='word_1_450' title='bbox 556 2685 848 2729; x_wconf 86' lang='lat' dir='ltr'>archiepiscopus</span> <span class='ocrx_word' id='word_1_451' title='bbox 872 2689 1068 2721; x_wconf 87' lang='lat' dir='ltr'>ressortum</span> <span class='ocrx_word' id='word_1_452' title='bbox 1086 2698 1158 2721; x_wconf 93' lang='lat' dir='ltr'>non</span> <span class='ocrx_word' id='word_1_453' title='bbox 1181 2686 1337 2721; x_wconf 88' lang='lat' dir='ltr'>habebat</span> <span class='ocrx_word' id='word_1_454' title='bbox 1361 2698 1476 2730; x_wconf 87' lang='lat' dir='ltr'>neque</span> <span class='ocrx_word' id='word_1_455' title='bbox 1500 2686 1632 2722; x_wconf 87' lang='lat' dir='ltr'>habere</span> <span class='ocrx_word' id='word_1_456' title='bbox 1650 2688 1751 2723; x_wconf 90' lang='lat' dir='ltr'>debe-</span> 
     </span>
     <span class='ocr_line' id='line_1_46' title="bbox 111 2740 1750 2785; baseline 0.001 -10"><span class='ocrx_word' id='word_1_457' title='bbox 111 2740 183 2775; x_wconf 87' lang='lat' dir='ltr'>bat.</span> <span class='ocrx_word' id='word_1_458' title='bbox 217 2740 368 2784; x_wconf 88' lang='lat' dir='ltr'>Insuper</span> <span class='ocrx_word' id='word_1_459' title='bbox 406 2741 574 2776; x_wconf 85' lang='lat' dir='ltr'>dicebant</span> <span class='ocrx_word' id='word_1_460' title='bbox 605 2741 712 2784; x_wconf 88' lang='lat' dir='ltr'>quod,</span> <span class='ocrx_word' id='word_1_461' title='bbox 746 2740 776 2775; x_wconf 90' lang='lat' dir='ltr'>si</span> <span class='ocrx_word' id='word_1_462' title='bbox 810 2740 1040 2785; x_wconf 84' lang='lat' dir='ltr'>supradictus</span> <span class='ocrx_word' id='word_1_463' title='bbox 1072 2741 1363 2785; x_wconf 86' lang='lat' dir='ltr'>archiepiscopus</span> <span class='ocrx_word' id='word_1_464' title='bbox 1401 2741 1615 2778; x_wconf 88' lang='lat' dir='ltr'>citacionem</span> <span class='ocrx_word' id='word_1_465' title='bbox 1647 2754 1750 2777; x_wconf 88' lang='lat' dir='ltr'>suam</span> 
     </span>
     <span class='ocr_line' id='line_1_47' title="bbox 109 2795 1751 2841; baseline 0.002 -11"><span class='ocrx_word' id='word_1_466' title='bbox 109 2795 321 2837; x_wconf 85' lang='lat' dir='ltr'>tradiderat,</span> <span class='ocrx_word' id='word_1_467' title='bbox 340 2800 546 2840; x_wconf 88' lang='lat' dir='ltr'>premature</span> <span class='ocrx_word' id='word_1_468' title='bbox 570 2796 639 2831; x_wconf 89' lang='lat' dir='ltr'>hoc</span> <span class='ocrx_word' id='word_1_469' title='bbox 666 2797 811 2838; x_wconf 84' lang='lat' dir='ltr'>fecerat,</span> <span class='ocrx_word' id='word_1_470' title='bbox 830 2797 932 2841; x_wconf 90' lang='lat' dir='ltr'>prius</span> <span class='ocrx_word' id='word_1_471' title='bbox 956 2796 1133 2841; x_wconf 88' lang='lat' dir='ltr'>siquidem</span> <span class='ocrx_word' id='word_1_472' title='bbox 1156 2797 1224 2832; x_wconf 87' lang='lat' dir='ltr'>sibi</span> <span class='ocrx_word' id='word_1_473' title='bbox 1249 2798 1367 2833; x_wconf 87' lang='lat' dir='ltr'>fuerat</span> <span class='ocrx_word' id='word_1_474' title='bbox 1390 2797 1751 2834; x_wconf 77' lang='lat' dir='ltr'>animadvertendum</span> 
     </span>
     <span class='ocr_line' id='line_1_48' title="bbox 114 2851 1749 2898; baseline 0.001 -12"><span class='ocrx_word' id='word_1_475' title='bbox 114 2851 144 2885; x_wconf 86' lang='lat' dir='ltr'>si</span> <span class='ocrx_word' id='word_1_476' title='bbox 161 2851 294 2886; x_wconf 87' lang='lat' dir='ltr'>dictam</span> <span class='ocrx_word' id='word_1_477' title='bbox 313 2851 528 2887; x_wconf 84' lang='lat' dir='ltr'>citaeionem</span> <span class='ocrx_word' id='word_1_478' title='bbox 545 2853 688 2887; x_wconf 86' lang='lat' dir='ltr'>tradere</span> <span class='ocrx_word' id='word_1_479' title='bbox 713 2852 865 2887; x_wconf 84' lang='lat' dir='ltr'>debebat</span> <span class='ocrx_word' id='word_1_480' title='bbox 880 2864 926 2887; x_wconf 87' lang='lat' dir='ltr'>an</span> <span class='ocrx_word' id='word_1_481' title='bbox 945 2864 1028 2887; x_wconf 90' lang='lat' dir='ltr'>non.</span> <span class='ocrx_word' id='word_1_482' title='bbox 1049 2853 1102 2887; x_wconf 76' lang='lat' dir='ltr'>Ex</span> <span class='ocrx_word' id='word_1_483' title='bbox 1120 2853 1250 2896; x_wconf 90' lang='lat' dir='ltr'>quibus</span> <span class='ocrx_word' id='word_1_484' title='bbox 1266 2856 1301 2888; x_wconf 89' lang='lat' dir='ltr'>et</span> <span class='ocrx_word' id='word_1_485' title='bbox 1317 2852 1399 2887; x_wconf 88' lang='lat' dir='ltr'>aliis</span> <span class='ocrx_word' id='word_1_486' title='bbox 1416 2853 1528 2888; x_wconf 87' lang='lat' dir='ltr'>lacius</span> <span class='ocrx_word' id='word_1_487' title='bbox 1546 2854 1749 2898; x_wconf 85' lang='lat' dir='ltr'>propositis,</span> 
     </span>
     <span class='ocr_line' id='line_1_49' title="bbox 109 2907 1746 2956; baseline 0.002 -13"><span class='ocrx_word' id='word_1_488' title='bbox 109 2908 204 2951; x_wconf 90' lang='lat' dir='ltr'>quod</span> <span class='ocrx_word' id='word_1_489' title='bbox 227 2907 296 2952; x_wconf 90' lang='lat' dir='ltr'>ipsi</span> <span class='ocrx_word' id='word_1_490' title='bbox 320 2911 356 2944; x_wconf 90' lang='lat' dir='ltr'>et</span> <span class='ocrx_word' id='word_1_491' title='bbox 383 2920 455 2944; x_wconf 93' lang='lat' dir='ltr'>non</span> <span class='ocrx_word' id='word_1_492' title='bbox 483 2908 601 2944; x_wconf 87' lang='lat' dir='ltr'>dictus</span> <span class='ocrx_word' id='word_1_493' title='bbox 629 2908 921 2953; x_wconf 88' lang='lat' dir='ltr'>archiepiscopus</span> <span class='ocrx_word' id='word_1_494' title='bbox 950 2909 1163 2945; x_wconf 88' lang='lat' dir='ltr'>admittendi</span> <span class='ocrx_word' id='word_1_495' title='bbox 1188 2912 1302 2951; x_wconf 88' lang='lat' dir='ltr'>erant,</span> <span class='ocrx_word' id='word_1_496' title='bbox 1333 2912 1369 2945; x_wconf 85' lang='lat' dir='ltr'>et</span> <span class='ocrx_word' id='word_1_497' title='bbox 1395 2912 1502 2955; x_wconf 84' lang='lat' dir='ltr'>prout</span> <span class='ocrx_word' id='word_1_498' title='bbox 1528 2922 1638 2956; x_wconf 83' lang='lat' dir='ltr'>supra</span> <span class='ocrx_word' id='word_1_499' title='bbox 1664 2922 1746 2946; x_wconf 91' lang='lat' dir='ltr'>con-</span> 
     </span>
    </p>
   </div>
   <div class='ocr_carea' id='block_1_3' title="bbox 108 2963 310 3000">
    <p class='ocr_par' dir='ltr' id='par_1_4' title="bbox 108 2963 310 3000">
     <span class='ocr_line' id='line_1_50' title="bbox 108 2963 310 3000; baseline 0.005 -2"><span class='ocrx_word' id='word_1_500' title='bbox 108 2963 310 3000; x_wconf 74' lang='lat' dir='ltr'>eludebant..</span> 
     </span>
    </p>
   </div>
  </div>
 </body>
</html>
