2097 3466
384 233 427 267 70
1069 229 1203 267 ANNO
1228 229 1329 266 1220

427 326 634 361 Promissio
653 325 820 360 Honorio
838 325 901 360 ΙῙῙ
907 335 1041 370 papae.

427 379 467 413 In
483 378 626 413 nominc
643 378 706 413 Dci
721 377 834 413 eterni
848 381 883 412 ct
895 376 1082 411 salvatoris
1096 375 1206 411 nostri
1220 375 1303 411 Jcsu
1318 375 1450 411 Christi
1463 387 1579 410 amen.
1592 375 1805 414 Fredericus
1817 377 2004 421 secundus,

382 434 505 469 divina
523 435 663 469 favente
693 434 884 470 clementia
901 434 1146 469 Rornanorum
1164 444 1227 468 rex
1243 444 1383 477 semper
1398 435 1572 477 augustus
1587 436 1622 468 et
1638 445 1700 469 rex
1718 433 1918 468 Siciliae...

428 489 544 532 Super
559 489 776 524 eradicando
793 492 914 523 autem
928 488 1085 523 heretico
1102 487 1289 531 pravitatis
1301 499 1423 522 errore
1438 487 1613 522 auxilium
1630 488 1794 523 dabimus
1809 490 1845 523 et
1860 498 2006 532 operam

383 544 576 578 efficacem.

686 607 803 645 Pertz,
832 606 1084 645 Monumenta,
1115 605 1241 649 Leqes,
1269 605 1348 639 decl
1371 604 1416 645 II,
1442 605 1507 639 blz.
1531 607 1606 640 231.
1633 624 1677 630 —
1703 605 1764 640 Zie
1785 605 1922 650 hooger
1943 615 2007 640 ons

727 667 766 694 11¹·
781 663 835 702 67,
848 671 947 695 waar
961 659 1134 695 Frcdcrik
1151 659 1185 694 II
1201 659 1357 694 dezelfdc
1370 659 1500 694 belofte
1515 671 1584 694 aan
1604 659 1833 696 Innocentius
1847 659 1900 696 III
1911 660 2005 697 dcet..

1156 795 1235 841 71.

441 925 578 975 1220,
608 923 864 968 November
886 923 959 972 22,
988 923 1142 966 Rome.
1182 924 1290 966 Wet
1312 925 1442 980 tegen
1471 924 1524 967 de
1561 923 1796 977 Catharen,
1832 923 2003 968 Patari-

378 1008 479 1044 nen,
508 994 799 1049 Speronisten,
829 992 1076 1042 Leonisten‚
1113 992 1411 1046 Arnaldisten,
1433 993 1729 1043 Besnedenen‚
1757 1007 1871 1044 enz.,
1899 993 2003 1037 door

376 1063 523 1105 keizer
540 1062 817 1113 FrederikII,
838 1061 894 1118 bij
912 1062 1023 1117 zijne
1040 1061 1230 1117 kroning
1248 1061 1353 1104 door
1365 1076 1471 1117 paus
1489 1062 1705 1104 Honorius
1716 1062 1793 1114 III,
1814 1064 1858 1106 te
1870 1063 2003 1105 Rome

376 1133 419 1174 in
452 1132 504 1173 de
526 1129 878 1174 St-Pieterskerk
908 1129 1251 1186 uitgevaardigd.
1278 1155 1336 1160 —-
1360 1131 1412 1172 Al
1439 1131 1491 1173 de
1513 1131 1682 1174 ketters
1704 1130 1929 1175 verklaart
1951 1131 2004 1174 de

375 1201 521 1242 keizer
559 1200 602 1242 in
626 1200 708 1242 den
731 1199 816 1242 ban
840 1213 924 1242 van
966 1200 995 1242 't
1029 1198 1132 1255 Rijk
1165 1212 1218 1241 en
1258 1199 1407 1241 hunne
1438 1199 1654 1255 goederen
1686 1198 1918 1244 verbeurd.
1953 1200 2003 1243 In

374 1270 402 1312 't
424 1268 561 1312 zelfde
586 1269 712 1324 geval
735 1268 879 1310 zullen
903 1268 999 1311 zich
1038 1268 1089 1310 de
1128 1266 1394 1310 verdachten
1417 1269 1630 1323 plaatsen‚
1674 1267 1740 1310 die
1772 1282 1890 1312 meer
1919 1268 2004 1311 dan

376 1351 454 1381 een
468 1339 567 1394 Jaar
589 1338 732 1380 zullen
756 1337 958 1379 waehten
979 1350 1047 1379 om
1084 1336 1231 1378 hunne
1268 1336 1477 1380 onschuld
1499 1340 1544 1380 te
1580 1336 1807 1394 bewijzen.
1849 1337 1905 1380 Al
1949 1337 2002 1381 de

375 1406 646 1462 wereldlijke
684 1405 960 1449 ambtenaars
996 1408 1165 1448 moeten
1210 1405 1348 1448 onder
1380 1405 1482 1448 eede
1520 1405 1719 1458 beloven,
1747 1406 1821 1449 dat
1859 1406 1911 1464 zij
1951 1405 2004 1450 de

376 1476 553 1532 ketterij
580 1475 644 1518 uit
682 1474 831 1517 hunne
854 1477 1079 1530 gewesten
1116 1474 1261 1517 zullen
1301 1474 1458 1530 helpen
1493 1475 1720 1518 uitroeien.
1745 1475 1806 1518 De
1836 1475 2005 1518 weder-

375 1544 620 1601 spannigen
643 1544 788 1587 zullen
821 1557 907 1586 van
939 1544 1088 1586 hunne
1111 1542 1284 1586 ambten
1317 1556 1370 1586 en
1405 1543 1564 1586 landen
1595 1542 1771 1586 beroofd
1802 1543 1998 1587 worden.

373 1615 471 1657 Alle
503 1613 812 1669 begunstigers
851 1613 928 1655 der
964 1612 1133 1656 ketters
1175 1612 1352 1656 worden
1391 1626 1447 1654 na
1490 1626 1569 1654 een
1605 1613 1706 1670 jaar
1745 1616 1834 1656 met
1868 1612 2002 1656 dezen

373 1682 681 1740 gelijkgesteld
706 1697 760 1725 en
779 1682 866 1739 zijn
891 1681 1176 1724 onbekwaam
1214 1695 1281 1723 om
1314 1680 1488 1723 ambten
1505 1683 1548 1724 te
1579 1680 1833 1734 bekleeden‚
1861 1682 2003 1738 getui-

373 1752 576 1807 genissen
616 1751 663 1794 af
680 1754 724 1795 te
759 1751 934 1807 leggen,
971 1756 1015 1793 te
1053 1764 1201 1800 erven‚
1229 1753 1521 1793 testamenten
1560 1754 1602 1794 te
1621 1750 1793 1804 maken,
1815 1764 1910 1795 enz.
1945 1751 2000 1794 Al

374 1820 523 1863 hunne
546 1820 685 1864 daden
703 1821 768 1863 als
791 1820 981 1872 rechter,
1003 1819 1214 1863 advocaat,
1232 1818 1278 1862 of
1295 1819 1461 1862 notaris
1482 1819 1569 1877 ziJn
1595 1820 1746 1876 nietig.

842 1945 1058 1980 Constitutio
1074 1946 1115 1978 in
1129 1943 1284 1979 basilica
1302 1943 1407 1979 Beati
1422 1944 1538 1979 Petri.

416 2027 640 2069 Fredericm,
669 2028 734 2063 Dei
758 2028 878 2072 gratia
905 2028 1152 2063 Romanorum
1176 2027 1373 2072 imperator
1400 2031 1435 2063 et
1461 2038 1601 2072 semper
1624 2029 1810 2072 augustus,
1835 2024 1999 2068 ducibus,

374 2083 655 2125 marchionibus,
669 2083 859 2119 comitibus
874 2083 1082 2127 cunctisque
1093 2084 1235 2128 populis
1251 2095 1339 2127 quos
1356 2083 1544 2119 clementie
1561 2086 1680 2118 nostre
1691 2082 1787 2127 regit
1795 2080 2000 2126 imperium,

374 2141 524 2174 salutem
542 2143 577 2174 et
592 2139 759 2183 gratiam.

414 2194 454 2228 In
472 2194 529 2228 die
547 2205 617 2236 qua
634 2194 677 2227 de
691 2205 800 2228 manu
821 2193 1040 2228 sacrosancti
1058 2192 1171 2237 patris
1184 2192 1297 2227 nostri
1313 2193 1432 2227 sumni
1449 2191 1629 2237 pontificis
1643 2191 1844 2236 recepimus
1859 2190 2003 2236 imperii

372 2249 549 2289 diadema,
569 2249 776 2283 curavimus
799 2250 844 2283 ad
870 2249 935 2284 Dei
962 2252 997 2284 et
1021 2250 1169 2284 ecclesie
1193 2262 1255 2284 sue
1277 2250 1450 2284 honorem
1475 2250 1578 2284 edere
1595 2249 1766 2292 quasdam
1789 2248 1897 2293 leges,
1915 2259 2004 2292 quas

372 2303 526 2347 presenti
546 2303 677 2347 pagine
695 2304 864 2338 iussimus
880 2305 1059 2346 annotari,
1080 2316 1144 2349 per
1160 2308 1274 2340 totum
1292 2307 1452 2340 nostrum
1469 2304 1661 2347 imperium
1677 2302 1922 2347 publicandas,
1939 2313 2004 2347 per

370 2359 561 2402 imperiala
592 2359 691 2393 vobis
720 2359 856 2403 scripta
889 2360 1120 2404 precipiendo
1150 2361 1372 2400 mandantes,
1407 2359 1576 2403 quatinus
1606 2370 1664 2393 eas
1695 2357 1845 2401 quisque
1870 2357 1910 2393 in
1937 2369 2002 2393 suo

371 2413 537 2449 districtu
554 2414 862 2458 irrefragabiliter
880 2418 915 2450 et
931 2415 1143 2450 inconcusse
1159 2415 1318 2451 servetis.
1338 2415 1430 2449 Sunt
1446 2417 1566 2449 autem
1581 2413 1648 2448 hec
1663 2413 1771 2458 leges.

391 2490 1975 2504 .........................

416 2523 600 2565 Catharos,
624 2525 834 2567 patarenos,
854 2525 1091 2570 Speronistas,
1118 2525 1314 2566 Leonistas,
1333 2524 1569 2566 Arnaldistas‚
1589 2523 1826 2559 Circumcisos
1838 2526 1872 2559 et
1881 2535 2004 2559 omnes

371 2578 548 2613 hereticos
578 2578 766 2622 utriusque
798 2591 914 2621 sexuS,
931 2591 1156 2623 quocumque
1184 2579 1328 2614 nomine
1353 2581 1576 2619 censeantur,
1594 2580 1767 2621 perpetua
1792 2578 2004 2622 dampnatos

371 2633 521 2668 infamia
545 2634 750 2668 diffidamus
777 2638 884 2678 atque
909 2634 1111 2676 bannimus,
1132 2634 1393 2669 consentientes
1415 2637 1456 2669 ut
1472 2634 1564 2668 bona
1579 2632 1707 2668 talium
1724 2633 2004 2668 confiscerentur

372 2703 437 2726 nec
454 2692 499 2725 ad
515 2703 574 2725 eos
592 2690 744 2724 ulterius
769 2693 1013 2731 revertantur,
1033 2690 1083 2724 ita
1106 2690 1200 2733 quod
1225 2686 1291 2724 filii
1316 2689 1361 2723 ad
1385 2688 1643 2723 successionem
1668 2699 1792 2722 corum
1815 2687 2003 2732 pervenire

372 2758 443 2781 non
461 2746 607 2789 possint,
628 2757 710 2779 cum
727 2745 835 2789 longe
852 2745 898 2780 sit
922 2744 1073 2789 gravius
1089 2749 1249 2779 eternam
1266 2756 1373 2788 quam
1395 2743 1628 2787 temporalem
1644 2743 1823 2777 offendere
1838 2741 2001 2778 maiesta-

371 2804 455 2835 tem.
487 2799 557 2839 Qui
585 2804 705 2834 autem
733 2799 871 2834 inventi
904 2799 1040 2834 fuerint
1071 2800 1146 2834 sola
1177 2799 1379 2843 suspicione
1410 2798 1595 2839 notabiles,
1629 2797 1697 2832 nisi
1724 2798 1770 2832 ad
1792 2798 2002 2833 mandatum

371 2853 519 2888 ecclesie
558 2854 659 2889 iuxta
700 2854 1025 2889 considerationem
1063 2854 1276 2898 suspicionis
1315 2853 1596 2898 qualitatemque
1631 2863 1781 2897 persone
1818 2851 2002 2896 propriam

371 2909 617 2945 innocentiam
644 2921 805 2954 congrua
822 2910 1037 2954 purgatione
1060 2909 1351 2951 monstraverint,
1376 2911 1547 2953 tanquam
1568 2907 1719 2943 infames
1748 2911 1785 2944 et
1803 2906 1943 2944 banniti
1957 2908 2003 2943 ab
