2097 3466
707 252 839 288 ANNO
866 253 1109 292 1427-1431,
1138 251 1236 285 1431
1748 247 1812 282 319

554 349 624 383 Les
649 346 855 382 cimmeries
884 347 929 380 de
967 345 1244 386 Valenciennes,
1283 341 1430 387 epia-ode
1463 342 1509 376 de
1545 341 1730 376 l’histoire
1763 340 1813 374 du

554 403 665 437 XVI⁰
695 402 814 443 siecle,
844 401 1067 436 verschenen
1096 400 1136 434 in
1162 399 1225 433 het
1256 397 1422 431 Bullecin
1455 396 1499 431 de
1531 396 1715 430 l’lziscoire
1744 395 1808 429 des

554 457 683 502 e‘ylz'ses
708 457 925 496 wallonnes,
952 460 1137 500 jaargang
1162 455 1259 489 1888.
1299 472 1338 477 -
1372 452 1423 486 De
1453 452 1541 487 heer
1574 451 1814 487 Rahlenbeck

552 513 625 547 had
649 513 692 548 de
715 512 892 557 goedheid
917 512 970 547 dit
993 512 1078 546 stuk
1104 522 1148 546 en
1171 508 1242 545 ook
1269 508 1316 543 N‘
1334 510 1398 543 283
1423 509 1478 543 uit
1506 509 1569 543 het
1598 506 1811 543 Brusselseh

554 568 784 604 handschrift.
806 569 846 603 af
866 572 901 603 te
927 567 1124 611 sohrijven.

926 696 1048 740 280.

226 835 516 888 1427-1431,
539 835 704 878 Kassel
734 847 789 878 6η
823 835 1098 879 omstreken.
1126 832 1464 888 Aanteekening
1488 845 1592 875 over
1624 831 1676 874 de
1707 845 1806 874 ver-

160 905 418 963 moedelijke
455 905 633 962 ketterij
654 904 710 962 (‘?)
740 905 819 948 der
859 903 1225 960 opstandelingen
1258 916 1345 946 van
1384 902 1558 954 Kassel,
1598 900 1666 944 die
1707 900 1812 943 door

160 975 318 1032 hertog
339 974 506 1032 Philips
529 974 613 1018 den
636 974 782 1017 Goede
804 973 981 1030 bloedig
1005 972 1278 1017 onderdrukt
1295 971 1491 1015 werden.

206 1109 295 1145 Zich
325 1109 523 1145 steunende
553 1121 599 1154 op
626 1110 680 1145 dit
703 1122 784 1145 vers
800 1111 856 1146 uit
881 1122 968 1146 eene
990 1109 1134 1145 ballade
1158 1119 1229 1143 van
1253 1107 1324 1142 den
1353 1104 1561 1150 tijdgenoot
1588 1105 1813 1142 Chastellain

163 1166 308 1211 gericht
330 1169 385 1202 tot
407 1165 478 1202 den
502 1166 636 1212 hertog
658 1177 731 1202 van
754 1167 993 1212 Bourgondie
1017 1177 1026 1200 :

538 1268 554 1282 ιι
582 1253 637 1289 Tu
661 1264 869 1290 coRmGEAs
892 1265 989 1290 mun
1012 1264 1158 1289 ERREUR
1181 1253 1406 1294 Ηιὲιιέτῐρυε,
1436 1268 1452 1282 n

164 1342 310 1388 sehrijft
334 1343 378 1379 de
401 1343 491 1378 heer
518 1343 748 1388 Desplanque
772 1355 780 1378 t
811 1357 826 1371 κ
854 1343 907 1377 La
930 1341 1184 1387 qualification
1207 1340 1460 1386 d‘heretiques,
1486 1352 1557 1384 que
1586 1339 1810 1374 Chastellain

164 1399 320 1434 decerne
335 1400 383 1434 ici
401 1411 473 1434 aux
490 1411 580 1444 gens
596 1401 645 1436 du
663 1398 992 1439 Cassel-Ambacht,
1011 1399 1131 1433 donne
1157 1402 1177 1432 6
1199 1409 1329 1441 penset·
1351 1396 1457 1440 qu’ils
1479 1396 1700 1440 trempaient
1723 1396 1813 1430 dans

163 1455 216 1490 les
246 1454 430 1489 doctrines
459 1455 504 1490 de
534 1455 681 1490 «16Γῦ1116
709 1455 754 1489 (16
786 1453 945 1498 pragae,
971 1453 1155 1488 doctrines
1178 1453 1279 1494 dont,
1304 1464 1388 1487 vers
1410 1453 1445 1486 16
1469 1451 1586 1485 meme
1610 1455 1739 1494 temps,
1765 1462 1812 1486 on

163 1509 395 1553 poursuivait
410 1510 462 1545 les
476 1514 675 1546 sectateurs
693 1514 714 1544 a
731 1509 835 1549 Lille,
855 1512 876 1543 a
895 1507 1029 1551 Seclin,
1049 1511 1070 1541 a
1086 1507 1301 1550 Ennevelin,
1322 1512 1342 1542 a
1358 1507 1486 1542 Fretin
1511 1510 1546 1542 et
1569 1510 1691 1542 autres
1715 1507 1816 1542 lieux

165 1563 209 1599 de
225 1564 262 1598 la
282 1564 441 1601 Flandre
457 1565 671 1602 Wallonne.
693 1582 708 1596 η

515 1654 559 1689 Α.
594 1653 835 1698 Desplanque,
873 1652 1047 1687 Troubzes
1075 1652 1121 1686 de
1150 1651 1189 1687 Ζα
1220 1650 1441 1686 chatellenie
1478 1652 1525 1687 de
1565 1650 1690 1686 cassel
1726 1662 1812 1686 sous

559 1709 891 1755 Philippe-Ze-Bon
930 1710 1184 1753 (1427-1431),
1221 1709 1261 1744 in
1299 1709 1343 1744 de
1377 1708 1546 1744 Annales
1582 1709 1633 1743 du
1675 1708 1812 1744 Gemite}

561 1764 736 1808 flamand
763 1764 808 1800 de
835 1763 980 1799 France
1008 1763 1237 1807 (Duinkerke
1262 1766 1371 1808 1866),
1399 1765 1479 1801 (1661
1509 1764 1609 1808 VIII,
1636 1764 1702 1800 blz.
1730 1765 1806 1800 257.

933 1905 1051 1950 281.

232 2045 371 2095 1431,
398 2045 495 2090 Mei
515 2047 590 2099 12,
617 2047 772 2090 Rome.
800 2045 880 2088 Bul
899 2058 982 2087 van
1001 2043 1221 2101 Eugenius
1238 2043 1302 2087 IV
1319 2043 1492 2100 gericht
1512 2045 1579 2086 tot
1601 2043 1653 2086 de
1677 2044 1817 2086 aarts-

169 2115 456 2172 bisschoppen
490 2130 576 2160 van
599 2116 786 2168 Keulen,
809 2114 947 2166 Trier,
974 2114 1119 2157 Mainz
1144 2128 1197 2156 en
1231 2113 1424 2156 anderen
1454 2114 1496 2156 in
1515 2113 1816 2164 Duitsehland,

171 2184 365 2229 Brabant
408 2199 463 2228 en
495 2185 775 2229 Vlaanderen
809 2184 998 2228 alsmede
1031 2187 1096 2227 tot
1129 2183 1278 2226 hunne
1312 2182 1606 2239 suffraganen,
1634 2181 1815 2239 waarbij

171 2254 231 2311 hij
257 2255 309 2298 de
332 2254 656 2298 Cellebroeders
697 2269 750 2297 en
788 2254 840 2296 de
874 2253 1138 2311 VrijWillige
1172 2253 1340 2296 Armen
1378 2267 1464 2295 van
1498 2251 1647 2295 beider
1668 2252 1818 2294 kunne

172 2326 262 2367 met
284 2324 433 2368 hunne
457 2324 678 2381 goederen
700 2328 832 2380 tegen
866 2323 918 2366 de
941 2323 1223 2378 inquisiteurs
1246 2336 1300 2365 en
1323 2323 1364 2365 al
1387 2322 1536 2365 hunne
1559 2321 1815 2377 vervolgers

173 2393 309 2436 onder
344 2394 456 2450 zijne
493 2393 796 2449 bescherming
834 2396 999 2436 neemt.
1027 2417 1087 2423 -—
1122 2393 1181 2435 De
1216 2406 1322 2447 paus
1355 2392 1599 2441 herinnert,
1639 2391 1712 2434 dat
1749 2389 1817 2432 die

173 2463 371 2519 prelaten
396 2477 449 2506 en
473 2463 623 2506 hunne
646 2467 884 2505 voorzaten
921 2462 972 2505 de
1009 2460 1336 2505 Cellebroeders
1371 2475 1424 2503 en
1464 2461 1516 2503 (16
1555 2459 1820 2518 VrijWillige

174 2534 338 2574 Armen
361 2545 446 2574 van
470 2531 619 2575 beider
640 2531 788 2575 kunne
821 2545 890 2574 om
927 2531 1010 2574 den
1051 2531 1166 2574 wille
1201 2531 1376 2573 hunner
1412 2529 1569 2587 kleedij
1609 2528 1819 2584 vervolgd

174 2600 360 2653 hebben,
383 2605 639 2657 waartegen
669 2614 777 2657 paus
808 2601 1048 2658 Gregorius
1082 2600 1147 2643 XI
1185 2601 1271 2643 hen
1309 2599 1646 2656 gewarsohuwd
1679 2597 1815 2641 heeft.

175 2670 364 2727 (Daarop
388 2671 532 2714 wordt
556 2671 682 2714 dezes
705 2670 780 2713 bul
803 2684 889 2713 van
913 2671 942 2713 2
972 2668 1208 2713 December
1250 2671 1364 2714 1377
1402 2669 1498 2712 hier
1536 2667 1822 2725 ingelascht.)

175 2741 289 2783 Door
311 2753 391 2783 een
415 2740 635 2796 kerkelijk
661 2739 904 2783 onderzoek
926 2740 1050 2782 werd
1082 2739 1300 2782 nochtans
1331 2752 1439 2782 voor
1475 2738 1527 2781 de
1563 2737 1821 2795 geestelijke

177 2808 390 2866 gebieden
414 2824 501 2853 van
523 2809 694 2852 Keulen
718 2823 772 2852 en
795 2810 978 2854 Worms
1001 2808 1289 2865 vastgesteld‚
1315 2808 1390 2852 dat
1414 2808 1481 2851 die
1507 2806 1826 2864 godvruchtige

176 2892 395 2935 personen
417 2893 517 2922 zeer
536 2878 868 2937 verdienstelijk
887 2879 999 2936 zijn;
1026 2878 1217 2935 hetgeen
1241 2877 1324 2921 ook
1347 2877 1474 2921 bleek
1493 2878 1558 2921 uit
1575 2876 1627 2920 de
1644 2875 1824 2934 talrijke

178 2948 313 3004 goede
338 2948 704 3006 getuigsohriften
727 2962 812 2992 van
835 2947 1124 3005 geestelijken
1147 2961 1202 2991 en
1229 2948 1537 3004 magistraten‚
1563 2946 1631 2990 die
1666 2946 1712 2990 in
1745 2959 1826 2989 een
