2097 3466
329 228 389 258 ,με
947 222 1342 262 .ᾸΝΝ()1493,1494

329 315 482 357 cations3
508 319 586 349 tout
609 326 649 349 ce
672 314 758 357 qu'il
782 326 803 357 y
827 314 926 348 avoit
948 313 1044 347 alors
1066 313 1110 347 de
1134 312 1381 347 considerable
1404 313 1493 347 dans
1514 313 1550 347 la
1566 313 1651 348 ville
1675 325 1719 349 ne
1742 314 1891 358 pouvoit
1912 326 1949 351 se

328 371 438 405 lassei·
453 370 495 404 de
512 370 704 411 lhdmirer,
723 369 765 403 de
781 369 814 403 16
831 369 949 411 loucr;
969 371 1003 402 et
1020 367 1115 410 Mgr.
1138 367 1251 402 Henri
1268 367 1311 402 de
1328 367 1502 412 Berghes,
1522 368 1666 411 Eveque
1688 370 1733 404 de
1759 369 1947 414 Cambray,

328 434 373 458 ne
395 422 496 457 tarda
521 434 582 466 pas
607 427 625 456 ἐι
651 424 682 457 16
707 434 870 457 nominer
888 422 1105 466 inquisiteur
1122 421 1165 456 de
1184 421 1220 455 la
1236 421 1301 456 Foi
1319 422 1407 456 dans
1423 426 1501 457 tout
1516 435 1580 457 son
1606 424 1753 459 Dioeese
1757 449 1822 460 .....
1843 425 1873 459 11
1895 425 1951 460 fut

330 480 472 512 nomme
499 476 635 512 l’annce
664 477 829 512 suivante
853 479 937 512 1493
964 476 1182 520 Inquisiteur
1212 475 1366 511 General
1399 478 1441 512 de
1471 477 1507 511 la
1538 478 1857 522 Franohe-Comoe,
1882 479 1952 521 ,des

333 533 508 575 pays-Bas
522 536 556 566 et
571 532 615 567 de
631 536 747 568 tontes
762 533 813 568 les
827 531 957 567 Tei-res
979 532 1023 566 de
1047 532 1082 566 la
1107 532 1339 567 Domination
1355 532 1398 567 de
1423 532 1629 568 l'Archiduc
1645 533 1864 575 d'Autriche.
1886 546 1953 580 par

332 587 460 622 l'ordre
476 590 603 631 expres
619 588 666 622 du
692 586 790 632 Pape
806 586 1012 622 Alexandra
1037 585 1097 628 VI,
1123 587 1186 630 qui
1210 586 1244 621 16
1268 597 1412 621 nomma
1436 587 1530 622 aussi
1553 587 1697 632 Eveque
1719 588 1764 624 de
1788 587 1954 624 Salubrie

332 643 402 677 l'an
427 644 522 677 1496.

683 685 960 721 Charles-Louis
985 685 1158 727 Richard,
1183 685 1413 730 predikheer‚
1431 686 1613 720 Histoires
1636 686 1687 721 du
1713 686 1869 722 Couvent
1892 686 1955 721 des

726 741 987 775 Dominicains
1005 740 1050 774 de
1072 740 1163 774 Lz‘lle
1179 751 1223 774 en
1238 739 1419 782 Flandre,
1437 740 1504 775 blz.
1522 743 1563 776 39
1579 752 1623 776 en
1639 744 1692 776 42.
1713 741 1753 776 In
1769 744 1839 786 ziJn
1854 752 1956 777 voor-

728 796 852 830 woord
870 800 950 840 zegt
966 797 1010 831 de
1034 795 1210 839 schrijver
1234 807 1241 830 ε
1271 803 1287 821 ‘⁴
1313 795 1512 839 L’ouvrage
1534 796 1596 838 qui
1620 807 1710 831 nous
1732 807 1753 830 a
1775 795 1870 831 servi
1885 798 1906 830 ἐ,
1920 796 1956 830 la

727 862 925 894 composer,
945 855 996 886 est
1012 851 1195 886 l'Histoire
1210 851 1500 894 Chronologique
1516 851 1563 884 du
1577 851 1739 886 Couvent
1754 850 1814 886 des
1830 851 1959 886 Freres

726 906 933 940 Precheurs
949 907 992 940 de
1017 906 1109 940 Lille
1127 910 1162 941 et
1177 907 1238 941 des
1253 907 1414 941 hommes
1436 906 1766 941 recommandables
1779 905 1842 949 qui
1857 917 1880 950 y
1895 909 1959 941 ont

729 963 831 1001 veen,
865 965 932 995 etc.
964 960 1052 996 C’est
1075 972 1124 995 un
1152 961 1354 995 Manuscrit
1382 961 1425 995 de
1448 960 1484 994 la
1512 960 1748 1004 composition
1771 960 1819 994 du
1842 961 1887 995 R.
1913 959 1955 995 P.

731 1014 921 1050 Ambroise
953 1015 1098 1057 Cousin,
1133 1015 1326 1059 Religieux
1353 1018 1399 1049 du
1425 1015 1541 1050 meme
1565 1016 1725 1050 Couvent
1748 1015 1835 1050 dont
1856 1013 1885 1048 il
1905 1014 1961 1048 fut

731 1070 826 1104 deux
852 1069 918 1103 sois
941 1069 1084 1104 Prieur.
1105 1070 1132 1103 Il
1157 1081 1177 1104 a
1193 1071 1261 1104 mis
1285 1074 1303 1104 ὲ
1320 1071 1355 1104 la
1372 1070 1422 1104 fin
1445 1070 1488 1104 de
1511 1081 1575 1104 son
1599 1069 1757 1104 Histoire
1778 1069 1830 1104 les
1851 1068 1962 1103 Actes

735 1124 931 1168 originaux
946 1135 1037 1168 pour
1053 1125 1167 1159 servir
1181 1128 1224 1161 de
1242 1137 1392 1169 preuves
1404 1124 1655 1168 J'ustificatives
1669 1124 1712 1159 de
1727 1127 1805 1158 tout
1821 1135 1862 1158 66
1876 1122 1963 1166 qu’il

738 1190 886 1214 avane-c.
901 1195 970 1207 n—
984 1179 1078 1214 Over
1094 1180 1161 1214 den
1174 1179 1389 1223 predikheer
1401 1179 1549 1214 Michiel
1563 1179 1747 1224 Francois,
1761 1179 1813 1214 zie
1827 1177 1962 1223 Ripoll,

736 1234 814 1268 deel
837 1233 896 1275 lv,
917 1234 983 1268 blz.
1002 1237 1064 1270 202
1081 1246 1124 1269 cn
1140 1236 1215 1270 203.

1102 1361 1212 1404 391.

414 1487 553 1532 1493.
580 1486 915 1542 Aanteekening
947 1501 1051 1530 over
1075 1487 1156 1530 den
1179 1487 1436 1543 predikheer
1457 1487 1632 1530 Michiel
1655 1488 1858 1548 Franqois
1881 1502 1964 1532 van

345 1557 483 1615 Rijsel
511 1554 561 1607 (†
593 1553 740 1612 1502),
774 1555 839 1598 die
872 1556 975 1598 door
1005 1556 1081 1598 het
1111 1555 1239 1598 hoofd
1270 1556 1407 1613 zijner
1439 1556 1540 1598 orde
1572 1570 1627 1598 en
1649 1570 1701 1612 op
1732 1556 1856 1601 bevel
1878 1571 1965 1601 van

344 1640 451 1683 paus
475 1623 722 1667 Alexander
744 1624 805 1667 VI
828 1625 1080 1680 aangesteld
1101 1625 1222 1667 werd
1245 1625 1308 1667 als
1329 1625 1550 1680 algemeen
1584 1625 1840 1680 inquisiteur
1862 1639 1966 1669 over

345 1696 385 1739 al
408 1694 459 1737 de
485 1693 643 1736 landen
666 1706 749 1735 van
772 1692 929 1749 hertog
958 1694 1122 1750 Philips
1145 1693 1227 1736 den
1249 1693 1457 1746 Schoone,
1483 1694 1524 1738 d.
1550 1693 1578 1736 i.
1605 1708 1709 1737 over
1730 1695 1782 1738 de
1803 1695 1967 1740 Neder-

348 1763 525 1808 landen.

390 1867 433 1900 F.
463 1864 626 1900 Mz‘clzaez
648 1866 841 1899 Franciscz'
864 1865 974 1909 vulgo
1004 1865 1184 1906 Franpois
1208 1864 1265 1900 vel
1293 1863 1500 1899 Franchois
1523 1877 1586 1901 suo
1609 1866 1816 1906 vernaculo.
1847 1864 1910 1909 qui
1934 1867 1970 1900 et

348 1922 392 1956 de
408 1921 550 1956 Insulis
570 1921 672 1956 audit
688 1924 721 1956 et
737 1921 1026 1964 cognominatur,
1043 1920 1100 1955 vir
1123 1921 1166 1956 de
1183 1921 1308 1956 ordine
1324 1921 1458 1964 optime
1473 1923 1623 1956 meritus
1632 1945 1727 1956 .....
1749 1924 1780 1957 A
1795 1923 1969 1967 magistro

347 1977 484 2011 ordinis
500 1977 541 2010 F.
559 1976 579 2011 J
585 1975 749 2011 oachimo
767 1977 948 2011 Turriano
966 1976 1152 2011 institutus
1168 1987 1263 2010 anno
1275 1976 1551 2011 MCCCCXCIII
1566 1977 1649 2012 fidei
1665 1977 1847 2021 quaesitor·
1861 1989 1968 2022 gene-

348 2031 436 2064 ralis
454 2031 489 2064 in
510 2030 680 2065 omnibus
696 2029 894 2064 ditionibus
912 2028 1072 2072 Philippi
1089 2029 1295 2064 archiducis
1310 2030 1479 2066 Austriae
1501 2031 1602 2074 dicti,
1620 2043 1748 2076 nempe
1764 2032 1803 2067 in
1825 2032 1972 2076 provin-

347 2085 413 2119 ciis
430 2084 533 2119 XVII
552 2084 684 2129 Belgii,
697 2095 769 2118 non
786 2095 870 2118 vero
889 2085 927 2118 in
941 2083 1150 2124 Austria,ut
1165 2083 1312 2126 quidam
1329 2085 1448 2119 minus
1466 2086 1563 2121 cauti
1575 2085 1644 2121 sibi
1662 2090 1971 2131 persuaserunt....

352 2140 408 2175 Ad
426 2140 579 2175 meliora
597 2144 632 2175 et
647 2144 793 2174 aeterna
809 2151 829 2173 a
846 2139 919 2174 Deo
936 2142 1082 2174 vocatus
1098 2142 1118 2174 2
1133 2139 1152 2173 J
1159 2139 1235 2173 unii
1250 2139 1370 2175 MDII.

743 2214 873 2255 Quetis
887 2226 931 2249 en
950 2203 1104 2255 sichard,
1121 2214 1199 2249 deei
1218 2214 1262 2255 11,
1280 2215 1350 2249 blz.
1369 2217 1389 2249 7
1405 2227 1448 2249 en
1465 2219 1501 2250 s.

1103 2339 1226 2384 392.

423 2467 557 2517 1494,
579 2467 693 2509 Junz'
715 2468 756 2517 1,
779 2467 934 2509 Rome.
955 2466 1034 2509 Bul
1057 2480 1140 2510 van
1160 2467 1406 2510 Alexander
1424 2468 1485 2510 VI
1501 2468 1670 2523 gericht
1686 2470 1753 2511 tot
1774 2467 1855 2510 den
1878 2481 1976 2524 pre-

355 2534 537 2578 dikheer·
572 2535 654 2578 Jan
694 2534 868 2586 Cosard,
895 2535 1074 2592 waarbij
1110 2536 1169 2593 hij
1205 2536 1336 2579 dezen
1375 2537 1438 2579 als
1476 2537 1730 2592 inquisiteur
1762 2550 1866 2579 over
1900 2537 1976 2596 het

357 2603 608 2660 koninkrijk
627 2603 861 2660 Frankrijk
883 2605 1087 2648 aanstelt.

399 2715 603 2749 Alexander
619 2715 817 2759 episcopus,
838 2728 961 2752 servus
979 2729 1165 2753 servorum
1189 2718 1268 2762 Dei,
1285 2718 1416 2753 dilecto
1440 2719 1515 2753 filio
1539 2718 1697 2753 Johanni
1721 2718 1866 2760 Cosard,
1883 2718 1976 2754 ordi-

359 2772 414 2806 nis
430 2772 583 2805 fratrum
600 2772 896 2813 praedicatorum
915 2775 1119 2817 professori,
1139 2774 1291 2809 salutem
1308 2778 1342 2809 et
1359 2774 1590 2818 apostolicam
1607 2773 1905 2808 benedictionem.

401 2825 671 2859 Considerantes
687 2830 771 2860 tuae
789 2827 1110 2871 circunspectionis
1126 2828 1355 2870 industriam,
1374 2832 1429 2864 etc
1433 2857 1498 2864 .....
1519 2833 1552 2864 te
1570 2829 1608 2864 in
1629 2839 1742 2872 regno
1758 2828 1975 2863 Franciae...

358 2878 607 2922 inquisitorem
625 2880 788 2922 facimus,
807 2882 1061 2918 constituimus
1077 2887 1112 2919 et
1128 2883 1236 2919 etiam
1252 2884 1475 2927 deputamus,
1492 2888 1559 2919 etc.

2088 3369 2097 3466 n...-
2088 3241 2097 3345 *ν’-
2095 3199 2097 3218 -Δ
