2097 3466
325 264 387 297 134
982 262 1114 297 ANNO
1141 274 1170 297 c.
1199 265 1296 297 1270

324 355 430 390 toliea
460 355 665 398 praecipere
693 356 907 390 auctoritate
931 367 1113 399 procures.
1143 358 1182 390 ut
1205 355 1453 399 Inquisitionis
1482 356 1639 390 officium
1669 357 1706 391 in
1730 356 1806 400 ipso
1823 369 1947 402 regno,

326 410 555 443 eomitatibus
586 414 619 444 et
648 411 754 445 terris
781 410 982 445 charissimi
1015 410 1052 444 111
1086 410 1228 445 Christo
1257 410 1321 444 tilii
1355 411 1479 451 nostri,
1510 411 1664 455 Mai-oli]
1691 412 1787 456 regis
1805 412 1951 448 Siciliae

330 464 477 498 illustris
494 467 526 498 et
546 464 759 499 Provinciae
774 478 814 499 ae
839 465 960 499 dilecti
979 465 1044 498 filii
1062 464 1192 498 nobilis
1220 464 1289 498 viri
1319 464 1520 508 ΑῘ1111101151]
1555 465 1747 500 Tholosan.
1779 466 1950 502 comitum

327 520 513 552 dumtaxat-
543 519 710 562 exceptis,
729 520 835 553 dietis
864 523 989 553 contra
1016 519 1227 557 haereticos,
1258 519 1453 559 credentes,
1483 520 1651 560 fautores,
1684 520 1886 555 defensores
1917 524 1952 556 et

327 577 564 616 receptatores
581 585 703 607 eorum
727 576 832 618 juxta
851 575 1002 608 sormam
1021 574 1056 607 in
1071 573 1152 607 aliis
1169 573 1283 608 literis
1300 573 1429 607 nostris
1446 585 1660 616 expressam,
1676 587 1763 618 quas
1780 575 1952 610 fratribus

327 629 498 672 praedicti
528 629 664 663 ordinis
692 629 965 672 inquisitoribus
993 629 1199 673 hujusmodi
1225 628 1413 671 pravitatis
1442 628 1478 662 111
1506 628 1638 663 eisdem
1664 629 1750 663 loeis
1773 629 1960 674 deputatis

325 684 539 718 auctoritate
555 684 749 726 apostoliea
768 688 802 718 et
829 684 865 717 in
884 687 1062 727 posterum
1080 683 1305 726 deputandis,
1326 694 1396 717 non
1413 683 1588 726 expressis
1612 684 1817 728 aliquorum
1839 684 1951 718 nomi—

328 740 443 779 nibus,
470 750 578 782 super
603 739 811 781 exequendo
834 738 930 772 dicto
958 737 1205 781 Inquisitionis
1232 737 1350 772 officio
1373 738 1604 779 destinamus,
1631 739 1797 773 studeant
1823 739 1952 782 exequi

327 793 531 837 diligenter.
560 793 632 826 Nos
648 792 743 826 enim
769 791 969 835 praedictos
986 794 1141 835 quatuor
1169 792 1308 831 fratres,
1328 803 1416 835 quos
1439 793 1483 826 ad
1507 792 1574 826 hoe
1600 793 1750 837 elegeris
1774 796 1809 828 et
1831 804 1952 837 quem-

328 848 414 881 libet
430 846 588 890 ipsorum
606 848 806 890 praefatum
823 847 981 881 officium
998 846 1243 890 excqiiijuxta
1266 847 1418 880 formam
1443 846 1480 880 in
1504 847 1590 890 ipsis
1614 848 1728 882 literis
1751 859 1954 892 expressam

327 914 369 936 ae
398 902 491 945 ipsos
519 902 617 935 illam
647 905 855 944 potestatem
884 904 918 935 et
945 901 1197 936 auctoritatem
1225 901 1386 945 plenarie
1412 901 1544 936 habere
1579 903 1756 944 volumus,
1787 914 1878 946 quae
1914 902 1953 937 in

325 957 458 990 eisdem
486 957 600 991 literis
628 958 844 993 continetur.
873 958 910 991 Si
938 969 1023 991 vero
1060 957 1218 1000 aliquem
1247 957 1497 1000 inquisitorem
1525 958 1733 1002 hujusmodi
1761 970 1804 993 ex
1830 958 1953 1003 aliqua

327 1012 417 1056 forte
435 1023 539 1046 causa
563 1024 821 1056 nonnunquam
844 1013 919 1046 sore
936 1013 1069 1047 videris
1093 1012 1344 1053 amovendum,
1372 1012 1489 1055 ipsum
1513 1024 1678 1047 amoveas
1701 1016 1737 1048 et
1759 1013 1953 1049 substituas

327 1066 404 1099 loeo
435 1066 512 1109 ejus
542 1067 666 1107 alium,
701 1079 805 1110 quem
834 1067 987 1113 similem
1018 1070 1227 1110 potestatem
1259 1070 1295 1101 et
1325 1067 1577 1102 auctoritatem
1609 1068 1743 1102 habere
1773 1069 1950 1110 volumus,

327 1120 491 1164 quotiens
514 1121 591 1163 tibi,
610 1121 869 1157 deliberatione
887 1135 968 1157 eum
992 1123 1174 1166 aliquibus
1198 1122 1362 1157 diseretis
1385 1123 1557 1157 fratribus
1581 1123 1668 1158 dieti
1691 1123 1828 1159 ordinis
1844 1125 1953 1160 vestri

327 1176 462 1218 habita,
491 1177 559 1211 hoe
587 1178 662 1211 fore
690 1177 871 1213 videbitur
897 1178 1126 1220 faciendum3
1154 1181 1189 1213 et
1216 1177 1245 1211 si
1274 1177 1430 1222 aliquem
1456 1179 1513 1213 vel
1534 1179 1674 1222 aliquos
1698 1179 1953 1223 inquisitorum

326 1232 486 1276 ipsorum
509 1232 680 1267 decedere
707 1234 799 1268 forte
823 1233 1027 1277 eontigerit,
1055 1245 1118 1267 nos
1142 1232 1394 1274 substituendi,
1413 1234 1456 1267 de
1480 1233 1630 1268 consilio
1653 1234 1859 1278 aliquorum
1883 1235 1954 1269 fra·

327 1291 422 1323 trum
446 1287 682 1322 discretorum
706 1289 865 1332 ejusdem
889 1288 1038 1328 ordinis,
1064 1288 1177 1322 alium
1203 1288 1259 1322 vcl
1283 1287 1372 1322 alios
1396 1288 1475 1322 Ioco
1499 1288 1597 1323 illius
1628 1289 1685 1323 vel
1707 1289 1866 1331 illorum,
1893 1290 1956 1334 qui

326 1342 552 1383 decesserint,
571 1342 622 1377 ita
639 1344 733 1386 quod
749 1343 955 1387 hujusmodi
973 1342 1157 1391 substituti
1174 1342 1306 1377 eisdem
1323 1343 1470 1377 omnino
1484 1343 1699 1378 auctoritate
1715 1346 1750 1379 et
1765 1345 1956 1387 postestate

326 1399 537 1441 fungantur,
556 1397 621 1432 tibi
639 1398 780 1441 plenam
797 1400 831 1432 et
855 1398 1006 1432 liberam
1024 1397 1252 1432 concedimus
1269 1400 1392 1432 tenore
1410 1398 1651 1441 praesentium
1675 1399 1894 1435 facultatem.

371 1454 501 1488 Datum
519 1453 673 1495 Porusii,
692 1454 741 1488 IV
758 1454 831 1488 kal.
849 1453 988 1495 Martii,
1007 1453 1238 1497 pontificatus
1256 1453 1368 1488 nostri
1385 1465 1480 1488 anno
1496 1455 1664 1489 secundo.

677 1530 812 1574 Ripoll,
841 1531 920 1565 decl
947 1531 974 1571 I,
1005 1531 1070 1564 blz.
1102 1532 1182 1571 472,
1212 1537 1250 1564 nr
1275 1533 1328 1565 43.
1358 1531 1553 1572 (Potthast,
1579 1532 1658 1566 decl
1686 1531 1731 1573 ΙΙ,
1761 1533 1827 1567 blz.
1850 1535 1956 1574 1580,

722 1594 760 1620 nr
778 1588 910 1628 19559.)
935 1606 979 1611 -
1003 1587 1055 1620 De
1070 1597 1237 1629 aanvang
1253 1598 1322 1620 van
1339 1587 1421 1621 deze
1444 1587 1506 1620 bul
1528 1586 1557 1620 is
1578 1586 1617 1621 in
1638 1587 1845 1622 denzelfden
1861 1589 1960 1632 geest

722 1653 766 1675 en
793 1642 1041 1686 grootendeels
1071 1641 1110 1675 in
1140 1642 1296 1676 dezclfde
1327 1641 1606 1685 bewoordingen
1636 1643 1690 1676 als
1719 1643 1764 1676 de
1794 1643 1858 1678 bul
1887 1653 1958 1677 van

719 1697 924 1732 Alexander
939 1697 990 1732 IV
1006 1697 1061 1740 (13
1078 1696 1275 1732 December
1293 1696 1404 1740 1255.)
1422 1696 1483 1732 Zie
1499 1696 1636 1742 hooger
1652 1705 1690 1732 nr
1708 1700 1781 1733 132.

1093 1831 1208 1874 142.

393 1957 649 2000 Omstreeks
675 1958 812 2006 1270,
841 1956 1103 2013 koninkrfflz
1125 1956 1397 2012 Frankrgjk.
1424 1956 1666 1999 Uittreksel
1704 1956 1763 1999 uit
1786 1956 1838 1999 de
1861 1970 1958 2000 zoo-

329 2026 517 2082 gezegde
539 2026 918 2069 Establz'ssemens
940 2026 994 2068 cle
1014 2026 1143 2069 Saint
1165 2026 1305 2069 Lom‘s
1334 2038 1438 2066 over
1460 2025 1511 2067 de
1535 2025 1678 2082 wijze,
1705 2039 1880 2081 waarop
1903 2026 1955 2068 de

328 2096 496 2138 ketters
519 2095 563 2137 in
585 2095 661 2137 het
678 2094 931 2150 koninkrijk
954 2094 1189 2151 Frankrijk
1213 2096 1384 2136 moeten
1407 2094 1638 2149 gevonnist
1661 2107 1714 2135 en
1739 2093 1954 2137 verbrand

332 2164 522 2206 worden.
553 2186 597 2192 ——
624 2165 683 2206 De
715 2163 985 2220 wereldlijke
1017 2163 1162 2205 maeht
1185 2163 1320 2205 houdt
1342 2162 1424 2204 den
1448 2163 1594 2204 ketter
1614 2176 1697 2205 0011
1731 2176 1783 2205 011
1818 2164 1959 2206 levert

331 2233 429 2274 110111
452 2232 495 2274 111
514 2232 687 2275 handen
709 2246 793 2274 van
813 2232 895 2274 den
914 2231 1128 2286 bisschop‚
1148 2232 1214 2274 die
1234 2245 1337 2273 over
1354 2231 1466 2287 zijne
1485 2230 1769 2286 plichtigheid
1786 2231 1953 2274 beslist.

331 2303 500 2343 Daarna
522 2301 665 2343 wordt
688 2301 746 2357 hij
772 2301 876 2343 door
897 2301 950 2342 de
972 2300 1181 2357 wereldlij
1192 2299 1241 2342 ke
1275 2300 1420 2342 macht
1453 2299 1685 2342 verbrand.
1713 2300 1832 2356 Zijne
1856 2313 1956 2355 goe-

331 2369 462 2412 deren
479 2369 564 2426 zijn
587 2374 662 2412 ten
685 2368 783 2412 bate
807 2383 889 2412 van
907 2369 1051 2426 zijnen
1070 2369 1373 2424 wereldlijken
1399 2369 1505 2410 heer
1529 2367 1756 2411 verbeurd.

375 2492 563 2527 LXXXV,
580 2511 624 2517 —
639 2492 693 2526 De
707 2493 853 2536 pufflzir
868 2497 1070 2527 mescreant
1093 2498 1124 2526 et
1146 2491 1272 2527 lierite.
1293 2492 1339 2527 Se
1363 2504 1500 2527 aucuns
1524 2495 1576 2527 est
1599 2502 1892 2536 souspeeonneux
1915 2491 1959 2526 de

331 2547 541 2591 bouguerie,
560 2548 596 2581 la
605 2547 739 2592 justice
755 2547 825 2582 laie
841 2547 875 2582 10
890 2547 966 2582 doit
981 2548 1134 2591 prendre
1151 2550 1186 2582 et
1201 2559 1358 2592 envoycr
1372 2560 1394 2582 a
1410 2549 1583 2590 levesque
1599 2560 1607 2590 ;
1625 2549 1661 2582 ct
1677 2558 1714 2581 se
1735 2547 1763 2581 il
1785 2558 1831 2582 en
1854 2546 1960 2582 estoit

333 2606 495 2646 prouve'S‚
521 2603 589 2637 l'en
610 2603 644 2637 10
668 2602 744 2637 doit
766 2602 889 2636 ardoir
903 2605 939 2637 et
962 2602 1032 2637 tuit
1055 2602 1082 2636 li
1102 2603 1244 2637 meuble
1261 2605 1340 2638 sont
1361 2614 1408 2637 au
1433 2603 1557 2638 baron.
1579 2603 1633 2636 En
1656 2602 1774 2637 autele
1796 2601 1958 2637 maniere

332 2657 408 2692 doit
423 2669 469 2692 on
485 2669 617 2692 ouvrer
631 2658 743 2692 d’ome
759 2657 915 2693 heritc...

378 2714 543 2748 CXXIII.
561 2733 605 2738 —
622 2714 667 2748 Et
688 2725 726 2749 se
749 2713 775 2748 il
799 2714 904 2749 estoit
926 2725 1214 2758 souspeeonneus
1235 2715 1279 2749 de
1302 2715 1338 2749 la
1361 2715 1432 2759 foy,
1459 2715 1494 2749 la
1511 2713 1645 2758 justice
1668 2713 1739 2748 laie
1761 2713 1796 2748 le
1819 2712 1959 2748 devroit

332 2769 484 2811 prendre
501 2769 682 2812 adonques
705 2772 740 2804 et
763 2769 910 2804 envoier
932 2781 977 2803 au
998 2772 1088 2813 juge
1112 2769 1295 2804 ordinaire
1311 2771 1378 2813 (l);
1405 2781 1468 2804 ear
1491 2769 1612 2813 quand
1636 2768 1751 2803 sainte
1767 2768 1890 2812 Eglise
1913 2779 1958 2802 ne

373 2936 388 2976 ,(
393 2937 422 2977 1)
447 2935 498 2969 De
514 2934 690 2979 bisschop.
