2097 3466
337 253 400 286 292
1017 249 1148 284 ANNO
1174 251 1278 284 1418

336 342 436 378 Petri
459 342 610 387 apostoli
634 341 692 377 vel
715 341 864 377 alterius
889 342 1041 386 apostoli
1064 341 1103 376 in
1126 341 1244 376 officio
1267 341 1526 385 ecclesiastico3
1551 341 1647 376 unde
1678 341 1752 376 sive
1783 341 1954 379 electores

339 397 427 431 bene
465 397 539 431 sive
565 396 658 431 male
689 396 876 440 elegerint,
909 396 1078 439 operibus
1115 396 1219 431 electi
1257 396 1427 431 debemus
1465 396 1622 431 credere.
1658 396 1749 430 Nam
1796 407 1836 431 eo
1877 395 1954 440 ipso

336 462 406 494 quo
423 451 502 494 quis
526 450 704 495 copiosius
727 459 896 495 operatur
920 450 1105 486 meritorie
1127 451 1172 485 ad
1199 452 1400 495 profectum
1428 451 1614 493 ecelesiae,
1632 450 1740 485 habet
1764 462 1786 484 a
1811 451 1885 486 Deo
1909 451 1953 486 ad

335 506 402 540 hoc
419 505 597 550 copiosius
612 510 826 550 potestatem
836 531 844 540 .

380 564 436 596 27.
458 563 537 596 Non
555 567 605 596 est
620 562 775 596 scintilla
794 560 1038 606 apparentiae,
1061 561 1155 603 quod
1179 564 1343 604 oporteat
1359 573 1434 596 esse
1450 572 1563 596 unum
1580 564 1688 604 caput
1704 561 1741 595 in
1758 560 1955 605 spirituali-

335 617 402 651 bus
425 628 554 661 regens
579 617 779 659 ecclesiam,
797 617 891 660 quod
915 627 1055 660 semper
1079 627 1160 650 cum
1178 616 1257 659 ipsa
1279 617 1431 651 ecclesa
1458 616 1636 651 militante
1663 620 1897 652 conversetur
1921 620 1957 652 et

336 677 585 707 conservetur.

378 730 437 762 28.
468 727 631 762 Christus
660 727 738 762 sine
760 728 892 762 talibus
921 726 1157 761 monstruosis
1183 726 1362 770 capitibus
1390 737 1452 770 per
1479 735 1562 760 suos
1590 738 1734 761 veraces
1762 725 1957 771 discipulos

335 793 475 826 sparsos
493 793 554 825 per
573 782 695 817 orbem
713 786 894 817 terrarum
912 782 1042 816 melius
1059 792 1160 815 suam
1177 780 1364 816 ecclesiam
1381 781 1583 825 regularet.

378 840 435 872 29.
459 837 621 880 Apostoli
646 841 681 872 et
707 838 829 872 fideles
852 838 1052 872 sacerdotes
1077 840 1221 870 strenue
1252 835 1397 869 Domini
1426 836 1463 869 in
1491 836 1702 870 necessariis
1731 836 1776 870 ad
1802 836 1955 871 salutem

334 893 550 937 regularunt
573 892 772 933 ecclesiam,
791 896 983 934 antequam
1008 901 1122 934 papae
1138 890 1297 925 officium
1312 890 1404 925 soret
1420 890 1691 934 introductum3
1710 891 1763 926 sic
1780 891 1953 934 facerent,

333 947 523 982 deficiente
540 958 602 991 per
618 959 756 981 summe
773 947 941 991 possibile
959 945 1059 989 Papa
1082 956 1195 988 usque
1212 945 1257 978 ad
1274 944 1368 978 diem
1381 944 1528 988 judieii.

380 1004 422 1036 30
461 1002 589 1036 bullus
613 1006 666 1036 est
688 1002 856 1036 dominus
873 1001 1003 1042 civiliS,
1023 1000 1144 1034 nullus
1162 1004 1214 1034 est
1229 1000 1422 1043 praelatus,
1440 999 1562 1034 nullus
1586 1004 1638 1035 est
1654 1000 1852 1045 episcopus,
1870 1001 1957 1036 dum

337 1061 390 1093 est
406 1058 443 1091 in
460 1063 606 1100 peccato
624 1057 785 1091 mortali.

387 1113 502 1146 Tenor
526 1114 896 1157 intem-oyacorz'orum
909 1112 1027 1154 juxta
1051 1120 1145 1154 quae
1169 1108 1345 1144 haeretici
1368 1113 1432 1144 aut
1449 1109 1493 1143 de
1509 1108 1655 1144 haeresi
1669 1111 1827 1154 suspecti
1841 1112 1959 1145 inter-

335 1170 465 1211 royarz'
483 1168 625 1201 debent.

380 1224 416 1256 1.
435 1221 549 1266 Super
565 1222 770 1265 praemissis
795 1225 915 1256 autem
943 1220 1109 1256 articulis
1137 1219 1292 1263 quilibet
1314 1220 1357 1253 de
1390 1219 1441 1254 eis
1467 1222 1652 1263 suspectus
1681 1231 1742 1255 seu
1765 1220 1805 1255 in
1834 1231 1959 1256 eorum

336 1278 530 1312 assertione
562 1277 806 1321 deprehensus
831 1280 938 1320 juxta
975 1277 1122 1310 modum
1147 1275 1393 1319 interrogetur
1416 1275 1510 1308 infra
1535 1275 1736 1318 scriptum:
1764 1275 1957 1319 Imprimis,

336 1336 459 1366 utrum
487 1332 699 1376 cognoverit
728 1331 906 1366 Joannem
938 1329 1094 1366 Wicleff
1120 1330 1163 1364 de
1190 1330 1335 1374 Anglia,
1368 1329 1546 1364 Joannem
1574 1330 1668 1376 Husz
1698 1330 1742 1365 de
1769 1330 1956 1373 Bohemia,

338 1386 599 1431 Hieronymum
622 1388 665 1422 de
690 1387 812 1430 Praga
828 1397 889 1420 seu
915 1385 1075 1428 aliquem
1099 1396 1236 1426 eorum,
1256 1388 1291 1418 et
1320 1384 1416 1419 unde
1439 1385 1607 1419 habuerit
1631 1396 1755 1420 eorum
1779 1385 1958 1427 notitiam,

339 1446 373 1476 et
389 1447 512 1477 utrum
528 1454 611 1477 cum
625 1443 676 1477 eis
691 1442 748 1476 vel
765 1453 890 1477 eorum
904 1440 1037 1483 aliquo,
1056 1441 1143 1474 dum
1167 1444 1342 1482 viverent,
1360 1440 1676 1475 conversationem
1691 1441 1748 1476 vel
1763 1441 1963 1477 amicitiam

338 1497 525 1532 habuerit.

383 1555 418 1586 2.
443 1553 544 1594 Item,
571 1556 695 1588 utrum
723 1552 839 1587 sciens
866 1550 960 1595 ipsos
987 1562 1049 1585 seu
1072 1550 1229 1593 aliquem
1257 1550 1419 1594 ipsorum
1448 1551 1779 1587 excommunicatos
1807 1550 1962 1586 scienter

340 1607 612 1651 participaverit
627 1620 710 1642 cum
725 1607 799 1641 illis
826 1610 997 1650 reputans
1023 1611 1057 1641 et
1084 1605 1206 1640 dicens
1231 1606 1341 1641 talem
1368 1606 1686 1650 participationem
1702 1617 1775 1642 non
1791 1618 1865 1642 esse
1880 1617 1959 1651 pec-

339 1667 476 1696 catum.

386 1719 420 1750 3.
441 1716 540 1759 Item,
558 1721 681 1752 utrum
698 1723 777 1760 post
800 1719 952 1751 mortem
976 1727 1100 1751 eorum
1125 1727 1189 1760 pro
1207 1716 1339 1751 eisdem
1359 1727 1421 1751 seu
1444 1715 1565 1759 aliquo
1589 1727 1714 1752 eorum
1736 1717 1907 1759 oraverit,
1924 1718 1965 1752 et⁴

340 1773 484 1817 publice
507 1773 564 1808 vel
587 1773 726 1807 occulte
751 1783 860 1816 opera
883 1772 1028 1815 pietatis
1051 1772 1265 1812 exercuerit,
1284 1783 1443 1806 asserens
1459 1783 1518 1806 eos
1540 1773 1617 1807 fore
1631 1773 1755 1807 beatos
1771 1775 1806 1807 et
1821 1771 1955 1806 salvos.

382 1828 420 1862 4.
450 1829 550 1870 Item,
577 1832 699 1863 utrum
724 1839 783 1862 eos
805 1827 862 1861 vel
885 1826 1042 1869 aliquem
1065 1837 1191 1861 eorum
1214 1830 1354 1861 sanctos
1380 1827 1603 1870 reputaverit
1626 1829 1661 1862 et
1688 1826 1822 1862 dixerit
1847 1829 1882 1862 et
1909 1825 1960 1860 eis

340 1884 588 1918 venerationes
605 1885 703 1918 velut
719 1883 852 1917 sanctis
868 1881 1090 1916 exhibuerit.

384 1941 419 1973 5.
444 1940 544 1980 Item,
562 1943 684 1973 utrum
700 1938 834 1979 credat,
853 1941 973 1971 teneat
989 1941 1024 1971 et
1039 1939 1185 1978 asserat,
1200 1936 1294 1978 quod
1311 1937 1496 1979 quodlibet
1510 1936 1725 1980 Concilium,
1740 1936 1910 1981 generale
1925 1938 1961 1971 et

341 1993 449 2030 etiam
467 1993 737 2029 Constantiense
753 1991 994 2027 universalem
1011 1991 1200 2026 ecclesiam
1218 1995 1476 2035 repraesentet.

383 2053 420 2082 6.
451 2049 552 2090 Item,
583 2053 706 2083 utrum
734 2047 868 2089 eredat,
899 2047 997 2090 quod
1027 2046 1117 2080 illud
1149 2047 1244 2089 quod
1280 2058 1423 2082 sacrum
1450 2047 1652 2082 Concilium
1686 2046 1958 2083 Constantiense

340 2104 579 2138 universalem
604 2102 792 2137 eeclesiam
816 2105 1087 2145 repraesentans
1110 2102 1324 2144 approbavit
1349 2105 1384 2136 et
1405 2103 1580 2146 approbat
1596 2102 1634 2136 in
1648 2103 1808 2136 savorem
1824 2101 1909 2136 fidei
1925 2103 1960 2135 et

341 2160 385 2192 ad
402 2159 553 2193 salutem
570 2158 788 2198 animarum,
807 2157 900 2200 quod
918 2156 985 2190 hoc
1003 2160 1055 2190 est
1071 2156 1114 2190 ab
1139 2155 1317 2190 universis
1333 2156 1468 2191 Christi
1492 2157 1657 2192 fidelibus
1685 2156 1960 2200 approbandum

342 2217 377 2247 et
391 2213 595 2253 tenendum,
615 2223 679 2255 pro
693 2212 941 2249 condemnato,
962 2211 1195 2253 eredendum,
1214 2212 1461 2246 asserendum.

385 2271 416 2302 7.
436 2268 536 2309 Item,
554 2271 676 2302 utrum
700 2267 822 2301 eredat
838 2266 932 2309 quod
955 2265 1267 2301 condemnationes
1290 2266 1439 2301 Joannis
1462 2266 1621 2308 Wicleff,
1646 2265 1796 2301 ,Ioannis
1811 2265 1906 2300 Husz
1926 2266 1962 2300 et

344 2322 553 2366 Hieronymi
570 2322 613 2356 de
638 2322 769 2365 Praga,
792 2321 907 2355 factae
931 2321 974 2354 de
999 2320 1158 2364 personis
1181 2332 1317 2362 eorum,
1336 2321 1438 2355 libris
1453 2324 1488 2356 et
1504 2321 1724 2356 documentis
1740 2332 1805 2365 per
1819 2330 1961 2355 sacrum

343 2379 511 2423 generale
549 2377 817 2412 Constantiense
852 2375 1065 2416 Concilium,
1098 2375 1233 2410 fuerint
1257 2376 1327 2410 rite
1353 2379 1388 2411 et
1413 2378 1510 2421 juste
1537 2377 1652 2411 factae
1689 2378 1724 2411 et
1754 2387 1776 2410 a
1803 2374 1963 2419 quolibet

345 2433 520 2468 catholico
538 2444 601 2476 pro
615 2432 746 2466 talibus
762 2431 935 2465 tenendae
951 2433 986 2465 et
1003 2430 1155 2464 firmiter
1171 2431 1390 2466 asserendae.

387 2492 418 2524 8.
436 2489 536 2529 Item,
555 2491 676 2522 utrum
704 2487 836 2527 credat,
865 2489 994 2527 teneat,
1020 2488 1154 2520 asserat
1177 2486 1350 2520 Joannem
1378 2486 1531 2522 Wicleff
1548 2487 1591 2521 de
1615 2485 1760 2531 Anglia,
1785 2486 1960 2521 ,Ioannem

346 2545 439 2579 Husz
462 2544 505 2577 de
529 2542 701 2577 Boliemia
724 2545 759 2576 et
783 2541 1042 2584 Hieronymum
1059 2541 1101 2575 de
1125 2541 1246 2585 Praga
1261 2541 1369 2575 fuisse
1395 2541 1594 2576 haereticos
1620 2544 1656 2576 et
1680 2552 1745 2585 pro
1772 2540 1963 2576 haereticis

345 2599 578 2634 nominandos
594 2610 636 2632 ac
649 2597 876 2641 reputandos,
902 2600 938 2631 et
963 2596 1074 2630 libros
1091 2598 1126 2630 et
1149 2596 1329 2631 doctrinas
1345 2608 1470 2631 eorum
1493 2597 1602 2631 fuisse
1625 2599 1662 2631 et
1676 2607 1750 2631 esse
1766 2607 1960 2640 perverSOS,

346 2660 489 2700 propter
505 2667 592 2698 quos
608 2658 641 2690 ct
658 2666 745 2698 quas
761 2657 795 2688 et
808 2665 871 2698 per
883 2665 1006 2688 eorum
1020 2652 1236 2697 pertinacias
1248 2664 1311 2697 per
1323 2664 1463 2687 sacrum
1479 2651 1680 2688 Concilium
1695 2650 1965 2687 Constantiense

346 2722 410 2755 pro
426 2710 615 2745 haereticis
631 2712 713 2744 sunt
730 2708 969 2743 condemnati.

389 2768 421 2799 9.
440 2765 540 2804 Item,
560 2767 681 2798 utrum
700 2763 829 2798 habeat
845 2762 883 2797 in
899 2774 963 2796 sua
980 2765 1152 2806 potestate
1175 2762 1314 2806 aliquos
1330 2764 1515 2803 tractatus,
1533 2761 1716 2806 opuscula,
1730 2760 1896 2806 epistolas
1907 2759 1966 2794 vel

347 2830 592 2864 quaecumque
609 2818 680 2852 alia
696 2818 829 2861 scripta
845 2817 883 2851 in
907 2829 1132 2861 quocumque
1149 2817 1319 2853 idiomate
1342 2829 1406 2862 per
1421 2817 1597 2852 Joannem
1612 2816 1772 2858 Wicleff,
1789 2815 1965 2851 Joannem

348 2874 442 2909 Husz
479 2876 514 2908 et
552 2872 812 2916 Hieronymum
850 2872 894 2906 de
929 2872 1050 2916 Praga
1080 2871 1278 2907 haereticos
1316 2883 1379 2907 seu
1412 2883 1538 2907 eorum
1574 2869 1901 2916 pseudodiscipulos
1929 2870 1967 2904 et

348 2939 515 2971 sequaces
540 2927 653 2963 editos
677 2927 733 2962 vel
757 2927 958 2969 translatos,
983 2927 1078 2962 edita
1101 2927 1158 2961 vel
1181 2927 1364 2969 translata,
1390 2927 1485 2971 quod
1511 2927 1592 2962 illos
1613 2926 1671 2962 vel
1692 2926 1757 2961 illa
1783 2923 1966 2960 ordinario

2082 3320 2089 3334 Α

2069 3380 2088 3414 ἦκ’

2067 3420 2087 3466 ἐξ
