2097 3466
850 229 983 266 ANNO
1011 231 1109 265 1374
1728 232 1792 265 220

154 331 300 376 leven.
312 356 372 363 —
388 330 449 373 De
464 340 571 384 paus
589 328 689 383 zegt
711 326 896 381 onlangs
913 337 1151 369 vernemen
1168 327 1213 369 te
1230 325 1416 378 hebben,
1433 326 1509 370 dat
1530 326 1573 370 in
1597 325 1648 369 de
1666 339 1791 369 voor-

152 399 292 443 melde
313 397 557 455 kerkelijke
580 394 789 453 gebieden
813 395 908 437 veel
940 407 1156 451 personen
1178 407 1264 438 van
1296 394 1444 438 beider
1466 396 1615 438 kunne
1637 395 1680 438 in
1705 394 1786 438 den

153 471 271 512 staat
302 482 388 512 van
420 466 619 510 armoede
658 463 949 521 godvruchtig
973 464 1098 506 leven
1120 464 1282 507 zonder
1304 465 1546 520 eenigszins
1579 468 1710 520 tegen
1736 465 1788 507 de

151 537 274 581 Kerk
297 536 410 580 noch
432 537 539 579 hare
567 533 832 578 leerstelsels
856 547 908 588 op
933 536 975 575 te
999 533 1170 576 komen.
1208 533 1278 590 Hij
1304 533 1446 588 gelas-t
1469 533 1520 576 de
1542 533 1788 576 voormelde

151 605 463 662 kerkvoogden
487 607 575 647 met
609 617 686 646 een
710 601 954 645 onderzoek
979 615 1084 644 over
1111 601 1163 645 de
1185 602 1408 645 waarheid
1437 602 1529 644 dier
1566 602 1793 658 bewering

151 677 226 718 ten
251 674 375 718 einde
399 677 443 717 te
465 675 610 716 weten
635 672 682 714 of
699 670 888 727 gezegde
912 684 1126 726 personen
1146 670 1382 713 inderdaad
1406 671 1486 728 vrij
1507 685 1592 714 van
1610 670 1787 728 ketterij

149 743 253 801 ziJ'n.
280 744 340 787 De
373 742 611 799 plichtigen
645 743 814 783 moeten
849 740 1032 795 volgens
1064 740 1142 782 het
1173 739 1390 797 kerkelijk
1424 740 1549 783 recht
1581 740 1785 795 gestrast,

150 812 203 855 de
225 812 540 867 onschuldigen
574 808 851 865 integendeel
879 807 1134 851 beschermd
1158 808 1355 851 worden.
1383 808 1523 851 Alwie
1546 808 1630 852 den
1658 808 1791 851 kerk-

149 881 348 938 voogden
381 881 425 924 in
459 880 521 923 dit
553 877 796 921 onderzoek
819 878 1069 920 weerstand
1103 876 1235 929 biedt,
1263 880 1378 920 moet
1411 877 1455 920 in
1489 878 1572 920 den
1605 877 1689 920 ban
1715 877 1792 920 der

148 950 273 993 Kerk
311 950 520 1006 geslagen
559 947 740 991 worden
779 946 1189 1002 niettegenstaande
1231 946 1316 989 alle
1360 946 1662 1002 dispensaties.
1711 946 1790 1004 (De

148 1019 265 1062 tekst
285 1019 414 1062 dezer
434 1018 508 1062 bul
532 1017 675 1060 werdt
697 1015 1018 1071 voorafgegaan
1042 1008 1128 1058 van
1146 1029 1252 1058 eene
1275 1015 1531 1072 verklaring
1550 1029 1633 1058 van
1652 1016 1786 1058 Rain-

148 1087 304 1131 holdus
327 1088 379 1131 de
410 1087 668 1137 Gamundia,
696 1085 879 1128 officiaal
913 1098 998 1127 van
1032 1084 1111 1127 den
1147 1083 1347 1140 bissehop
1369 1099 1454 1127 van
1482 1084 1782 1140 Straatsburg,

148 1156 216 1199 die
254 1161 374 1213 zegt,
417 1156 492 1199 dat
529 1155 726 1198 Hendrik
765 1168 851 1196 van
889 1152 1094 1196 Coblents
1132 1167 1185 1196 en
1225 1152 1425 1196 Diederik
1465 1167 1550 1196 van
1589 1154 1781 1204 Brussel‚

146 1225 387 1282 afkomstig
409 1226 472 1269 uit
495 1225 546 1268 de
569 1224 838 1267 bisdommen
862 1223 986 1265 Trier
1008 1236 1062 1265 en
1086 1223 1210 1275 Luik,
1239 1222 1428 1265 alsmede
1455 1225 1572 1266 twee
1593 1222 1786 1266 Str-eats-

147 1295 348 1352 burgers,
385 1295 486 1338 Otto
524 1294 576 1336 de
609 1292 819 1336 Novillari
847 1305 907 1334 en
941 1292 1068 1348 Hugo
1099 1306 1184 1335 van
1223 1292 1406 1344 Zabern,
1445 1293 1545 1336 hem
1577 1292 1680 1336 deze
1712 1292 1787 1335 bul

146 1365 317 1409 hebben
344 1364 576 1415 vertoond,
604 1363 703 1406 hem
736 1361 1036 1405 verzoekende
1068 1375 1117 1404 er
1149 1375 1228 1404 een
1261 1360 1439 1404 officiee'l
1473 1362 1676 1406 asschrift
1697 1377 1784 1406 van

145 1438 188 1479 te
212 1435 363 1478 willen
386 1433 636 1484 verleenen,
663 1432 851 1487 hetgeen
877 1431 955 1488 hij,
984 1445 1041 1474 na
1064 1432 1116 1474 de
1138 1431 1211 1475 bul
1234 1431 1498 1488 aandachtig
1521 1432 1786 1476 onderzocht

148 1519 203 1548 en
226 1504 326 1548 echt
349 1502 577 1546 bevonden
599 1507 644 1545 te
666 1500 852 1552 hebben,
879 1500 985 1543 door
1008 1500 1090 1543 den
1122 1500 1518 1561 bisschoppelijken
1540 1515 1595 1544 en
1619 1501 1786 1544 keizer-

145 1572 282 1630 lijken
316 1573 482 1616 notaris
505 1571 670 1615 Rudolf
687 1571 739 1614 de
763 1571 948 1628 Rynach
970 1569 1090 1613 heeft
1122 1570 1241 1614 laten
1275 1569 1385 1612 doen
1407 1585 1415 1622 ;
1442 1573 1507 1614 tot
1529 1569 1683 1628 bewijs
1707 1570 1784 1613 der

145 1642 347 1686 echtheid
369 1641 490 1685 heeft
511 1641 569 1698 hij
596 1654 677 1684 3311
701 1639 778 1683 het
804 1639 1006 1683 afschrift
1037 1640 1114 1684 het
1146 1639 1483 1697 bissehoppelijk
1518 1641 1639 1697 zegel
1672 1641 1784 1683 doen

146 1713 340 1768 haugen,
365 1711 449 1754 den
467 1709 674 1765 zaterdag
691 1709 750 1752 30
771 1708 1003 1752 December
1025 1710 1154 1761 1374,
1180 1710 1225 1752 in
1248 1710 1676 1766 tegenwoordigheid
1699 1724 1785 1752 van

145 1785 261 1825 twee
282 1780 569 1823 kanunniken
593 1779 657 1822 als
680 1778 887 1835 getuigen
920 1779 1208 1821 verschenen.
1236 1780 1404 1822 Aehter
1437 1779 1521 1821 den
1553 1779 1675 1823 tekst
1706 1779 1784 1822 der

145 1849 386 1908 pauselijke
408 1848 482 1893 bul
505 1849 629 1904 volgt
659 1848 712 1890 de
735 1847 1097 1904 echtverklaring
1119 1862 1205 1891 van
1228 1848 1312 1891 den
1336 1847 1545 1906 notaris.)

189 1985 263 2019 Nos
286 1983 514 2018 Rainholdus
537 1983 581 2017 de
605 1981 821 2023 Gamundja,
839 1982 1005 2017 officialis
1028 1981 1315 2027 Argentinensis‚
1334 1986 1459 2018 notum
1476 1982 1641 2024 facimus,
1659 1985 1785 2018 tenore

145 2039 400 2084 praesentium,
431 2050 587 2082 quorum
629 2038 779 2073 interest
806 2039 863 2073 vel
893 2037 1070 2079 intererit,
1100 2038 1289 2079 universis,
1322 2040 1418 2082 quod
1449 2039 1634 2075 constituti
1663 2050 1785 2074 coram

145 2095 248 2130 nobis
274 2094 421 2129 discreti
449 2093 519 2128 viri
545 2093 740 2128 Heinricus
763 2093 806 2127 de
832 2094 1118 2134 Confluenfibm,
1153 2093 1356 2128 Dietericus
1379 2095 1423 2129 de
1452 2096 1629 2136 Brusella,
1651 2096 1784 2130 Treue-

147 2149 262 2185 rensis
285 2153 321 2184 et
348 2148 556 2184 Leodiensis
577 2148 762 2189 dioecesis,
783 2148 866 2183 Otto
882 2149 925 2182 dc
947 2147 1127 2183 Novillari
1150 2152 1185 2183 et
1209 2148 1316 2192 Hugo
1332 2149 1375 2182 de
1393 2150 1545 2190 Zabern,
1563 2150 1787 2195 Argentinae

144 2208 337 2245 morantes,
370 2204 509 2238 litteras
540 2203 754 2247 apostolicas
785 2203 1001 2238 sanctissimi
1032 2203 1071 2237 in
1104 2203 1247 2238 Christo
1282 2204 1394 2247 patris
1433 2209 1468 2240 et
1499 2205 1637 2240 domini
1668 2205 1783 2240 nostri

144 2259 282 2296 domini
299 2258 467 2304 Gregorii
494 2270 606 2303 papae
629 2258 811 2293 undecimi
836 2258 933 2293 infra
956 2258 1120 2303 scriptas,
1138 2271 1238 2294 more
1256 2260 1442 2295 Romanae
1466 2260 1590 2295 curiae
1614 2261 1780 2301 bullatas,

145 2328 217 2351 non
234 2314 398 2356 abolitas,
418 2326 491 2349 non
507 2315 724 2349 cancellatas
741 2326 806 2348 nec
830 2313 868 2348 in
892 2314 1015 2358 aliqua
1039 2315 1094 2349 sui
1119 2318 1221 2359 parte
1236 2319 1418 2359 suspectas
1435 2315 1538 2350 nobis
1561 2315 1600 2350 in
1622 2315 1783 2350 medium

144 2370 400 2410 exhibuerunt,
418 2369 678 2414 produxerunt,
698 2372 1018 2414 praesentaverunt
1033 2372 1069 2405 et
1092 2371 1336 2412 ostenderunt,
1355 2374 1553 2406 asserentes
1569 2371 1779 2416 hujusmodi

144 2426 270 2462 literas
286 2426 363 2460 fore
379 2436 587 2460 communes
604 2425 772 2460 omnibus
796 2424 834 2459 in
858 2427 1070 2469 paupertate
1094 2429 1130 2461 et
1153 2425 1317 2461 castitate
1334 2426 1539 2461 viventibus
1562 2438 1627 2470 per
1642 2426 1784 2470 provin-

145 2480 220 2515 cias
243 2480 282 2515 in
320 2480 455 2515 eisdem
479 2480 692 2524 subscriptis
715 2480 832 2515 literis
859 2480 1065 2524 apostolicis
1089 2493 1274 2526 expressas
1299 2481 1513 2522 constitutis,
1532 2486 1568 2517 et
1591 2493 1628 2516 se
1650 2482 1785 2517 eisdem

145 2535 262 2571 literis
291 2535 455 2581 indigere
485 2539 519 2571 et
548 2536 601 2571 uti
629 2537 721 2571 velle
745 2537 783 2570 in
811 2535 1036 2570 diversarum
1063 2539 1244 2571 terrarum
1274 2537 1374 2577 locis,
1393 2549 1435 2571 ac
1461 2537 1627 2572 timentes
1644 2538 1786 2572 eosdem

146 2591 271 2626 literas
298 2591 442 2625 viarum
469 2591 741 2626 discriminibus
769 2594 803 2626 et
834 2591 1006 2635 perieulis
1032 2591 1150 2626 amitti
1179 2595 1214 2627 ct
1245 2592 1420 2631 subtrahi,
1447 2595 1511 2627 aut
1537 2592 1669 2627 eisdem
1698 2604 1783 2627 casu

146 2646 296 2681 fortuito
313 2646 543 2689 defraudari3
564 2659 676 2691 quare
699 2646 905 2690 petiverunt
932 2646 1055 2681 literas
1078 2647 1218 2681 easdem
1245 2659 1308 2691 per
1335 2659 1399 2682 nos
1423 2647 1638 2683 auctoritate
1662 2652 1784 2683 nostra

147 2701 336 2736 ordinaria
348 2701 543 2737 transsumi
561 2705 595 2736 et
613 2701 823 2745 exemplari,
842 2705 877 2736 et
895 2702 1103 2746 hujusmodi
1121 2705 1405 2746 transsumptum
1420 2703 1624 2738 testimonio
1642 2704 1787 2747 publico

146 2767 189 2790 ac
205 2755 319 2800 sigilli
345 2756 463 2791 dictae
488 2756 612 2791 curiae
636 2755 912 2800 Argentinensis
940 2756 1160 2800 appensione
1177 2757 1394 2791 communiri
1420 2758 1597 2799 mandari,
1623 2757 1674 2793 ita
1691 2759 1787 2801 quod

145 2809 280 2845 eisdem
309 2814 552 2856 transsumpto
595 2811 670 2846 sive
700 2811 936 2856 transscripto
968 2815 1153 2855 tamquam
1181 2812 1423 2857 originalibus
1451 2812 1565 2847 literis
1593 2811 1787 2856 praedictis

145 2867 233 2902 fides
261 2867 372 2912 possit
395 2867 560 2912 plenaria
584 2867 761 2902 adhiberi.
781 2868 854 2902 Nos
883 2867 1004 2911 itaque
1030 2867 1194 2911 receptis,
1214 2868 1301 2902 visis
1328 2875 1361 2903 et
1392 2868 1587 2911 diligenter
1615 2867 1785 2911 inspectis

145 2924 182 2957 et
206 2922 372 2966 perlectis
397 2922 511 2958 literis
531 2921 736 2968 apostolicis
757 2922 968 2966 subscriptis
994 2921 1149 2967 ipsisque
1166 2922 1259 2957 vei-is
1283 2935 1323 2957 ac
1348 2923 1433 2957 alieti
1458 2922 1594 2958 domini
1613 2921 1778 2965 Gregorii
