2097 3466
818 264 950 298 ANNO
978 266 1078 298 1273
1707 265 1770 299 137

130 357 218 401 quin
249 356 361 390 immo
390 367 433 390 ne
460 356 678 400 procedatur
706 367 769 400 per
794 356 886 395 illas.
912 356 1112 391 districtius
1137 356 1342 391 inhibemus
1372 369 1436 392 nec
1461 359 1647 401 praetextu
1673 368 1766 391 com-

131 411 312 446 missionis
335 410 540 455 specialitcr
563 410 696 446 eisdem
721 411 942 446 dioecesanis
965 423 1073 455 super
1104 412 1171 446 hoc
1203 413 1318 446 factae
1351 416 1486 446 vestros
1514 423 1699 456 1·›rocessus
1730 411 1766 446 in

131 465 426 500 dioecesanorum
452 465 660 500 civitatibus
675 468 710 500 et
732 466 957 500 dioecesibus
982 466 1147 500 volumus
1173 466 1351 510 impediri.
1374 468 1447 501 Nec
1482 478 1545 510 per
1576 467 1644 501 hoc
1672 467 1766 510 quod

130 520 212 556 fidei
246 520 431 564 negotium
463 520 682 564 generaliter
720 521 756 555 iu
796 521 870 565 ipso
911 533 1022 564 reguo
1062 521 1162 555 vobis
1195 521 1466 559 connnittimus,
1496 521 1764 555 commissiones

129 588 151 610 a
167 576 327 620 praefata
343 576 424 609 sede
441 575 662 609 dioecesanis
678 575 810 610 eisdem
830 576 953 615 factas,
972 576 999 609 si
1032 577 1151 610 sotsan
1183 575 1326 609 illarum
1353 588 1413 609 seu
1445 576 1551 610 ctiam
1581 575 1766 610 ordinaria

129 631 242 666 velint
265 630 480 665 auctoritate
505 631 709 673 procedere,
730 631 949 665 intendimus
974 642 1154 665 revocare.
1177 631 1433 665 Verumtamen
1461 631 1535 664 sive
1552 630 1768 665 auctoritate

128 685 315 720 ordinaria
338 685 412 720 sive
437 697 480 719 ex
507 686 734 729 delegatione
765 686 968 729 praedictae
997 686 1089 720 sedis
1118 685 1226 720 iidem
1251 686 1453 720 dioecesani
1488 686 1522 719 111
1558 686 1765 729 liujusmsnli

130 741 274 785 negotio
302 739 552 784 processerint.
574 752 798 784 nequaquam
832 742 998 775 volumus
1027 742 1082 775 vel
1115 752 1179 784 per
1210 752 1426 775 concursum
1454 752 1683 784 processuum
1715 740 1770 773 vel

130 796 220 830 alias
247 795 516 840 quomodolibet
546 798 682 830 vestros
710 795 876 839 impediri
909 808 1104 840 processus,
1135 796 1235 839 quin,
1276 796 1569 830 dioecesanorum
1607 796 1767 839 ipsorum

131 850 355 896 processibus
381 861 450 884 non
479 850 716 889 obstantibus,
736 850 773 884 in
801 851 925 885 eodem
944 850 1089 894 negotio
1106 852 1300 894 procedere
1317 851 1429 885 libere.
1447 850 1608 885 valeatis.
1629 850 1665 883 Si
1684 860 1770 883 vero

130 905 242 949 aliqui
259 917 303 940 ex
321 905 525 949 praedictis,
550 905 731 939 haeretica
762 906 840 939 labe
866 905 1006 948 penitus
1031 907 1210 949 abjurata,
1238 906 1356 940 redire
1381 906 1560 940 voluerint
1586 906 1631 940 ad
1658 905 1770 939 eecle-

130 961 310 995 siasticam
339 960 527 1000 unitatem,
546 960 597 993 eis
613 961 721 1003 juxta
746 961 898 995 sormam
924 960 1096 995 ecclesiae
1124 960 1361 995 absolutionis
1392 961 1606 995 beneficium
1635 961 1771 1004 impen-

130 1015 227 1050 datis
244 1018 280 1050 et
310 1015 510 1059 injungatis
538 1014 672 1049 eisdem
703 1016 799 1058 quod
830 1015 973 1059 injungi
1000 1015 1133 1050 talibus
1158 1016 1356 1055 consuevit.
1376 1016 1520 1059 proviso
1543 1016 1705 1054 solerter.
1729 1028 1772 1050 ne

130 1071 300 1105 simulata
316 1070 549 1105 conversione
566 1071 711 1104 redeant
732 1071 981 1105 fraudulenter
997 1074 1032 1105 et
1049 1082 1122 1111 vos,
1151 1071 1261 1104 immo
1286 1070 1405 1114 potius
1428 1083 1464 1105 sc
1487 1071 1581 1114 ipsos
1607 1072 1771 1106 fallentes

131 1126 197 1160 sub
229 1125 315 1169 agni
340 1124 457 1168 specie
481 1128 611 1168 gerant
640 1125 777 1168 lupum.
799 1125 902 1166 Quod
934 1125 963 1158 si
992 1124 1103 1168 aliqui
1135 1125 1270 1160 fuerint
1291 1125 1482 1169 judicandi
1511 1125 1684 1160 haeretici
1717 1127 1773 1160 vel

130 1179 428 1215 incarcerationis
443 1191 559 1223 poena
582 1182 776 1223 perpetuae
793 1179 906 1223 aliqui
924 1191 989 1223 pro
1011 1180 1218 1224 hujusmodi
1246 1180 1399 1215 erimine
1421 1179 1531 1214 fuerit
1558 1180 1769 1224 infligenda,

131 1237 176 1271 ad
204 1236 241 1270 id
271 1247 337 1280 per
363 1247 426 1270 vos
452 1236 496 1270 de
519 1235 815 1270 dioecesanorum
841 1236 896 1270 vel
924 1235 1146 1270 vicariorum
1175 1248 1336 1278 suorum,
1368 1237 1409 1278 si,
1442 1236 1528 1280 ipsis
1552 1236 1773 1271 dioecesanis

131 1291 349 1332 absentibus
369 1294 573 1335 praesentes
600 1290 747 1331 fuerint,
767 1291 919 1325 consilio
947 1292 1166 1335 procedatur
1182 1295 1222 1327 ut
1250 1291 1288 1326 in
1305 1295 1427 1327 tantae
1449 1291 1773 1327 animadversionis

125 1346 266 1393 judicio
294 1358 365 1381 non
394 1347 640 1390 post-ponenda
656 1346 868 1390 pontificum
893 1346 1090 1382 auctoritas
1122 1347 1334 1383 intercedat.
1352 1348 1489 1383 Verum
1517 1348 1603 1391 quia
1630 1347 1669 1382 in
1697 1351 1771 1383 tam

130 1400 235 1446 gravi
252 1399 404 1435 crimine
420 1412 503 1435 cum
520 1401 635 1435 multa
651 1404 791 1444 oportet
807 1401 949 1435 cautela
966 1400 1123 1444 procedi,
1143 1403 1183 1435 ut
1200 1401 1238 1435 in
1266 1412 1345 1436 roos
1361 1402 1438 1436 sine
1468 1403 1541 1437 ullo
1566 1403 1772 1447 proferatur

130 1468 253 1492 errore
269 1457 382 1491 durae
405 1468 448 1490 ae
475 1455 608 1500 dignae
623 1455 795 1491 severitas
812 1455 972 1497 ultionis,
992 1456 1159 1490 volumus
1175 1459 1210 1491 et
1226 1457 1452 1499 mandamus,
1472 1461 1512 1493 ut
1535 1470 1598 1492 vos
1620 1459 1677 1493 vel
1701 1458 1769 1500 illi,

131 1524 219 1556 quos
246 1512 291 1546 ad
314 1512 384 1546 hoc
407 1511 584 1546 duxeritis
599 1512 834 1555 deputandos,
861 1511 899 1545 in
921 1511 1190 1546 examinatione
1215 1511 1373 1553 testium,
1405 1525 1494 1556 quos
1525 1513 1635 1557 recipi
1664 1526 1773 1557 super

131 1566 284 1602 crimine
300 1565 484 1610 praedicto
497 1565 686 1610 ipsumque
699 1565 995 1610 contingentibus
1011 1566 1224 1610 oportuerit,
1243 1567 1447 1602 adhibeatis
1470 1568 1559 1602 duas
1583 1568 1772 1613 religiosas

130 1625 166 1657 et
189 1622 362 1656 discretas
377 1632 558 1665 personas,
578 1620 616 1655 in
633 1632 787 1665 quarum
820 1621 1023 1665 praesentia
1055 1632 1120 1664 per
1150 1621 1346 1665 publicam,
1365 1622 1395 1656 si
1425 1624 1611 1658 commode
1639 1624 1772 1667 poterit

131 1677 270 1718 haberi,
290 1688 478 1721 personam
495 1679 559 1711 aut
586 1687 649 1720 per
672 1676 761 1711 duos
785 1677 881 1711 viros
898 1676 1045 1710 idoneos
1062 1676 1217 1711 fideliter
1240 1678 1437 1712 eorundem
1462 1679 1606 1715 testium
1631 1679 1769 1724 deposi-

131 1731 246 1767 tiones
262 1731 549 1766 conscribantur.
569 1732 625 1766 Ad
656 1732 932 1767 conscribendas
956 1743 1098 1775 quoque
1126 1731 1334 1776 hujusmodi
1357 1733 1597 1777 depositiones
1623 1735 1769 1770 testium

131 1790 167 1823 et
190 1787 236 1822 ad
259 1787 464 1822 faciendum
481 1786 614 1828 omnia,
630 1798 721 1831 quae
738 1787 776 1821 in
804 1787 992 1822 commisso
1024 1787 1125 1821 vobis
1153 1787 1272 1822 officio
1300 1788 1346 1822 ad
1369 1789 1538 1824 scrinarii
1566 1802 1626 1826 seu
1656 1792 1767 1826 tabel-

130 1842 237 1877 lionis
268 1842 428 1878 officium
467 1842 660 1887 pertinent,
690 1842 806 1878 teneri
838 1842 1002 1877 districte
1034 1842 1288 1887 praecipimus,
1323 1855 1406 1878 cum
1435 1856 1499 1889 per
1524 1858 1586 1881 vos
1616 1858 1678 1881 seu
1707 1858 1772 1890 per

131 1899 318 1942 deputatos
348 1899 394 1933 ad
417 1898 486 1933 hoe
509 1910 531 1932 a
563 1897 663 1932 vobis
691 1897 857 1941 requisiti
886 1898 1033 1939 fuerint,
1069 1909 1192 1932 omnes
1224 1910 1267 1932 ae
1298 1898 1462 1943 singulos
1494 1901 1603 1936 vestri
1635 1901 1773 1936 ordinis

130 1954 271 1995 fratres,
289 1953 454 1997 quidum
481 1956 598 1988 essent
622 1953 660 1987 in
684 1953 805 1988 seculo
833 1953 1041 1997 hujusmodi
1071 1953 1328 1988 tabellionatus
1353 1954 1513 1990 officium
1538 1955 1707 1991 habuisse
1737 1959 1773 1991 et

130 2009 332 2044 exercuisse
356 2011 566 2050 noscuntur,
585 2012 621 2044 et
644 2009 726 2043 illos
754 2009 875 2050 etiam,
895 2009 1026 2053 quibus
1042 2008 1137 2044 idom
1162 2009 1417 2045 tabellionatus
1445 2011 1604 2046 officium
1628 2011 1770 2047 rationo

132 2066 283 2110 praefati
297 2065 433 2110 negotii
447 2065 531 2100 fidei
544 2065 613 2100 fuit
625 2077 647 2100 a
660 2065 844 2109 praedicta
863 2065 944 2100 sede
959 2065 1193 2099 >commissum
1209 2068 1243 2100 et
1257 2065 1293 2100 in
1310 2070 1490 2110 posterum
1505 2067 1770 2110 committetur3

131 2122 365 2156 concedentes
402 2121 611 2166 hujusmodi
642 2120 816 2155 fratribus
860 2131 1001 2155 necnon
1043 2123 1078 2155 et
1116 2120 1198 2154 aliis
1229 2121 1411 2165 religiosis
1442 2122 1674 2166 quibuslibet,
1709 2123 1770 2167 qui

130 2177 396 2212 similiterdum
412 2178 529 2210 essent
544 2175 583 2210 in
607 2176 728 2210 seculo
750 2175 886 2210 dictum
904 2175 1160 2210 tabellionatus
1184 2176 1343 2211 officium
1368 2177 1575 2213 habuerunt
1604 2182 1640 2214 et
1670 2191 1769 2213 exer-

131 2235 296 2272 cuerunt,
322 2232 597 2276 quibuscunque
621 2232 730 2268 etiam
756 2231 1009 2267 ecclesiasticis
1034 2231 1258 2266 secularibus
1286 2233 1446 2267 officium
1483 2233 1600 2277 ipsum
1636 2234 1769 2268 haben-

131 2287 238 2328 tibus,
257 2287 365 2322 etiam
389 2287 418 2321 si
448 2287 557 2322 iidem
575 2289 705 2323 fratres
729 2291 764 2322 et
791 2287 1025 2322 ecclesiastici
1044 2287 1117 2322 sint
1144 2287 1181 2321 111
1210 2287 1322 2321 sacris
1351 2288 1540 2322 ordinibus
1567 2289 1766 2329 constituti,

130 2342 320 2376 exercendi
338 2342 452 2377 libere
474 2342 633 2377 officium
659 2342 788 2386 ipsum,
808 2343 925 2386 quoad
943 2342 1152 2386 praemissa,
1173 2353 1243 2376 non
1260 2343 1423 2378 obstante
1447 2344 1570 2388 aliquo
1587 2345 1769 2379 contrario

131 2400 265 2432 statuto
289 2397 439 2432 canonis
466 2398 523 2432 vel
540 2397 690 2438 ordinis,
710 2409 926 2441 quocunque
942 2398 1075 2431 vallato
1103 2396 1304 2432 munimine
1322 2398 1519 2441 plenariam
1541 2400 1769 2442 facultate1n;

131 2453 226 2495 quod
243 2451 271 2486 si
290 2452 439 2488 testibus
456 2464 545 2496 quos
561 2464 583 2487 a
598 2453 700 2487 vobis
725 2453 838 2497 recipi
860 2453 916 2487 vel
941 2453 985 2487 ab
1011 2452 1083 2487 alio
1102 2451 1179 2487 vice
1195 2456 1314 2487 vestra
1336 2464 1444 2496 super
1465 2455 1589 2489 eodem
1618 2455 1770 2490 crimine

130 2507 330 2542 examinari
356 2508 563 2552 contigerit,
590 2520 633 2542 ex
662 2508 908 2551 publicatione
940 2506 1127 2541 nominum
1153 2508 1350 2542 eorundem
1378 2508 1540 2544 videritis
1569 2510 1770 2554 periculum

132 2562 333 2604 imminere,
352 2562 512 2606 ipsorum
539 2563 685 2598 nomina
713 2574 784 2596 non
810 2562 965 2606 publice,
999 2563 1059 2597 sed
1087 2566 1223 2597 secrete
1252 2574 1373 2597 coram
1402 2564 1583 2608 aliquibus
1611 2577 1771 2609 personis

133 2618 290 2662 providis
318 2623 352 2654 et
377 2619 537 2654 honestis
564 2619 744 2664 religiosis
775 2622 809 2655 et
837 2619 919 2653 aliis
943 2619 988 2653 ad
1016 2619 1085 2653 hoc
1113 2618 1260 2659 vocatis,
1288 2619 1332 2653 de
1360 2631 1513 2662 quorum
1543 2621 1693 2655 consilio
1726 2621 1771 2655 ad

131 2673 346 2708 sententiam
374 2675 430 2709 vel
460 2675 795 2710 condemnationem
829 2674 974 2718 procedi
1007 2674 1184 2714 volumus,
1218 2673 1480 2717 exprimantur.
1517 2676 1562 2710 Et
1598 2676 1662 2716 sic,
1699 2688 1769 2711 non

132 2729 295 2764 obstante
312 2731 406 2772 quod
424 2730 508 2771 illis,
527 2734 652 2765 contra
670 2743 758 2774 quos
774 2729 980 2774 hujusmodi
997 2732 1102 2763 testes
1118 2729 1372 2772 deposuerunt,
1391 2742 1515 2764 eorum
1534 2733 1678 2766 nomina
1698 2743 1768 2766 non

133 2785 267 2818 suerint
300 2785 495 2828 publicata,
525 2787 571 2820 ad
599 2786 841 2829 cognitionem
864 2784 998 2827 jmlicis
1028 2784 1275 2818 instruendam
1307 2784 1523 2820 adhibeatur
1551 2787 1655 2830 plena
1686 2788 1772 2821 tides

133 2839 275 2874 testium
293 2841 578 2885 depositionibus
594 2843 802 2876 eorundem.
824 2842 868 2876 I’t
888 2854 976 2882 ergo
1000 2840 1180 2874 commissi
1200 2841 1300 2874 vobis
1325 2841 1432 2874 officii
1458 2841 1619 2876 debitum
1647 2842 1771 2876 utilius

132 2897 167 2929 et
194 2893 344 2929 liberius
375 2897 616 2939 exequamini,
635 2896 882 2931 committendi
913 2896 1100 2930 citationes
1129 2895 1273 2929 testium
1298 2895 1593 2936 examinationes,
1620 2909 1702 2931 cum
1727 2897 1771 2932 de

133 2950 341 2996 hujusmodi
369 2952 521 2988 crimine
549 2965 592 2988 ac
622 2952 734 2997 ipsius
765 2951 1048 2987 circumstantiis
1078 2951 1254 2986 duxeritis
1279 2950 1548 2996 inquirendum.
1575 2951 1626 2987 ita
1650 2956 1769 2992 tamen
