2097 3466
349 223 411 260 262
1034 225 1166 262 ANNO
1192 226 1210 262 1
1221 228 1266 262 40
1276 229 1296 262 3

349 320 500 364 expleta,
519 318 625 355 dictis
647 318 928 364 archiepiscopo,
947 320 1019 354 suis
1035 319 1249 355 officialibus
1265 324 1300 354 et
1322 318 1469 354 vicariis
1497 318 1694 355 scientibus
1722 320 1830 364 atque
1845 318 1968 357 viden⁴

349 376 459 416 tibus3
479 375 737 410 nichilominus
753 376 827 419 ipse
844 374 1134 419 archiepiscopus
1149 378 1185 410 et
1200 375 1255 409 sui
1272 375 1444 410 officiales
1468 377 1530 409 aut
1554 374 1630 415 alii,
1647 386 1804 418 quorum
1833 376 1970 414 factum

348 431 423 474 ipse
439 434 582 474 gratum
598 430 786 473 habuerat,
812 431 877 465 sub
901 433 1066 474 pretextu
1090 429 1199 474 huJ'us
1222 430 1317 473 quod
1335 429 1454 464 Maria
1478 429 1686 473 Ducanech,
1705 429 1793 465 dicti
1810 430 1969 476 episcopi

348 487 518 530 subjecta,
537 486 724 521 occasione
740 486 848 531 huJ'us
865 486 958 528 quod
976 485 1126 520 eandem
1144 485 1300 519 Mariam
1317 489 1463 528 propter
1488 484 1665 519 nonnulla
1689 485 1799 519 verba
1813 485 1969 522 heresim

347 553 408 576 seu
440 553 599 577 errorem
623 542 661 576 in
689 542 757 577 fide
784 541 965 585 sapiencia
992 552 1056 584 per
1087 552 1166 575 eam
1197 541 1342 584 publice
1379 540 1474 575 dicta
1511 540 1621 574 iidem
1653 540 1840 584 episcopus
1866 543 1901 575 et
1926 541 1971 576 de

349 598 515 632 Perenna
530 608 652 631 coram
683 609 720 632 se
752 596 902 631 tractari
933 599 968 631 et
994 596 1033 630 in
1059 607 1167 630 causa
1189 596 1274 639 poni
1298 596 1459 630 fecerant
1490 598 1525 630 et
1554 595 1673 630 debite
1700 598 1826 629 contra
1854 594 1970 639 ipsam

346 656 604 697 processerant,
623 663 643 686 a
670 651 776 686 dictis
803 653 967 695 episcopo
993 655 1026 686 et
1050 652 1092 686 de
1118 649 1285 686 Peronna
1302 652 1346 685 ad
1364 651 1478 693 ipsius
1494 649 1760 694 archiepiscopi
1776 649 1918 686 curiam
1933 662 1970 686 se

345 707 541 750 appellasse
558 707 719 750 dicebat3
738 707 782 742 de
806 708 899 741 facto
928 707 971 740 ab
1002 718 1098 741 anno
1125 707 1217 741 citra
1243 718 1326 740 suas
1356 705 1497 741 litteras
1524 705 1757 740 inhibitorias
1784 705 1968 749 dederant,

344 761 510 806 ipsosque
528 762 733 805 episcopum
751 774 793 797 ac
809 763 852 796 de
870 762 1038 796 Peronna
1055 762 1093 796 in
1117 773 1225 796 causa
1242 761 1502 805 appellacionis
1521 772 1644 796 coram
1662 761 1759 796 dicto
1775 761 1969 806 archiepis-

345 829 434 862 copo
453 817 559 853 citari
577 818 747 859 fecerant,
767 817 923 861 ipsisque
947 829 991 852 ne
1016 820 1142 851 contra
1166 817 1300 851 dictam
1331 817 1485 851 Mariam
1502 817 1539 851 in
1557 828 1642 851 casu
1658 816 1830 860 premisso
1846 829 1969 861 proce·

344 873 481 913 derent,
497 872 731 907 inhibuerant
747 873 840 917 ipsos
854 873 1060 915 episcopum
1073 876 1107 907 et
1121 873 1164 907 de
1178 872 1348 907 Peronna
1364 872 1402 907 in
1417 872 1490 907 suis
1503 872 1674 915 predictis
1687 872 1967 916 possessionibus

344 928 502 963 indebite
531 939 573 962 ac
599 928 643 962 de
670 939 775 970 novo,
800 931 908 971 prout
937 928 1116 968 dicebant,
1147 927 1377 971 impediendo
1409 930 1444 962 et
1474 928 1740 971 perturbando3
1759 930 1793 962 et
1822 929 1868 963 ob
1897 928 1967 963 hoc

345 985 460 1017 certas
476 983 702 1025 querimonie
717 982 856 1018 litteras
883 994 904 1016 a
927 982 1030 1016 nobis
1056 982 1307 1023 obtinuissent,
1328 982 1372 1016 ad
1397 993 1552 1025 quarum
1577 982 1831 1018 execucionem
1849 984 1967 1019 dictus

344 1037 647 1081 archiepiscopus,
664 1038 726 1081 qui
744 1049 780 1072 se
798 1040 1024 1081 opposuerat,
1043 1037 1087 1071 ad
1104 1040 1242 1071 certam
1259 1037 1355 1072 diem
1372 1037 1531 1081 elapsam
1551 1037 1589 1071 in
1612 1040 1735 1072 nostra
1751 1039 1968 1082 parlamenti

344 1093 446 1127 curia
464 1093 674 1136 adjornatus
698 1093 878 1127 extitissit.
900 1091 1112 1127 Constitutis
1127 1091 1244 1136 igitur
1260 1092 1299 1126 in
1323 1092 1448 1127 eadem
1473 1091 1578 1126 curia
1594 1093 1759 1135 partibus
1775 1093 1967 1130 antedictis

343 1161 405 1184 seu
423 1161 546 1184 earum
563 1149 871 1193 procuratoribus,
885 1160 966 1182 cum
983 1159 1049 1191 pro
1062 1150 1164 1191 parte
1182 1147 1404 1190 prefatorum
1421 1147 1726 1189 conquerencium
1743 1148 1966 1191 propositum

343 1204 469 1239 fuisset
482 1216 588 1238 omne
604 1204 740 1238 factum
757 1203 941 1247 pertinens
951 1203 994 1236 ad
1010 1213 1133 1237 casum
1150 1201 1335 1242 novitatis,
1350 1201 1598 1236 conclusiones
1613 1202 1657 1236 ad
1674 1202 1827 1237 eundem
1842 1213 1965 1238 casum

342 1259 563 1303 pertinentes
573 1259 736 1293 faciendo
750 1262 785 1294 et
797 1258 1065 1293 recredenciam
1078 1257 1146 1291 sibi
1160 1257 1239 1292 fieri
1253 1268 1335 1291 cum
1350 1257 1512 1300 expensis
1526 1257 1678 1300 petendo
1688 1260 1723 1292 et
1734 1257 1962 1300 requirendo,

388 1314 460 1348 Pro
477 1318 579 1357 parte
595 1313 683 1349 dicti
699 1313 975 1356 archiepiscopi,
995 1315 1183 1356 postquam
1200 1314 1416 1355 protestatus
1441 1311 1565 1346 fuisset
1583 1323 1645 1346 sue
1663 1323 1737 1347 esse
1753 1311 1966 1348 intentionis

343 1381 416 1405 non
428 1369 548 1405 dicere
566 1381 682 1413 neque
697 1369 817 1404 dicere
833 1368 925 1403 velle
938 1366 1074 1411 aliquid
1093 1370 1218 1402 contra
1235 1366 1452 1401 catholicam
1468 1366 1588 1407 fidem,
1608 1366 1727 1401 extitit
1742 1367 1966 1411 propositum

343 1436 387 1459 ex
402 1424 562 1464 adverso,
580 1424 675 1467 quod
693 1423 880 1467 episcopus
898 1422 1166 1458 Cameracensis
1182 1421 1366 1465 predictus
1383 1424 1418 1455 et
1434 1432 1499 1455 sua
1522 1420 1792 1456 Cameracensis
1816 1422 1966 1457 diocesis

342 1483 446 1514 erant
464 1483 499 1514 et
514 1482 608 1521 sunt,
627 1478 817 1523 presertim
834 1479 873 1513 in
889 1478 1029 1513 casibus
1045 1477 1335 1521 appellacionum
1367 1477 1410 1510 ad
1434 1488 1471 1511 se
1495 1488 1557 1510 seu
1584 1475 1799 1512 Remensem
1826 1477 1966 1512 curiam

340 1534 380 1569 in
396 1534 492 1569 dicta
508 1534 642 1570 diocesi
660 1535 912 1569 Cameracensi
929 1533 1213 1577 interjectarum,
1232 1531 1300 1566 sibi
1324 1530 1479 1574 subditi3
1497 1532 1540 1565 ad
1555 1534 1657 1574 qu'us
1671 1543 1816 1567 causam
1829 1534 1864 1566 et
1876 1531 1965 1566 alias

343 1590 462 1624 debite
478 1590 620 1624 dicebat
636 1601 672 1624 se
689 1589 727 1623 in
743 1589 963 1632 possessione
980 1592 1014 1623 et
1030 1587 1164 1622 saisina
1180 1599 1254 1622 esse
1270 1587 1308 1621 in
1325 1586 1533 1630 hujusmodi
1550 1586 1667 1621 causis
1680 1586 1963 1631 appellationum

341 1643 530 1678 citationes
545 1644 631 1678 dare
655 1654 697 1677 ac
720 1643 763 1677 de
779 1642 895 1678 causis
911 1641 1199 1686 appellacionum
1211 1640 1430 1685 hujusmodi,
1445 1639 1475 1675 si
1489 1640 1561 1675 sint
1573 1640 1793 1675 admittende
1806 1641 1863 1675 vel
1875 1652 1959 1683 non,

339 1709 556 1742 cognoscere
573 1708 770 1740 causasque
787 1697 993 1741 hujusmodi
1010 1695 1299 1740 appellacionum
1323 1695 1367 1729 ab
1394 1694 1471 1738 ipso
1495 1695 1660 1739 episcopo
1677 1697 1712 1729 et
1735 1693 1961 1738 inquisitoris

338 1751 475 1787 vicario
492 1752 536 1786 ad
554 1764 656 1787 suam
673 1751 887 1787 Remensem
904 1751 1044 1786 curiam
1061 1751 1279 1794 interjectas,
1298 1750 1337 1784 in
1361 1753 1538 1793 quantum
1562 1752 1795 1785 concerneret
1821 1749 1959 1785 dictum

339 1807 559 1852 episcopum,
578 1809 622 1843 ab
639 1808 702 1843 illo
719 1809 813 1852 quod
837 1807 925 1842 dicti
948 1806 1174 1851 inquisitoris
1200 1805 1379 1841 vicarium
1405 1809 1582 1850 tangeret,
1608 1806 1852 1851 disjungendi,
1869 1806 1960 1842 divi-

341 1863 449 1898 dendi
467 1867 502 1899 et
517 1864 748 1908 segregandi.
772 1863 922 1898 Dicebat
938 1862 1092 1898 ulterius
1106 1862 1201 1905 quod
1217 1861 1306 1896 dicti
1319 1860 1506 1905 episcopus
1520 1864 1555 1896 et
1567 1862 1609 1896 de
1624 1861 1791 1896 Peronna
1803 1862 1961 1897 Mariam

341 1918 389 1952 du
407 1918 561 1960 Canech,
580 1918 695 1954 civem
713 1919 1018 1960 Cameracensem,
1037 1918 1227 1953 mulierem
1243 1917 1369 1961 utique
1384 1918 1546 1961 probam,
1565 1917 1707 1952 fidelem
1724 1920 1759 1952 et
1773 1917 1961 1953 honestam

340 1972 379 2007 in
396 1973 518 2007 odium
536 1976 570 2008 et
586 1976 829 2017 contemptum
854 1976 1035 2008 certorum
1059 1982 1290 2016 processuum
1314 1974 1348 2006 et
1372 1970 1661 2014 appellacionum
1687 1983 1753 2015 per
1778 1972 1895 2016 ipsam
1926 1975 1961 2008 et

341 2027 513 2072 Egidium
530 2029 574 2063 de
590 2029 741 2072 Haussy,
760 2028 941 2071 quondam
957 2027 1128 2062 maritum
1145 2038 1262 2068 suum,
1279 2029 1314 2061 et
1329 2037 1434 2060 suum
1451 2026 1631 2069 quendem
1648 2026 1810 2069 fratrem,
1822 2028 1867 2062 ab
1883 2027 1961 2071 ipso

340 2083 506 2126 episcopo
530 2095 592 2118 seu
615 2094 679 2118 suo
703 2082 850 2117 officiali
877 2083 922 2117 ad
950 2082 1088 2116 dictum
1113 2080 1425 2124 archiepiscopum
1458 2079 1743 2124 interjectarum,
1776 2092 1899 2116 coram
1923 2094 1961 2117 se

340 2137 446 2173 citari
463 2139 623 2174 fecerant
639 2141 675 2173 et
690 2137 889 2179 conveniri,
907 2148 1014 2181 super
1030 2149 1071 2172 eo
1087 2137 1182 2180 quod
1200 2136 1368 2170 dicebant
1385 2136 1535 2170 eandem
1553 2135 1710 2170 Mariam
1725 2134 1765 2170 in
1781 2136 1960 2180 responsis

339 2192 413 2228 suis
428 2193 473 2227 ad
489 2193 661 2236 quasdam
677 2192 876 2236 posiciones
892 2191 959 2226 sibi
977 2203 998 2226 a
1013 2191 1130 2226 tribus
1146 2190 1251 2226 annis
1266 2190 1358 2225 citra
1382 2201 1446 2234 per
1470 2188 1661 2224 officialem
1684 2187 1773 2224 dicti
1803 2189 1961 2234 episcopi

339 2247 452 2282 factas
481 2248 669 2282 occasione
699 2247 868 2282 exercicii
900 2246 1033 2281 cambii
1067 2249 1295 2281 monetarum
1326 2245 1421 2288 apud
1450 2246 1699 2284 cameracum,
1732 2243 1822 2278 talia
1852 2244 1959 2279 verba

339 2302 542 2346 protulisse,
559 2302 728 2337 videlicet
751 2302 845 2345 quod
861 2302 958 2336 ‘licet
973 2301 1050 2345 ipsa
1061 2302 1312 2345 Juramentum
1327 2300 1372 2334 de
1395 2299 1548 2334 veritate
1564 2298 1718 2333 dicenda
1733 2298 1956 2342 prestitisset,

338 2357 416 2401 ipsa
447 2360 569 2392 tamen
591 2358 781 2392 veritatem
811 2359 938 2391 contra
967 2355 1155 2399 proprium
1181 2355 1357 2389 honorem
1386 2357 1422 2388 et
1451 2354 1680 2388 commodum
1708 2365 1813 2388 suum
1840 2354 1961 2389 dicere

340 2410 491 2446 minime
514 2413 727 2456 tenebatur3
757 2412 802 2446 ad
825 2422 895 2454 que
916 2411 1002 2445 licet
1025 2411 1189 2454 predicta
1215 2409 1336 2444 Maria
1359 2409 1600 2453 respondisset
1627 2421 1664 2443 se
1690 2407 1861 2443 feminam
1886 2421 1960 2444 esse

339 2465 508 2510 fragilem
525 2479 639 2511 neque
656 2480 692 2503 se
707 2467 841 2502 habere
856 2466 1071 2501 memoriam
1094 2466 1288 2500 verborum
1312 2476 1333 2499 a
1356 2464 1474 2499 tribus
1499 2463 1604 2498 annis
1620 2466 1707 2498 tunc
1725 2467 1803 2507 jam
1831 2464 1960 2508 elapsis

339 2519 533 2564 dictorum,
557 2534 595 2557 se
618 2533 770 2566 quoque,
802 2521 831 2555 si
858 2521 954 2564 quod
983 2521 1093 2556 verbo
1123 2520 1244 2554 minus
1274 2519 1426 2563 provido
1459 2529 1622 2553 sermone
1654 2522 1854 2554 excesserat
1883 2519 1959 2554 sive

339 2575 575 2620 delinquerat,
593 2578 640 2613 ad
666 2576 933 2612 ordinacionem
957 2574 1083 2610 matris
1105 2574 1254 2609 ecclesie
1277 2573 1396 2608 minus
1419 2573 1567 2617 provide
1590 2573 1731 2617 prolata
1756 2574 1957 2609 revocando

338 2630 528 2673 retulisset,
553 2630 670 2666 dictus
696 2633 816 2666 tamen
839 2630 883 2664 de
910 2630 1088 2670 Peronna,
1115 2631 1155 2663 ut
1181 2627 1360 2672 generalis
1383 2626 1607 2671 inquisitoris
1631 2627 1670 2662 in
1696 2638 1809 2672 regno
1836 2629 1957 2663 nostro

339 2684 495 2720 vicarius
511 2689 547 2721 et
568 2689 740 2730 tanquam
763 2696 785 2720 a
807 2684 902 2720 dicto
927 2683 1091 2728 episcopo
1113 2682 1378 2718 commissarius
1393 2683 1596 2726 deputatus,
1614 2684 1692 2726 post
1715 2681 1854 2725 aliquas
1868 2682 1956 2717 dila-

340 2749 459 2774 ciones
488 2739 602 2784 ipsam
624 2740 781 2775 Mariam
807 2741 853 2775 ad
875 2739 1018 2783 publice
1044 2738 1286 2773 revocandum
1309 2737 1489 2772 antedicta
1511 2737 1621 2771 verba
1642 2736 1711 2771 sibi
1733 2737 1901 2781 imposita
1921 2739 1958 2773 et

340 2805 519 2830 carcerem
542 2795 580 2830 in
597 2795 755 2840 ejusdem
779 2794 895 2830 Marie
910 2795 1015 2828 domo
1032 2805 1096 2837 per
1119 2796 1198 2828 octo
1214 2792 1300 2835 dies,
1326 2793 1460 2836 absque
1476 2791 1585 2833 exitu,
1604 2792 1797 2827 tenendum
1812 2794 1847 2827 et
1869 2803 1956 2827 non-

340 2849 440 2883 nulla
470 2850 714 2894 peragendum
745 2848 1010 2893 peregrinagia,
1043 2859 1126 2882 cum
1157 2846 1238 2881 aliis
1269 2846 1369 2891 penis
1400 2848 1435 2881 et
1464 2845 1808 2888 modificacionibus,
1840 2845 1956 2881 eidem

339 2903 455 2939 Marie
484 2904 701 2940 exercicium
731 2904 863 2940 cambii
893 2907 1120 2940 monetarum
1145 2914 1258 2947 usque
1288 2903 1334 2938 ad
1364 2913 1491 2937 novem
1521 2913 1633 2937 annos
1662 2901 1746 2937 inde
1771 2903 1956 2946 sequentes
