2097 3466
331 281 373 312 90
1018 279 1150 313 ANNO
1177 281 1275 313 1233

332 372 457 407 valetis
485 372 580 407 inter
606 371 858 407 inundantium
876 373 1159 409 sollicitudinum
1175 373 1360 419 angustias
1376 374 1564 418 respirare,
1584 387 1626 411 ae
1644 387 1706 419 per
1719 376 1787 411 1100
1803 376 1954 422 dignum

331 428 510 465 ducentes.
538 430 577 461 ut¹
601 438 710 461 onera
738 431 855 462 vestra
883 440 964 461 cum
993 427 1073 461 aliis
1101 428 1321 470 dividantur,
1347 430 1424 472 ejus
1451 429 1616 465 instructi
1640 433 1812 476 exemplo,
1832 432 1893 475 qui
1920 435 1956 468 et

330 481 517 516 duodecim
541 482 716 525 apostolos
737 488 770 517 et
796 483 885 517 alios
906 483 1133 527 septuaginta
1156 483 1245 518 duos
1276 483 1396 527 elegit,
1415 487 1450 519 et
1472 484 1574 519 binos
1597 489 1680 521 ante
1703 487 1828 521 faeiem
1854 499 1955 522 suam

332 537 375 570 nd
394 536 672 579 praedicandum
689 537 831 578 direxit,
850 537 963 572 dictos
987 538 1114 572 fratres
1132 537 1394 582 praedicatores
1418 541 1543 573 eontra
1570 539 1766 575 haereticos
1788 540 1827 574 in
1842 552 1954 584 regno

334 590 507 625 Franciae
524 596 556 625 et
582 591 877 636 circumjacentes
894 591 1096 635 provincias
1117 592 1285 626 duximus
1306 592 1545 628 destinandos.
1565 593 1718 638 Ideoque
1741 594 1953 630 universita-

332 653 402 682 tem
426 651 579 682 vestram
603 658 784 691 rogamus,
812 648 1011 688 hortamur,
1041 650 1076 682 et
1111 651 1295 682 monentes
1323 650 1456 682 attente
1494 660 1558 692 per
1595 649 1789 693 apostoliea
1823 649 1956 694 scripta

332 701 498 736 destricte
537 703 788 747 praecipiendo
831 704 1042 738 mandamus
1083 703 1251 746 quatinus
1289 703 1383 747 ipsos
1420 715 1485 747 pro
1523 704 1724 739 reverentia
1761 703 1885 740 divina
1920 707 1955 740 et

331 756 546 798 apostolicae
563 757 654 791 sedis
678 770 718 792 ac
744 762 863 793 nostra
889 759 1042 803 benigne
1067 759 1278 802 recipientes
1305 762 1340 794 et
1367 759 1514 794 honeste
1537 761 1741 800 tractantes,
1759 758 1809 793 eis
1833 759 1872 792 in
1898 758 1954 793 his

330 814 363 843 et
388 810 468 844 aliis
485 811 687 853 eonsilium,
707 814 882 848 auxilium
899 818 933 849 ct
958 815 1116 849 favorem
1138 815 1260 849 taliter
1275 815 1500 858 impendatis
1519 816 1613 858 quod
1635 815 1702 858 ipsi
1726 814 1954 849 commissum

330 864 397 899 sibi
421 866 578 900 officium
596 867 722 911 exequi
748 869 889 903 valcant
912 868 1095 910 indefesse,
1123 873 1158 905 et
1178 881 1242 905 nos
1265 870 1481 906 sinceritatis
1497 872 1635 905 vestrae
1650 870 1764 904 zelum
1781 870 1954 913 possimus

330 919 458 954 merito
482 923 744 957 commendare.

374 975 504 1010 Datum
522 976 702 1018 Laterani,
722 977 840 1012 idibus
857 978 1004 1022 Aprilis,
1023 979 1253 1023 pontificatus
1269 979 1380 1015 nostri
1397 992 1491 1015 anno
1508 982 1539 1014 7.

678 1053 820 1094 porciu,
839 1054 1078 1089 Momcmenta
1094 1061 1287 1089 conventus
1307 1056 1478 1091 Tolosani
1501 1055 1646 1090 ordinis
1670 1056 1831 1100 fratrum
1844 1066 1953 1100 prae-

718 1108 938 1150 dicatorum,
968 1110 1047 1144 deel
1077 1110 1139 1151 III,
1168 1111 1234 1145 blz.
1265 1113 1318 1146 92.
1347 1131 1390 1136 —
1412 1112 1601 1154 (Potrthast,
1634 1110 1712 1145 decl
1739 1110 1766 1151 I,
1792 1110 1858 1144 blz.
1877 1112 1951 1151 783,

721 1170 759 1196 11Γ
775 1164 884 1204 9143).
902 1182 946 1187 —
962 1164 1012 1198 De
1027 1164 1305 1209 bewoordingen
1321 1166 1423 1201 dezer
1440 1166 1501 1201 bul
1517 1166 1588 1209 ziJn
1611 1164 1839 1210 gedeelteliJk
1855 1175 1954 1201 over-

720 1230 897 1263 genomen
915 1219 969 1255 uit
986 1231 1049 1255 ons
1065 1221 1148 1255 stul<
1166 1228 1203 1255 11¹·
1217 1223 1268 1256 83.

1100 1326 1190 1368 90.

394 1428 531 1478 1233,
560 1431 695 1486 April
719 1432 791 1480 19,
821 1427 1069 1473 Later-acm.
1096 1431 1175 1473 Bul
1208 1445 1290 1473 van
1325 1431 1558 1486 Gregorius
1591 1431 1655 1474 IX
1687 1431 1856 1486 gericht
1889 1433 1954 1475 tot

331 1493 413 1537 den
431 1497 691 1551 predikheer
710 1498 888 1547 Robert,
911 1498 1088 1556 waarbij
1109 1499 1166 1556 hij
1185 1500 1282 1542 hem
1303 1501 1342 1541 iu
1364 1500 1439 1541 het
1456 1499 1571 1542 ambt
1594 1513 1677 1542 van
1697 1499 1955 1555 inquisiteur

330 1561 453 1620 (over
489 1565 853 1611 onderseheidene
886 1568 1107 1609 Fransche
1144 1567 1409 1610 bisdorninen
1447 1582 1499 1610 en
1539 1568 1620 1610 ook
1658 1582 1762 1610 over
1799 1569 1953 1624 8011001

332 1633 628 1692 Vlaanderen)
646 1635 862 1691 bevestigt
886 1650 939 1677 en
963 1637 1060 1678 hem
1081 1637 1192 1693 zijne
1216 1637 1480 1693 gedragslijn
1506 1636 1794 1694 voorschrijft.
1821 1663 1878 1669 —
1895 1638 1954 1680 De

331 1714 437 1756 paus
458 1705 555 1758 zegt
587 1704 647 1746 uit
682 1704 879 1747 Robert's
901 1704 1077 1746 brieven
1102 1719 1333 1748 vernemen
1359 1709 1402 1747 te
1425 1704 1607 1755 hebben,
1636 1706 1710 1748 dat
1739 1706 1834 1749 vele
1857 1719 1955 1749 ver-

333 1769 520 1814 dachten
544 1776 631 1815 met
655 1772 706 1815 de
728 1773 848 1815 Kerk
872 1774 1085 1816 verzoend
1105 1788 1157 1816 en
1183 1774 1276 1816 veel
1299 1774 1489 1816 anderen
1511 1787 1577 1816 om
1600 1774 1747 1817 hunne
1779 1774 1953 1831 ketterij

333 1839 517 1893 gestraft
534 1841 726 1893 werden,
741 1845 871 1884 nadat
888 1842 939 1884 de
958 1842 1074 1897 prior
1092 1856 1174 1884 van
1194 1844 1414 1900 Besaneon
1434 1856 1487 1884 en
1504 1842 1685 1885 broeder
1697 1843 1950 1896 Wallerius,

332 1905 452 1950 beide
485 1909 814 1964 predikheeren,
843 1913 932 1953 met
953 1911 1053 1953 hem
1077 1915 1141 1954 tot
1177 1910 1412 1968 pauselijke
1443 1910 1720 1966 inquisiteurs
1743 1912 1786 1954 in
1818 1913 1954 1956 Bour-

331 1976 486 2031 gondie
509 1978 685 2021 werden
720 1979 988 2035 aangesteld.
1016 1979 1211 2023 Robert's
1233 1981 1343 2037 ijVer
1363 1979 1576 2022 betoonde
1603 1980 1699 2023 zich
1730 1981 1877 2024 vooral
1909 1981 1954 2023 in

332 2044 383 2087 de
407 2045 502 2088 stad
526 2047 583 2089 La
600 2046 774 2091 Charite
793 2048 875 2105 (1),
897 2048 963 2091 die
985 2049 1089 2092 door
1112 2049 1162 2091 de
1182 2050 1432 2092 kettersehe
1450 2053 1544 2105 pest
1562 2048 1841 2106 sehrikkelijk
1861 2063 1954 2092 was

331 2117 576 2170 aangetast.
603 2117 765 2160 Aldaar
798 2117 916 2160 heeft
938 2117 1120 2160 broeder
1143 2117 1304 2161 Robert
1325 2119 1400 2161 het
1423 2131 1542 2161 ware
1564 2117 1711 2174 geloef
1727 2118 1955 2174 gepredikt

333 2186 421 2226 met
452 2184 526 2226 dat
557 2186 728 2241 gevolg,
756 2185 830 2228 dat
851 2187 991 2237 velen,
1020 2200 1234 2243 geroepen
1258 2187 1305 2230 of
1332 2201 1619 2243 ongeroepen‚
1646 2191 1710 2230 tot
1738 2186 1836 2229 hem
1867 2187 1953 2244 zijn

332 2252 543 2307 gekomen
582 2267 649 2296 0111
686 2255 784 2298 110111
826 2255 876 2297 de
909 2256 1084 2313 ketterij
1125 2256 1259 2298 onder
1288 2257 1328 2298 al
1363 2257 1468 2298 hare
1499 2269 1676 2298 vermen
1709 2255 1878 2298 bekend
1909 2258 1953 2298 te

334 2320 503 2372 maken,
541 2323 692 2365 zoodat
726 2324 776 2366 de
811 2325 942 2366 vader
978 2324 1119 2381 zijnen
1153 2339 1274 2372 zoen,
1313 2325 1363 2367 de
1403 2339 1506 2366 zeon
1541 2324 1682 2380 zijnen
1716 2325 1864 2375 vader,
1901 2324 1952 2366 de

332 2389 506 2432 moeder
528 2391 633 2434 hare
655 2392 863 2435 kinderen
883 2393 930 2435 of
945 2393 1084 2435 haren
1101 2394 1361 2448 eehtgenoot
1378 2392 1543 2435 hebben
1564 2392 1876 2448 aangeklaagd,
1899 2405 1952 2434 en

333 2457 406 2501 dat
429 2458 479 2501 de
497 2459 731 2516 pliehtigen
751 2462 843 2503 zich
869 2462 1090 2519 vrijwillig
1110 2476 1192 2505 aan
1210 2462 1293 2505 alle
1316 2461 1489 2504 straffen
1509 2475 1561 2503 en
1586 2460 1951 2516 boetedoeningen

333 2526 500 2569 hebben
525 2529 854 2586 onderworpen.
882 2531 1015 2573 Alzoo
1036 2531 1181 2573 kwam
1210 2531 1290 2572 ook
1314 2530 1365 2572 de
1388 2529 1653 2572 verbazende
1670 2528 1953 2586 uitgestrekt—

378 2685 389 2724 (
393 2685 423 2724 1)
448 2684 501 2727 Op
514 2685 556 2719 de
575 2685 680 2720 Loire
696 2686 859 2730 gelegen,
875 2686 912 2721 in
930 2688 952 2722 ’t
968 2688 1182 2731 graafschap
1196 2689 1340 2723 Nevers.
1356 2689 1407 2723 De
1419 2688 1617 2732 tijdgenoot
1633 2686 1772 2730 Philips
1784 2687 1953 2722 Mouskes

334 2748 403 2771 van
422 2738 583 2773 Doornik
607 2739 671 2780 (zie
687 2741 815 2775 verder
830 2752 893 2775 ons
917 2742 1000 2776 stuk
1017 2749 1055 2775 11Γ
1068 2745 1121 2783 96)
1138 2742 1234 2776 heeft
1256 2754 1296 2776 er
1311 2743 1381 2777 ook
1397 2754 1466 2776 van
1483 2741 1642 2786 gehoord
1657 2753 1702 2776 en
1721 2743 1800 2785 zegt
1814 2753 1821 2775 ε
1841 2755 1857 2768 ιε
1876 2741 1952 2776 Uns

335 2791 498 2833 Robiers,
518 2795 761 2838 unsjacopins
784 2798 864 2839 trop
886 2797 958 2830 mal
975 2796 1103 2840 apiers,
1195 2797 1316 2831 ardoir
1338 2809 1383 2832 en
1407 2797 1464 2831 fist
1486 2808 1578 2831 asses
1600 2807 1644 2830 en
1665 2796 1740 2831 oire
1761 2795 1856 2831 droit
1875 2799 1897 2830 a
1916 2796 1953 2830 la

336 2848 665 2890 Carite-sor-Loire,
681 2862 748 2893 par
763 2851 796 2885 le
813 2854 994 2886 commant
1009 2853 1052 2886 de
1069 2852 1249 2895 l‘apostole
1265 2854 1399 2897 (pates),
1415 2852 1476 2896 qui
1497 2852 1523 2886 li
1545 2855 1581 2886 ot
1596 2851 1733 2897 enjoint
1748 2863 1814 2895 par
1828 2853 1949 2894 estole,

336 2905 369 2935 et
387 2913 452 2945 par
468 2903 501 2936 la
519 2904 659 2937 volente
675 2905 745 2937 dou
768 2905 822 2939 roi
845 2906 888 2940 de
905 2906 1054 2947 France,
1073 2906 1111 2940 ki
1134 2906 1200 2940 l'en
1222 2907 1279 2941 fist
1300 2906 1404 2941 otroi.
1426 2923 1441 2936 n
1467 2906 1635 2950 (Uitgave
1650 2917 1719 2941 van
1735 2906 1779 2941 de
1795 2905 1950 2941 Reiffen·

331 2957 432 3002 berg,
450 2958 528 2992 decl
544 2958 589 2999 ΙΙ,
609 2959 674 2993 blz.
693 2962 779 3001 (308).
