2097 3466
1714 215 1731 222 .-

776 211 908 246 ANNO
935 214 1034 247 1232
1692 215 1732 248 S.)

101 308 249 351 hunne
271 307 522 351 kettersche
545 307 702 350 ouders
723 307 1022 363 aangeklaagd
1046 305 1230 350 hebben.
1265 306 1356 349 God
1396 307 1516 350 heeft
1553 308 1728 350 immers

101 376 153 419 de
174 385 403 432 gewoonte
436 377 488 418 de
521 377 673 419 schuld
705 376 781 418 der
803 376 957 419 ouders
991 390 1093 418 over
1126 376 1177 418 de
1211 376 1419 418 kinderen
1453 380 1495 419 te
1530 376 1720 418 wreken.

98 445 313 502 Eindelijk
347 449 493 489 neemt
525 446 576 488 de
608 446 753 488 keizer
776 446 814 488 al
849 446 900 487 de
923 444 1457 501 p1·edikheerenb1·oeders,
1485 445 1550 487 die
1585 446 1626 487 in
1651 446 1726 488 het

98 514 304 559 Duitsche
325 515 427 571 Rijk
445 518 510 558 tot
530 515 604 557 het
626 515 831 558 uitroeien
856 514 933 557 der
954 513 1127 570 ketterij
1153 514 1257 556 door
1279 514 1359 556 den
1382 527 1487 568 paus
1506 514 1724 569 gezonden

97 584 290 633 werden,
333 588 421 627 inet,
457 585 604 626 hunne
646 584 961 626 inedewerkers
999 583 1134 625 onder
1175 584 1286 638 zijne
1331 582 1634 638 bescherining
1671 598 1725 626 en

96 652 267 710 schrijft
285 653 397 695 allen
415 653 699 709 geestelijken
719 667 770 694 en
788 652 1086 708 wereldlijken
1108 665 1211 693 voor
1227 652 1312 693 hen
1332 652 1439 705 goed
1458 656 1498 694 te
1518 653 1724 694 onthalen

95 735 147 764 en
180 721 469 777 krachtdadig
491 726 533 764 te
557 722 727 777 helpen.
758 723 815 763 De
844 722 1007 764 ketters
1031 721 1301 775 integendeel
1327 725 1497 763 moeten
1532 722 1583 778 zij
1620 736 1723 764 aan-

94 790 282 841 houden,
309 805 535 847 gevangen
561 791 730 833 houden
755 806 806 833 en
831 804 938 832 naar
961 790 988 831 't
1013 790 1240 846 geestelijk
1265 790 1418 832 vonnis
1448 790 1524 832 der
1547 791 1723 846 inquisi-

93 864 213 903 teurs
236 859 478 917 behoorlijk
501 859 696 903 straflen.
725 861 806 901 Zoo
829 859 992 902 doende
1015 859 1156 901 zallen
1181 859 1232 915 zij
1258 859 1349 902 God
1382 873 1435 901 en
1469 859 1550 902 den
1575 860 1720 902 keizer

91 942 359 985 aangenaam
384 930 484 986 zijn.
523 930 581 971 De
605 929 826 985 nalatigen
849 928 1120 984 integendeel
1143 928 1284 971 zallen
1309 927 1414 970 voor
1435 929 1526 971 God
1560 943 1613 971 en
1637 929 1720 972 den

89 998 235 1041 keizer
257 998 440 1055 pliehtig
463 998 640 1056 bliJ'ven.

132 1139 349 1179 Fridericus,
370 1139 433 1173 Dei
458 1139 575 1184 gratia
600 1140 848 1174 Romanorum
870 1140 1065 1183 imperator
1087 1143 1122 1175 et
1145 1150 1285 1183 semper
1300 1142 1487 1183 augustus,
1513 1140 1714 1176 Jerusalem

86 1198 121 1229 et
145 1194 291 1229 Siciliae
319 1206 392 1234 rex,
418 1193 558 1228 dilectis
582 1194 805 1238 principibus
831 1195 918 1234 suis,
944 1195 1209 1229 venerabilibus
1237 1194 1518 1238 archiepiscopis
1550 1200 1586 1230 et
1620 1197 1710 1240 epis-

86 1250 183 1293 copis
213 1249 365 1293 aliisque
396 1249 565 1293 praelatis
594 1250 839 1289 ecclesiarum,
872 1250 1034 1289 ducibus,
1069 1250 1351 1291 marchionibus,
1379 1251 1581 1292 comitibus,
1610 1253 1711 1287 baro:-

86 1304 203 1345 nibus,
234 1304 478 1348 potestatibus,
509 1305 679 1343 scultetis,
707 1305 922 1349 burgraviis,
956 1305 1149 1343 advocatis.
1173 1306 1370 1349 judicibus.
1402 1306 1710 1350 ministerialibus,

84 1360 298 1395 officialibus
315 1363 349 1395 et
365 1360 531 1394 omnibus
548 1372 610 1403 pcr
633 1364 748 1395 totum
773 1361 963 1404 imperium
981 1361 1195 1403 constitutis,
1214 1366 1418 1405 praesentes
1435 1362 1557 1396 literas
1574 1363 1709 1407 inspec-

83 1414 186 1455 turis,
206 1414 371 1449 fidelibus
387 1415 472 1455 suis,
487 1415 644 1459 gratiam
661 1427 762 1450 suam
776 1420 810 1451 et
826 1428 930 1451 omne
948 1417 1093 1451 bonum.

127 1469 314 1504 Commissi
333 1469 434 1504 nobis
451 1470 601 1505 coelitus
616 1482 704 1505 cura
722 1471 909 1515 regiminis
926 1475 959 1506 ct
982 1471 1191 1515 imperialis,
1210 1471 1282 1512 cui,
1300 1472 1408 1506 dante
1426 1472 1590 1513 Domino,
1610 1485 1710 1516 prae-

81 1525 249 1564 sidemus,
275 1524 460 1569 fastigium
485 1525 673 1568 dignitatis
696 1526 931 1565 materialem,
958 1538 1028 1570 quo
1059 1526 1202 1560 divisim
1230 1538 1252 1560 a
1279 1527 1479 1561 sacerdotio
1509 1528 1708 1572 fungimur,

81 1579 243 1624 gladium
267 1580 437 1614 adversus
464 1580 582 1615 hostes
610 1580 691 1614 fidei
724 1583 756 1615 ct
785 1581 823 1615 111
850 1581 1103 1616 exterminium
1120 1582 1323 1616 haereticae
1352 1582 1540 1626 pravitatis
1563 1583 1714 1627 exigunt

80 1637 331 1675 exercendum.
364 1640 401 1671 ut
431 1635 600 1679 perfidiae
627 1635 789 1678 vipereos
817 1635 910 1670 filios
934 1640 1059 1671 contra
1088 1637 1201 1671 Deum
1225 1641 1261 1671 ct
1282 1637 1470 1672 ecclesiam
1499 1637 1711 1673 insultantes

81 1695 252 1735 tanquam
277 1691 430 1727 materni
448 1691 540 1726 uteri
567 1702 769 1725 corrosores
791 1691 827 1725 in
845 1691 986 1735 judicio
1003 1695 1037 1726 ct
1059 1691 1209 1735 justicia
1237 1704 1504 1736 persequamur,
1532 1693 1712 1728 maleficos

80 1746 202 1782 vivere
219 1758 289 1781 non
308 1747 459 1791 passuri,
479 1758 542 1790 per
558 1758 711 1790 quorum
728 1747 914 1782 scientiam
931 1748 1158 1782 seducentem
1175 1749 1330 1782 mundus
1355 1748 1517 1783 inficitur
1547 1751 1583 1783 et
1606 1749 1710 1793 gregi

81 1802 242 1836 fidelium
266 1813 330 1846 per
353 1813 436 1837 oves
459 1801 641 1836 morbidas
657 1802 806 1846 gravior
829 1802 1010 1847 infligitur
1033 1804 1260 1846 corruptela;
1287 1803 1478 1838 statuimus
1495 1803 1616 1847 itaque
1633 1816 1710 1838 san—

80 1857 225 1896 cientes,
245 1859 285 1891 ut
314 1856 499 1897 haeretici,
520 1868 745 1900 quocumque
770 1857 914 1892 nomine
941 1861 1165 1899 censeantur,
1185 1858 1404 1901 ubicumque
1432 1869 1495 1902 per
1518 1858 1710 1902 imperium

79 1911 239 1946 damnati
268 1912 403 1946 fuerint.
426 1912 471 1946 ab
488 1912 638 1946 ccclesia
661 1915 696 1946 ct
723 1912 877 1946 seculari
896 1912 1037 1956 judicio
1054 1913 1239 1957 assignati,
1263 1913 1575 1948 animadversione
1591 1914 1712 1949 debita

79 1967 288 2011 puniantur.
306 1966 344 2001 Si
373 1966 434 2010 (1111
459 1978 544 2001 vcro
571 1968 614 2002 (10
642 1967 845 2011 praedictis,
866 1971 1053 2011 postquam
1077 1968 1212 2003 fuerint
1227 1969 1450 2012 deprehensi.
1477 1969 1594 2005 territi
1612 1974 1709 2006 metu

78 2023 204 2058 mortis
222 2023 341 2058 redire
357 2023 537 2058 voluerint
554 2024 599 2057 ad
615 2023 698 2057 fidei
721 2023 907 2064 unitatem,
918 2025 1024 2067 juxta
1042 2024 1234 2058 canonicas
1250 2024 1452 2059 sanctiones
1468 2026 1513 2060 ad
1530 2027 1711 2070 agendum

79 2078 335 2122 poenitentiam
352 2078 390 2112 in
407 2083 618 2122 perpetuum
636 2090 817 2113 carcerem
834 2080 1083 2114 detrudantur.
1105 2080 1297 2114 Praeterea
1314 2079 1519 2124 quicunque
1536 2081 1710 2117 haeretici

77 2134 210 2178 reperti
235 2134 371 2169 fuerint
394 2134 432 2168 in
456 2134 674 2175 (·ivitatibus‚
695 2135 834 2178 oppidis
851 2147 911 2170 seu
937 2135 1019 2169 aliis
1044 2135 1132 2170 locis
1155 2135 1298 2179 imperii
1324 2148 1387 2179 per
1410 2136 1641 2179 inquisitores
1663 2138 1709 2172 ab

77 2189 274 2234 apostolica
301 2190 383 2225 sede
406 2190 508 2225 datos
535 2193 571 2225 ct
598 2190 688 2224 alios
715 2191 935 2225 orthodoxae
960 2191 1042 2225 fidei
1067 2192 1248 2230 zelatores,
1274 2191 1325 2230 111,
1345 2191 1709 2235 quijurisdictionem

77 2245 208 2280 ibidem
234 2244 439 2285 habuerint,
470 2246 515 2279 ad
543 2245 798 2289 inquisitorum
823 2249 858 2280 ct
885 2246 1040 2281 aliorum
1068 2246 1329 2281 catholicorum
1359 2245 1519 2280 virorum
1549 2246 1707 2282 insinua-

76 2298 222 2339 tionem,
242 2311 302 2334 cos
318 2310 446 2343 capere
467 2302 659 2334 tencantur
674 2302 709 2334 ct
733 2312 793 2334 cos
809 2303 930 2344 captos
947 2300 1082 2336 arctius
1099 2301 1290 2342 custodire,
1309 2302 1422 2337 (101100
1440 2314 1503 2346 per
1519 2315 1707 2339 censuram

76 2354 355 2390 ecelesiasticam
394 2355 582 2389 damnatos
609 2355 807 2389 damnabili
838 2359 954 2390 morte
982 2356 1171 2400 perimant,
1210 2356 1271 2400 qui
1309 2357 1390 2391 fidei
1422 2362 1646 2394 sacramenta
1673 2362 1709 2395 ct

76 2409 171 2444 vitae
187 2410 417 2444 damnabant.
439 2409 557 2443 Simili
576 2421 717 2452 (1110(1110
734 2421 847 2453 poena
866 2410 972 2453 plecti
990 2422 1174 2446 censemus
1198 2423 1330 2452 omnes,
1350 2424 1437 2455 quos
1455 2413 1499 2447 ad
1516 2414 1707 2449 fovendum

75 2465 340 2500 haereticorum
357 2476 516 2500 errorem
534 2465 686 2499 callidus
707 2465 819 2500 hostis
843 2466 991 2501 suscitat
1013 2467 1204 2501 advocatos
1220 2467 1275 2501 vel
1300 2471 1403 2511 parat.
1426 2467 1572 2502 illicitos
1587 2469 1706 2503 desen-

75 2531 189 2560 sores;
209 2520 364 2553 maxime
381 2531 462 2553 cum
481 2519 622 2553 facinus
639 2531 727 2563 quos
745 2519 896 2563 iniquat,
915 2525 1045 2564 aequat
1060 2535 1068 2564 ς
1087 2521 1155 2555 nisi
1177 2521 1374 2556 monitione
1391 2523 1585 2566 praemissa
1601 2524 1705 2559 desti-

75 2574 185 2609 terint
201 2578 236 2609 et
252 2586 377 2609 corum
395 2575 490 2610 vitae
515 2576 683 2610 duxerint
708 2577 978 2611 consulendum.
999 2578 1067 2612 Eos
1092 2582 1287 2622 praeterea.
1307 2579 1368 2621 qui
1391 2579 1547 2613 convicti
1572 2579 1609 2614 in
1634 2592 1705 2615 uno

74 2631 154 2665 loeo
178 2631 221 2665 de
244 2631 382 2666 haeresi
413 2632 458 2665 ad
486 2631 557 2666 alia
586 2632 665 2666 loca
693 2644 730 2667 se
758 2634 990 2673 transferunt,
1009 2637 1047 2668 ut
1072 2634 1213 2669 cautius
1241 2635 1375 2678 possint.
1401 2636 1584 2671 effundere
1607 2636 1705 2671 virus

73 2686 276 2721 haereticae
294 2687 495 2730 pravitatis,
515 2688 672 2722 debitam
691 2700 875 2723 censemus
897 2690 1018 2724 subire
1035 2690 1244 2731 vindictam,
1265 2694 1302 2724 ut
1319 2702 1426 2734 super
1442 2690 1509 2725 hoe.
1531 2703 1595 2735 per
1610 2691 1706 2727 viros

73 2742 118 2776 ab
134 2742 259 2776 eodem
275 2753 398 2777 errore
415 2754 605 2777 conversos
628 2743 672 2777 ad
690 2743 795 2777 fidem
813 2755 951 2778 necnon
977 2748 1009 2778 et
1035 2755 1098 2787 per
1122 2744 1222 2783 alios.
1242 2745 1301 2788 qui
1325 2756 1384 2779 eos
1400 2745 1443 2779 (10
1460 2745 1598 2780 haeresi
1623 2758 1704 2781 con-

73 2797 249 2837 vicerunt,
268 2798 363 2840 quod
379 2801 414 2832 ct
438 2797 474 2831 in
499 2797 567 2832 1100
586 2810 669 2832 casu
689 2798 919 2832 concedimus
936 2798 1034 2833 licite
1058 2799 1274 2837 faciendum.
1293 2799 1438 2834 evidens
1461 2801 1705 2836 testimonium

73 2852 260 2888 habeatur.
280 2853 369 2888 Item
394 2853 519 2888 mortis
547 2854 744 2888 sententiae
771 2853 936 2888 ducimus
960 2854 1186 2895 addicendos,
1203 2855 1230 2888 si
1256 2867 1344 2898 quos
1368 2855 1631 2890 haeretieorum
1659 2856 1705 2890 ad

66 2907 248 2952 judicium
264 2911 397 2944 tractos
420 2908 459 2943 in
482 2912 663 2944 extremae
678 2909 773 2945 vitae
794 2908 956 2954 periculo
980 2909 1156 2945 haeresim
1180 2910 1398 2954 abjurantes,
1419 2911 1642 2954 postmodum
1659 2911 1702 2946 de
