2097 3466
290 256 354 293 2⁴22
899 253 1030 290 ANNO
1055 256 1166 296 1371,
1193 252 1291 290 1372

290 351 459 396 bekend
483 349 688 408 gemaakt
709 350 827 394 heeft
850 353 937 394 met
960 350 1012 394 de
1045 351 1305 407 maatregels
1327 349 1680 408 dienaangaande
1702 364 1913 408 genomen

291 421 395 464 door
418 421 492 463 het
531 421 642 463 edict
677 433 761 463 van
800 420 1076 464 voormelden
1104 420 1265 471 keizer,
1306 420 1403 463 dien
1442 420 1748 464 uitstekenden
1790 433 1916 464 voor-

290 489 470 532 vechter
513 489 588 532 des
629 489 792 545 geloofs
836 503 889 532 en
922 488 1141 544 ieverigen
1179 489 1410 544 vervolger
1461 489 1538 532 der
1585 490 1771 542 ketters,
1815 489 1916 532 hem

290 557 501 600 biddende
539 558 643 600 deze
682 557 943 613 maatregels
979 560 1069 601 met
1106 557 1219 614 zijne
1253 557 1491 614 pauselijke
1533 557 1832 615 goedkeuring
1871 559 1916 601 te

290 625 603 682 bekrachtigen
626 641 635 678 ;
665 627 852 682 hetgeen
888 626 945 682 hij
982 625 1037 683 bij
1058 625 1159 668 deze
1181 625 1254 668 bul
1278 626 1359 669 ook
1382 626 1482 670 doet
1504 630 1591 670 met
1614 627 1666 670 de
1689 625 1916 683 gebruike-

292 695 396 752 lijke
417 695 657 751 kerkelijke
678 695 989 751 bedreigingen
1011 698 1141 751 tegen
1165 694 1293 738 alwie
1316 709 1364 738 er
1384 699 1515 751 tegen
1549 695 1666 740 durft
1685 695 1913 752 opkomen.

336 820 534 865 Gregorius
550 820 749 865 episcopus,
768 831 892 856 servus
908 831 1094 855 servorum
1111 819 1190 861 Dei,
1209 820 1253 854 ad
1270 823 1482 864 perpetuam
1498 820 1551 855 rei
1568 820 1793 856 memoriam.

336 875 443 910 Sedes
473 876 670 919 apo<toliea
698 875 900 910 catholicae
929 875 1011 909 fidei
1039 875 1261 909 defensatrix
1288 875 1485 918 praecipua
1512 875 1588 916 illa,
1606 886 1698 918 quae
1715 886 1780 919 pro
1806 873 1919 919 ipsius

295 931 377 965 fidei
399 933 672 965 conservatione
688 934 723 965 et
740 931 899 965 hostium
916 930 1218 965 exterminatione
1244 930 1394 974 provide
1411 934 1495 964 sunt
1511 942 1532 964 a
1548 930 1738 965 catholicis
1752 930 1921 965 ordinata

292 985 530 1029 principibus,
550 986 705 1020 libenter
723 986 954 1028 amplectens,
981 996 1022 1019 ea
1050 984 1237 1019 consuevit
1258 996 1344 1019 suae
1372 985 1644 1028 approbationis
1671 989 1706 1019 et
1729 984 1919 1019 confirma·

291 1041 400 1075 tionis
419 1041 618 1084 patrocinio
633 1041 869 1075 communire>
889 1040 982 1074 Sane
996 1040 1159 1074 exhibita
1186 1040 1289 1074 nobis
1311 1050 1377 1083 pro
1393 1044 1496 1082 parte
1509 1040 1631 1075 dilecti
1645 1039 1713 1074 filii
1733 1038 1920 1075 Waltheri

293 1094 458 1138 Kerling‚
471 1094 608 1129 ordinis
621 1095 774 1128 fratrum
790 1095 1079 1137 praedicatorum
1093 1095 1131 1128 in
1145 1093 1328 1138 nonnullis
1338 1093 1589 1128 Allemanniae
1600 1094 1763 1137 partibus
1775 1093 1922 1137 inquisi-

292 1154 381 1183 toris
408 1148 613 1183 haereticae
643 1149 832 1192 pravitatis
849 1149 974 1193 petitio
1000 1140 1225 1197 continebati
1246 1150 1341 1193 quod
1359 1161 1440 1184 cum
1459 1149 1497 1184 in
1515 1149 1621 1184 dictis
1645 1149 1809 1193 partibus
1832 1159 1920 1184 non-

295 1205 413 1238 nullos
447 1204 649 1238 haereticos
684 1205 871 1247 utriusque
901 1216 1020 1244 sexus,
1054 1205 1116 1247 qui
1147 1203 1329 1248 Beghardi
1361 1208 1395 1238 et
1432 1205 1618 1248 Beguinae
1647 1206 1918 1247 nuncupantur,

297 1259 528 1301 inquisitores
545 1258 662 1292 dictae
680 1259 868 1301 pravitatis
884 1259 1025 1301 saepius
1040 1259 1210 1301 reperire,
1225 1257 1478 1302 justojudicio
1493 1258 1727 1293 condemnari
1742 1269 1784 1293 ac
1798 1257 1922 1302 puniri

295 1314 497 1357 contingat,
524 1313 731 1347 carissimus
757 1315 795 1347 in
824 1313 967 1348 Christo
998 1313 1094 1347 filius
1122 1318 1244 1348 noster
1271 1314 1432 1354 Carolus,
1452 1313 1650 1357 imperator
1673 1312 1923 1347 Romanorum

299 1380 439 1412 semper
456 1374 643 1412 augustus,
676 1367 779 1412 pugil
812 1366 896 1401 fidei
927 1368 1110 1411 praefatae
1140 1367 1359 1412 magnificus
1389 1379 1431 1402 ac
1463 1370 1627 1411 promtus
1657 1366 1924 1402 haereticorum

302 1426 587 1467 persecut0r‚'ne
613 1422 725 1456 iidem
756 1422 939 1466 Beghardi
957 1426 990 1456 et
1016 1423 1215 1466 Beguinae,
1241 1423 1303 1465 qui
1327 1423 1490 1457 solebant
1516 1422 1769 1457 conventicula
1792 1422 1922 1464 facere,
1944 1434 1947 1444 i

297 1483 440 1526 possent
456 1479 500 1512 ad
517 1469 672 1512 invicem
691 1479 734 1512 de
750 1477 849 1512 sacili
867 1478 1073 1519 convenire,
1091 1478 1226 1519 domOS,
1245 1488 1334 1520 quas
1350 1489 1415 1521 pro
1439 1477 1785 1521 congregationibus
1799 1487 1925 1511 earum

298 1539 561 1569 consueverant
575 1533 708 1567 habere
725 1544 945 1572 communes.
972 1533 1058 1567 fisco
1082 1533 1306 1577 adjudicavit
1327 1537 1362 1568 et
1389 1534 1498 1568 etiam
1525 1532 1721 1577 applicavit
1748 1537 1783 1569 et
1809 1532 1935 1585 vQ

296 1602 338 1625 ac
359 1591 564 1633 ordinavit;
583 1591 676 1633 quod
701 1590 745 1624 de
773 1590 859 1634 ipsis
886 1590 1052 1625 domibus
1079 1590 1399 1634 congregationem
1427 1590 1623 1624 eorundem
1634 1584 1925 1632 “ffeghardorum

297 1646 426 1680 fierent
455 1635 617 1680 carceres
633 1645 741 1680 officii
770 1645 1017 1688 Inquisitionis
1043 1645 1161 1680 dictae
1187 1645 1394 1680 haereticae
1417 1644 1620 1688 pravitatis,
1649 1645 1776 1679 domus
1803 1645 1925 1678 autem

296 1693 623 1745 congregationum
656 1700 904 1744 Beguinarum
928 1701 1198 1744 praedictarum
1221 1700 1330 1747 Jussit
1365 1711 1429 1744 per
1459 1699 1692 1743 inquisitores
1720 1701 1863 1734 eosdem
1889 1699 1925 1733 et

295 1764 488 1799 magistros
518 1755 653 1788 civium
677 1766 739 1789 seu
767 1755 857 1788 alios
888 1755 1009 1798 laycos
1040 1759 1198 1789 rectores
1226 1754 1404 1796 locorum,
1432 1754 1472 1789 in
1504 1753 1635 1797 quibus
1665 1753 1793 1788 domus
1819 1752 1919 1796 ipsae

296 1811 492 1844 consistent
509 1809 722 1850 venundari,
741 1814 776 1844 et
792 1809 835 1844 de
852 1809 1012 1853 ipsarum
1029 1810 1156 1853 pretiis
1172 1821 1279 1844 unam
1299 1814 1437 1853 partem
1455 1809 1540 1853 ipsis
1557 1807 1830 1852 inquisitoribus
1859 1817 1924 1851 pro

296 1865 370 1899 suis
383 1871 417 1898 et
430 1875 577 1898 suorum
593 1863 829 1898 familiarium
844 1868 878 1898 et
893 1864 1132 1899 servientium
1148 1863 1350 1905 sumptibus
1367 1864 1509 1898 facilius
1533 1862 1799 1906 supportandis,
1813 1861 1924 1896 aliam

296 1929 382 1954 vero
401 1919 631 1962 pauperibus,
649 1926 682 1954 et
699 1919 845 1953 tertiam
862 1923 1001 1963 partem
1018 1919 1317 1954 universitatibus
1330 1919 1489 1962 ipsorum
1504 1919 1669 1953 locorum
1680 1916 1796 1952 voluit
1811 1917 1924 1961 appli-

299 1975 388 2015 cari,
409 1979 517 2008 etiam
543 1974 734 2018 assignari,
752 1979 859 2017 prout
883 1974 921 2008 in
946 1974 1058 2017 ipsius
1082 1974 1312 2017 imperatoris
1335 1973 1452 2008 literis
1474 1973 1558 2008 inde
1587 1973 1760 2008 confectis
1786 1972 1925 2021 dicitur

298 2029 441 2073 plenius
459 2029 655 2063 contineri.
679 2028 799 2069 Quare
816 2029 934 2063 dictus
952 2029 1145 2072 inquisitor
1162 2028 1264 2063 nobis
1291 2029 1480 2063 humiliter
1496 2027 1725 2072 supplicavit,
1743 2021 1926 2070 quatenus

297 2085 483 2128 praedicta
495 2084 531 2118 in
550 2082 709 2118 favorem
726 2083 844 2117 dictae
861 2083 944 2117 fidei
961 2085 1012 2118 sic
1028 2087 1126 2127 gesta
1146 2084 1342 2127 apostolico
1359 2084 1530 2117 mandato
1547 2076 1718 2116 roborare
1734 2084 1768 2116 et
1783 2081 1928 2115 munire

301 2138 547 2182 dignaremur.
569 2139 642 2173 Nos
669 2139 785 2181 igitur
808 2136 1080 2176 indicationem,
1098 2138 1394 2181 applicationem,
1414 2137 1613 2181 Jussionem
1644 2140 1680 2171 et
1708 2136 1928 2170 voluntatem
1957 2172 1962 2177 ,

298 2192 514 2235 praedictas,
533 2196 718 2233 tamquam
742 2191 891 2235 provide
916 2195 951 2226 et
976 2191 1154 2225 catholice
1178 2192 1301 2233 factas,
1319 2198 1416 2226 ratas
1446 2191 1619 2226 habentes
1650 2193 1686 2224 et
1715 2195 1850 2234 gratas,
1869 2199 1928 2224 eas

300 2248 517 2281 auctoritate
547 2246 744 2290 apostolica
762 2255 884 2280 tenore
901 2246 1145 2289 praesentium
1171 2247 1423 2289 approbamus,
1441 2245 1663 2279 ratificamus
1679 2249 1714 2279 et
1730 2242 1929 2286 praesentis

299 2299 424 2343 scripti
443 2300 646 2344 patrocinio
663 2298 944 2333 communimus.
967 2298 1069 2332 Nulli
1087 2310 1173 2342 ergo
1202 2301 1391 2333 hominum
1415 2299 1562 2333 omnino
1587 2298 1694 2334 liceat
1717 2298 1812 2334 hanc
1826 2297 1928 2342 pagi-

298 2365 382 2388 nam
413 2362 555 2389 nostrae
586 2353 857 2397 approbationis
886 2357 920 2388 et
950 2353 1205 2387 ratificationis
1236 2353 1440 2397 infringere
1479 2357 1514 2387 et
1543 2351 1577 2387 ei
1609 2364 1700 2387 ausu
1730 2352 1924 2387 temerario

300 2410 482 2444 contraire
494 2423 503 2452 ς
518 2409 546 2443 si
561 2409 640 2452 quis
653 2415 773 2443 autem
789 2411 856 2443 hoc
869 2412 1047 2443 attentare
1063 2409 1355 2452 praesumpserit,
1369 2408 1658 2453 indignationem
1671 2407 1929 2453 omnipotentis

300 2465 365 2499 Dei
384 2470 418 2499 et
436 2466 622 2500 beatorum
642 2464 742 2499 Petri
759 2469 794 2498 et
809 2464 915 2498 Pauli
933 2464 1178 2508 apostolorum
1196 2467 1272 2507 eJus
1287 2477 1325 2499 se
1342 2465 1484 2499 noverit
1500 2466 1749 2499 incursurum·

345 2520 478 2555 Datum
495 2520 692 2560 Avenione,
709 2519 739 2552 V
755 2519 836 2553 idus
852 2518 967 2560 Junii,
983 2518 1216 2562 pontificatus
1235 2519 1349 2554 nostri
1367 2530 1462 2554 anno
1478 2519 1613 2563 primo.

646 2596 839 2637 Mosheim‚
858 2596 930 2630 blz.
952 2595 1113 2630 364-366.
1135 2615 1177 2620 -
1201 2596 1263 2631 Zie
1287 2596 1358 2631 ook
1386 2595 1593 2631 Mosheim’s
1615 2596 1765 2641 scherpe
1786 2599 1926 2632 aantee-

691 2651 875 2695 keningen
892 2661 978 2686 over
994 2651 1078 2686 deze
1092 2651 1155 2685 bul
1171 2651 1311 2694 (aldaar
1328 2651 1399 2686 blz.
1420 2650 1485 2685 363
1501 2662 1544 2686 en
1568 2651 1668 2694 366.)

1058 2778 1169 2821 215,

367 2902 502 2954 1372,
529 2904 624 2947 Julz’
642 2904 719 2956 23,
756 2902 1343 2961 Villeneuve-lez-sz‘ynon.
1382 2905 1462 2948 Bul
1486 2918 1572 2948 van
1604 2903 1840 2971 Gregorius
1863 2899 1929 2946 XI
