2097 3466
321 267 383 300 420
998 265 1130 300 ANNO
1157 265 1256 300 1466

316 360 480 405 Carlier
500 358 556 415 bij
581 359 713 403 dezen
736 358 850 403 brief
866 360 947 403 den
971 361 1223 404 Franschen
1247 360 1366 404 tekst
1398 374 1480 404 aan
1503 361 1651 405 Pieter
1683 361 1735 405 de
1760 362 1942 406 Vauceil

315 429 461 473 zendt.

358 550 419 584 Ad
436 552 656 595 may-istrum
671 551 825 585 Petrum
843 552 887 586 de
912 551 1094 593 chcdlo,
1115 562 1219 587 sacre
1235 551 1416 596 theoloyz'e
1432 552 1690 596 professorem.

359 605 509 641 Domine
533 605 582 640 mi
609 610 644 641 et
670 606 842 651 magister
872 610 1003 648 noster,
1029 607 1126 642 omni
1148 607 1500 642 recommandatione
1531 606 1715 651 premissa,
1741 618 1785 642 ex
1809 607 1940 644 litteris

314 661 439 696 vestris
455 660 582 695 ultimo
597 661 781 705 susceptis,
800 661 922 705 accepi
949 662 1044 705 quod
1069 674 1209 697 mecum
1233 661 1372 697 sentitis
1395 662 1434 696 in
1457 662 1595 697 duabus
1612 661 1942 706 ymaginationibus

314 715 511 751 dicentium
527 715 545 750 J
550 715 728 751 ohannem
742 717 1011 761 Euangelistam
1025 717 1159 752 factum
1176 716 1284 751 fuisse
1297 727 1423 751 verum
1436 719 1471 752 et
1483 717 1617 752 realem
1634 716 1750 751 filium
1763 716 1939 762 Virginis,

315 782 398 805 cum
437 769 612 805 Dominus
645 770 697 806 ait
726 771 835 806 matri
861 771 899 805 in
928 782 1054 807 cruce:
1088 771 1227 806 Mulier
1251 782 1326 806 ecce
1348 771 1453 815 filius
1477 776 1571 806 tuus.
1598 770 1724 806 Prima
1754 773 1938 816 tamquam

315 835 467 860 erronea
489 827 525 860 et
546 824 730 869 hereticap
752 836 792 860 er
820 824 1256 860 transsubstantiationem
1282 824 1458 860 Johannis
1481 825 1520 860 in
1549 824 1751 869 Christum3
1769 825 1938 867 secunda,

311 879 408 920 ficta,
431 879 647 920 voluntaria,
673 879 703 913 si
733 879 847 917 audeo
874 879 1005 921 dicere,
1032 880 1232 921 fantastica,
1252 891 1360 923 quam
1389 890 1503 923 usque
1532 880 1578 915 ad
1609 879 1750 915 modica
1777 882 1940 924 tempora

310 934 431 968 nullus
446 934 634 969 doctorum
649 937 855 969 sanctorum
872 946 936 978 per
951 935 1139 970 ecclesiam
1165 935 1445 979 approbatorum
1471 937 1533 969 aut
1557 935 1790 979 antiquorum
1817 935 1937 970 docto-

309 1000 391 1024 rum
411 989 681 1024 scolasticorum
699 989 1033 1034 probatissimorum
1047 989 1208 1025 creditur
1222 989 1384 1025 docuisse
1401 1000 1465 1033 per
1480 988 1740 1025 increationem
1753 989 1938 1026 filiationis

308 1044 346 1078 in
364 1043 540 1085 Johanne,
554 1044 637 1079 dum
653 1043 827 1078 Dominus
842 1044 909 1079 ait:
930 1045 1018 1079 Ecce
1033 1045 1137 1089 filius
1154 1051 1258 1088 ιῑιιιε;
1278 1047 1314 1080 et
1336 1044 1421 1080 istas
1447 1045 1547 1079 nulla
1571 1044 1712 1080 ratione
1743 1047 1807 1081 aut
1830 1056 1938 1080 causa

311 1099 440 1134 debere
465 1099 596 1143 populo
623 1099 820 1143 predicare.
847 1099 1063 1135 Benedictus
1086 1100 1192 1142 Deus,
1212 1099 1298 1144 quia
1314 1110 1455 1135 mecum
1472 1102 1524 1134 est
1539 1099 1709 1135 inuentus
1724 1099 1818 1135 alius
1840 1099 1940 1136 testis

312 1153 527 1188 Parisiensis
550 1156 624 1188 tam
647 1153 827 1198 egregius.

353 1208 476 1243 Habeo
491 1208 551 1243 hic
567 1212 637 1243 tres
653 1208 787 1244 similes
813 1220 913 1244 sacre
940 1209 1121 1254 theologie
1150 1210 1387 1253 professores:
1408 1209 1572 1244 dominos
1600 1209 1803 1245 Johannem
1831 1208 1937 1245 Tinc-

307 1263 405 1303 toris,
425 1263 689 1298 Tornacensem
705 1265 919 1299 canonicum
934 1267 969 1300 et
984 1264 1275 1309 hospitaliarium
1299 1265 1403 1299 valde
1426 1264 1606 1309 insignem
1638 1264 1677 1300 in
1705 1265 1872 1300 doctrina
1904 1268 1940 1301 et

307 1318 479 1359 moribus,
496 1318 515 1352 J
520 1318 697 1353 ohannem
714 1319 757 1354 de
775 1319 922 1361 Econte,
941 1319 1209 1355 thesaurarium
1226 1320 1458 1361 Insulensem,
1480 1319 1721 1355 Parisiensem
1734 1320 1936 1365 egregium,

307 1374 487 1408 Audi-eam
516 1373 716 1416 Carnificis‚
742 1374 898 1417 priorem
927 1378 1124 1410 conuentus
1140 1376 1293 1410 fratrum
1322 1375 1590 1419 predicatorum
1615 1375 1822 1418 Duacensis,
1841 1376 1932 1411 bene

306 1429 482 1462 famosum
496 1427 662 1463 similiter
678 1428 885 1472 sapientem.
906 1430 951 1464 Et
968 1431 1063 1473 quod
1090 1430 1348 1471 desiderabam,
1367 1429 1614 1474 responsiones
1630 1429 1777 1466 misistis
1792 1430 1883 1465 mihi
1898 1430 1938 1465 in

306 1493 458 1525 persona
474 1482 602 1517 Boneti
620 1485 682 1517 aut
698 1494 781 1517 cum
797 1494 838 1518 eo
856 1483 906 1518 ita
922 1484 1133 1525 tenentium,
1154 1484 1200 1519 ad
1216 1495 1371 1527 quarum
1396 1484 1562 1519 elisiones
1585 1484 1740 1528 replicas
1762 1484 1878 1527 mitto,
1896 1487 1938 1520 ut

306 1536 415 1570 simul
428 1536 561 1580 scripto
577 1537 792 1572 conferendo
809 1538 940 1573 veritas
957 1549 1051 1579 vere,
1072 1549 1144 1573 non
1160 1539 1388 1583 ymaginarie
1413 1538 1734 1584 dogmatizantium
1750 1541 1934 1584 appareat,

307 1592 509 1633 obsecrans,
527 1592 557 1626 si
573 1593 753 1633 iudicatis,
773 1593 1021 1637 responsiones
1037 1594 1234 1629 transmitti
1240 1623 1338 1629 .....
1357 1596 1413 1637 (1).

351 1647 477 1682 Cetera
496 1650 650 1683 transeo.
677 1648 819 1692 Reputo
846 1648 940 1682 hane
967 1648 1274 1693 ymaginationem
1303 1649 1432 1685 Boneti
1456 1649 1712 1692 voluntariam,
1731 1650 1864 1693 fictam,
1891 1650 1936 1685 ab

307 1703 404 1738 omni
428 1714 514 1738 vera
543 1702 663 1747 logica
692 1706 728 1738 et
754 1702 981 1747 philosophia
1011 1706 1047 1738 et
1076 1703 1347 1748 methaphysica
1374 1706 1409 1739 et
1439 1704 1694 1739 traditionibus
1727 1706 1935 1740 sanctorum

306 1760 524 1792 extraneam.
545 1756 656 1801 Spero
673 1757 768 1801 quod
783 1768 896 1800 usque
908 1757 954 1792 ad
966 1760 1128 1801 tempora
1144 1757 1296 1793 istorum
1312 1757 1513 1792 Franscisci
1526 1758 1570 1793 de
1582 1757 1744 1793 Maronis
1758 1759 1794 1793 et
1805 1757 1935 1793 Boneti

305 1812 493 1846 doctorum
511 1822 583 1846 non
606 1810 807 1854 reperietur
829 1811 972 1855 aliquis,
998 1812 1060 1855 qui
1083 1823 1247 1856 expresse
1271 1811 1404 1847 dixerit
1433 1811 1634 1847 Johannem
1662 1811 1935 1856 Euangelistam

305 1877 380 1900 esse
395 1877 519 1900 verum
536 1868 571 1900 et
587 1865 720 1900 realem
736 1865 853 1900 filium
870 1865 1034 1910 Virginis
1056 1868 1097 1900 ut
1120 1866 1278 1901 Bonetus
1292 1879 1301 1909 3
1317 1868 1391 1908 aut,
1410 1866 1505 1910 quod
1528 1865 1679 1910 grauius
1694 1868 1758 1908 est,
1776 1865 1936 1910 potuerit

305 1921 384 1955 fieri
401 1920 497 1954 filius
513 1920 700 1962 naturalis,
719 1922 759 1955 ut
771 1921 815 1955 de
831 1920 1003 1955 Maronis.
1024 1921 1068 1956 Et
1080 1920 1166 1956 licet
1181 1921 1272 1956 forte
1288 1921 1327 1956 in
1358 1921 1455 1956 scola
1481 1920 1662 1965 theologie
1689 1921 1778 1956 talia
1799 1921 1935 1965 possint

305 1986 414 2009 causa
429 1975 588 2017 exercitij
607 1975 752 2019 agitari,
773 1976 873 2010 nulla
891 1978 1012 2010 tamen
1028 1975 1169 2011 ratione
1185 1978 1269 2011 sunt
1284 1976 1416 2020 populo
1432 1975 1472 2010 in
1494 1975 1739 2019 predicatione
1755 1976 1813 2011 vel
1829 1975 1931 2018 alias,

305 2031 366 2075 qui
380 2031 468 2066 tales
484 2030 700 2065 subtilitates
716 2042 843 2074 capere
862 2030 995 2074 nequit,
1016 2031 1221 2074 aperienda,
1240 2034 1280 2066 ut
1296 2031 1385 2065 bene
1401 2030 1492 2065 mihi
1508 2029 1711 2074 scripsistis,

350 2087 548 2130 Eapropter
570 2084 705 2119 domini
722 2085 847 2127 vicarij
866 2086 1055 2120 reuerendi
1072 2085 1111 2119 in
1129 2085 1270 2120 Christo
1298 2084 1410 2129 patris
1431 2084 1568 2119 domini
1591 2084 1750 2129 episcopi
1768 2085 1933 2120 Camera-

305 2141 420 2175 censis
436 2140 613 2183 quendam
631 2139 779 2174 fratrem
796 2139 839 2174 de
855 2139 980 2173 ordine
996 2139 1190 2181 minorum,
1210 2139 1272 2183 qui
1289 2139 1507 2183 predicando
1522 2139 1563 2174 in
1588 2139 1645 2174 die
1668 2150 1880 2183 parasceues
1894 2139 1934 2174 in

305 2195 444 2240 palacio
456 2193 650 2238 episcopali
669 2193 917 2228 Cameracensi
931 2194 1149 2229 recitauerat
1166 2195 1309 2238 populo,
1328 2194 1414 2228 dum
1431 2193 1529 2229 venit
1544 2193 1589 2228 ad
1602 2193 1665 2229 illa
1677 2194 1787 2228 verba
1800 2193 1933 2231 Christi

305 2252 342 2285 in
360 2262 466 2284 cruce
484 2248 669 2293 pendentis
693 2249 739 2282 ad
762 2252 914 2283 matrem
931 2249 1121 2293 Virginem
1138 2250 1181 2284 de
1197 2249 1383 2284 Johanne:
1413 2249 1566 2290 Mulier,
1596 2260 1672 2283 ecce
1697 2249 1802 2293 silius
1834 2255 1931 2292 tuus,

306 2303 510 2347 opinionem
526 2302 731 2345 aliquorum
750 2302 987 2339 Scotistarum
1003 2303 1200 2339 dicentium
1218 2304 1313 2347 quod
1329 2315 1392 2348 per
1409 2303 1472 2338 illa
1487 2304 1598 2338 verba
1620 2303 1802 2339 Johannes
1818 2304 1934 2340 factus

306 2359 374 2393 suit
387 2357 483 2392 filius
496 2357 670 2392 naturalis
689 2358 851 2402 Virginis
865 2371 873 2401 3
889 2361 983 2393 etex
999 2358 1068 2393 hoc
1081 2359 1291 2394 scandalum
1307 2369 1422 2403 graue
1438 2360 1602 2393 exortum
1617 2360 1708 2393 esset
1722 2358 1762 2393 in
1784 2359 1930 2403 populo,

304 2412 552 2447 dubitantibus
568 2412 690 2447 multis
706 2412 736 2446 si
754 2413 868 2457 Virgo
900 2413 1039 2457 peperit
1064 2414 1154 2448 duos
1185 2413 1300 2456 fili0s3
1319 2413 1573 2457 compulerunt
1596 2424 1668 2448 non
1692 2413 1738 2448 ad
1760 2424 1932 2449 reuocan—

305 2468 403 2508 dum,
431 2466 516 2510 quia
540 2478 612 2502 non
639 2470 840 2503 asseruerat
856 2468 957 2502 illam
974 2467 1192 2512 opinionem,
1212 2469 1272 2503 sed
1301 2468 1347 2503 ad
1363 2479 1400 2503 se
1426 2467 1695 2510 declarandum,
1724 2470 1766 2503 ut
1790 2468 1932 2504 tolleret

304 2533 464 2555 errorem
480 2532 522 2555 ac
538 2520 758 2557 dubietatem
776 2522 814 2556 in
841 2522 910 2558 ista
925 2523 1079 2558 materia
1105 2522 1144 2557 in
1167 2523 1284 2558 forma
1311 2523 1448 2564 cedule,
1475 2521 1578 2557 cuius
1606 2525 1710 2558 tenor
1736 2522 1776 2557 in
1798 2521 1931 2567 gallico

303 2576 487 2619 sequitur:
506 2576 714 2610 Declaratz'o
732 2577 873 2612 indicta
887 2578 1003 2622 fratri
1019 2578 1069 2612 ad
1082 2577 1275 2622 populum.
1295 2577 1395 2612 Pour
1410 2578 1477 2612 che
1492 2588 1562 2621 que
1584 2576 1701 2612 loffice
1724 2576 1768 2612 de
1791 2576 1928 2612 saincte

305 2630 527 2674 predication
533 2657 623 2665 .....
642 2631 700 2674 (2).

652 2709 846 2752 Carlerius‚
865 2709 944 2745 deel
960 2708 1006 2752 II,
1025 2708 1288 2754 verhandeling
1303 2710 1357 2744 28.

347 2877 391 2918 (l)
406 2875 541 2921 Hicrop
556 2877 686 2922 volgen
703 2877 940 2923 godgeleerde
956 2878 1254 2925 redeneeringen.

347 2932 392 2975 (2)
407 2931 468 2967 Zie
483 2931 543 2967 het
559 2933 733 2977 volgende
749 2933 844 2969 stuk.
