2097 3466
293 250 353 283 ‘254
976 249 1108 284 ANNO
1136 251 1232 284 1394

290 344 448 386 plenarie
480 344 685 384 informent,
711 348 744 379 et
767 355 855 387 quos
871 343 1067 387 culpabiles
1098 343 1308 387 repererint,
1335 343 1523 387 corrigant
1554 346 1589 378 et
1617 343 1770 388 puniant
1801 343 1904 380 iuxta

291 399 483 431 caui-›nicas-
499 398 712 439 sinctiones,
731 398 810 432 illo<
827 404 958 438 nutem,
980 409 1067 440 quos
1084 398 1294 432 innocentes
1310 398 1509 440 repererint
1524 398 1619 431 infra
1636 410 1719 433 suas
1742 398 1908 434 ciuitates

293 460 326 485 ot
343 453 511 491 dioceses,
530 453 701 494 quamdiu
717 453 816 487 sedes
833 452 1027 495 apostolica
1052 453 1094 486 de
1120 452 1204 495 ipsis
1229 452 1334 486 aliter
1354 463 1425 486 non
1442 452 1670 496 disposuerit,
1689 453 1802 488 libere
1817 453 1908 488 citra

293 513 411 540 tamen
430 507 579 540 sormam
598 512 629 541 et
648 507 758 541 ritum
775 507 963 551 religionis
987 512 1048 541 aut
1071 507 1183 541 alium
1211 507 1359 541 modum
1388 507 1534 541 viuendi
1563 508 1793 550 reprobatum
1822 518 1909 542 con-

294 563 430 595 uersari
447 567 481 595 et
497 562 711 596 commorari
738 574 776 596 ac
804 562 875 596 Deo
899 561 1130 596 landabiliter
1163 562 1200 595 in
1231 561 1435 605 praemissis
1466 562 1603 596 seruire
1635 562 1857 606 permittant,
1876 565 1911 598 et

293 617 371 649 illo<
388 618 453 650 sub
470 617 701 660 permissione
717 616 922 651 huiusmodi
948 617 992 650 ab
1010 616 1090 651 aliis
1106 616 1288 650 molestari
1315 628 1386 651 non
1406 617 1591 659 patiantur
1607 621 1643 652 et
1671 628 1754 651 cum
1782 616 1912 652 ceteris

294 683 363 706 non
381 672 604 706 obstantibus
621 676 655 706 et
671 671 842 706 clausulis
858 671 1081 715 opportunis,
1100 675 1140 705 ut
1156 671 1193 706 in
1211 671 1368 706 formula
1393 676 1465 706 cet.
1487 675 1559 706 cet.

338 727 419 760 Fiat
436 732 474 760 ut
493 727 637 770 petitur.
656 738 693 770 p.

338 783 421 816 Sine
439 783 559 824 aliqua
577 782 802 823 limitatione,
821 793 858 824 p.

337 838 467 872 Datum
485 836 622 872 Romae
638 838 731 881 apud
750 837 790 871 S.
812 836 973 878 Petrum,
992 837 1143 880 septimo
1160 836 1240 870 idus
1256 835 1436 878 Januarii,
1457 847 1551 871 anno
1567 836 1711 880 quinto.

679 913 868 955 Mosheim,
887 914 957 948 blz.
980 913 1043 948 674
1061 925 1104 949 en
1122 916 1204 948 675.
1219 930 1263 938 —
1279 913 1340 948 Zie
1356 912 1417 948 het
1432 913 1608 958 volgende
1624 914 1724 950 stuk.

1037 1049 1157 1093 239.

353 1154 493 1205 1394,
517 1152 721 1196 ιῙαηιιανί
741 1154 784 1202 7,
813 1153 966 1195 Rome.
1000 1152 1081 1195 Bul
1113 1165 1198 1195 van
1221 1150 1465 1196 Bonifacius
1487 1151 1552 1194 IX
1579 1150 1751 1208 gericht
1771 1152 1836 1196 tot
1857 1149 1910 1192 de

292 1223 695 1277 aartsbisschoppen
718 1235 802 1263 van
825 1222 1009 1272 Keulen,
1037 1221 1158 1263 Trier
1180 1234 1232 1263 en
1255 1221 1396 1263 Mainz
1421 1235 1474 1264 en
1498 1223 1564 1264 tot
1586 1222 1735 1264 hunne
1758 1217 1911 1264 suffra-

289 1306 431 1346 ganen
469 1291 656 1333 alsmede
693 1294 758 1333 tot
797 1290 837 1332 al
877 1290 927 1332 de
966 1289 1373 1346 aartsbisschoppen
1411 1304 1463 1332 θη
1501 1289 1787 1345 bisschoppen
1823 1302 1910 1332 van

289 1359 587 1411 Duitschland,
630 1358 821 1401 Brabant
864 1372 916 1400 en
955 1358 1247 1411 Vlaanderen,
1288 1371 1357 1401 om
1400 1359 1490 1401 hun
1531 1361 1575 1402 te
1612 1358 1791 1401 bevelen
1829 1370 1909 1400 een

289 1429 537 1473 ouderzoek
559 1442 666 1470 naar
689 1427 740 1470 de
762 1427 894 1470 zeden
918 1441 971 1470 en
993 1427 1069 1470 het
1090 1427 1237 1483 geloof
1253 1441 1337 1470 van
1361 1427 1565 1484 sommige
1587 1439 1801 1483 personen
1823 1439 1910 1470 van

289 1497 435 1540 beider
474 1498 619 1540 kunne
652 1496 940 1552 (Beggarden,
983 1496 1207 1553 Begijnen,
1250 1495 1368 1553 enz.)
1405 1496 1450 1538 in
1487 1499 1530 1540 te
1565 1495 1735 1540 stellen.
1763 1521 1818 1528 -
1850 1495 1910 1538 De

289 1580 395 1621 paus
418 1570 516 1622 zegt
537 1579 771 1608 vernomen
794 1569 837 1608 te
869 1564 1055 1617 hebben,
1082 1565 1154 1608 dat
1176 1565 1220 1607 in
1241 1564 1310 1607 die
1333 1568 1556 1620 gewesten
1579 1565 1672 1608 veel
1694 1577 1910 1621 personen

290 1649 374 1677 van
397 1634 545 1677 beider
566 1635 713 1677 kunne
745 1647 824 1676 een
859 1633 1147 1690 godvruchtig
1180 1635 1306 1676 leven
1329 1633 1486 1686 lemen,
1515 1647 1616 1676 zeer
1639 1632 1912 1688 rechtzinnig

289 1704 331 1745 in
365 1704 454 1746 hun
479 1702 625 1760 geloof
650 1703 736 1758 zijn
774 1716 828 1745 en
859 1702 1023 1745 allerlei
1065 1702 1245 1744 werken
1278 1715 1364 1745 van
1401 1701 1775 1759 barmhartigheid
1811 1713 1910 1744 ver-

287 1772 472 1824 richten‚
501 1786 555 1814 θη
578 1772 792 1814 nochtans
815 1771 920 1814 door
951 1770 1003 1813 de
1039 1771 1250 1826 prelaten,
1289 1771 1570 1826 inquisiteurs
1606 1784 1659 1814 en
1698 1769 1909 1814 officialen

286 1841 496 1897 vervolgd
518 1840 713 1883 worden.
741 1841 924 1883 Daarom
945 1839 1118 1883 beveelt
1151 1840 1229 1897 hij,
1257 1839 1331 1882 dat
1353 1839 1404 1882 de
1426 1838 1834 1896 aartsbisschoppen
1855 1851 1910 1881 en

285 1908 570 1965 bisschoppen
596 1923 675 1952 een
700 1908 854 1964 scherp
891 1908 1132 1951 onderzoek
1156 1908 1298 1951 zullen
1321 1909 1526 1951 instellen
1559 1922 1668 1952 naar
1689 1908 1741 1951 de
1775 1907 1911 1950 zeden

287 1992 341 2021 en
364 1979 439 2021 het
462 1977 608 2034 geloof
625 1978 717 2020 dier
739 1991 968 2034 personen,
995 1991 1062 2020 om
1084 1980 1128 2020 te
1150 1977 1244 2019 zien
1268 1976 1315 2019 of
1334 1991 1380 2020 ze
1401 1979 1531 2033 tegen
1555 1977 1607 2020 de
1628 1975 1910 2020 verordenin-

286 2061 371 2102 gen
407 2061 492 2089 van
525 2046 721 2090 Clemens
759 2047 799 2088 V
837 2061 890 2089 θη
928 2046 1150 2089 Johannes
1187 2046 1318 2088 XXII
1349 2046 1577 2102 zondigen.
1607 2046 1690 2089 Zoo
1722 2045 1786 2103 ja,
1821 2044 1906 2088 dan

285 2119 456 2158 moeten
479 2115 532 2172 zij
557 2115 663 2157 door
684 2115 736 2158 de
757 2114 1036 2170 inquisiteurs
1061 2117 1212 2170 streng
1235 2113 1420 2170 gestraft
1442 2114 1620 2157 worden
1639 2128 1649 2166 ;
1676 2127 1752 2157 zoo
1775 2126 1902 2166 neen,

286 2184 329 2226 in
347 2184 478 2226 vrede
495 2184 668 2239 gelaten
686 2183 864 2226 worden
884 2197 936 2226 θη
955 2183 1222 2235 beschermd,
1245 2196 1351 2226 voor
1369 2183 1541 2226 zooveel
1560 2196 1606 2225 er
1622 2196 1733 2239 geen
1751 2182 1906 2226 schan-

287 2253 382 2294 daal
405 2257 519 2295 moet
535 2253 598 2295 uit
618 2253 901 2295 voortkomen
926 2266 979 2295 en
1003 2265 1050 2295 er
1071 2265 1206 2308 geene
1228 2251 1470 2308 kerkelijke
1492 2254 1658 2295 wetten
1682 2251 1788 2294 door
1807 2263 1908 2294 ver-

285 2321 445 2364 kracht
476 2321 673 2364 worden.
708 2320 937 2363 Hiermede
968 2320 1043 2363 wil
1078 2320 1128 2363 de
1165 2333 1271 2376 paus
1308 2320 1522 2363 nochtans
1559 2319 1643 2364 den
1679 2322 1792 2364 staat
1831 2318 1908 2362 der

282 2390 528 2432 voormelde
550 2403 760 2445 personen
787 2389 879 2432 niet
901 2388 1216 2446 uitdrukkeliJ'k
1238 2388 1530 2444 goedkeuren.

325 2488 532 2523 Bonifacius
549 2490 745 2533 episcopus,
763 2500 889 2523 seruus
905 2500 1093 2524 seruorum
1110 2488 1188 2530 Dei,
1207 2487 1473 2523 venerabilibus
1496 2487 1669 2522 fratribus
1685 2485 1901 2527 Coloniensi,

285 2543 499 2578 Treuerensi
514 2548 548 2579 et
561 2543 833 2588 Maguntinensi
849 2543 1127 2587 archiepiscopis
1141 2554 1336 2586 eorumque
1351 2542 1589 2586 suffraganeis
1601 2542 1752 2586 aliisque
1764 2541 1904 2576 archie-

284 2599 439 2642 piscopis
469 2604 504 2633 et
535 2600 709 2642 episcopis
741 2610 782 2633 ac
813 2599 977 2633 locorum
1008 2598 1202 2633 ordinariis
1232 2609 1295 2642 per
1325 2597 1571 2640 Alamaniam,
1603 2598 1839 2633 Brabantiam
1869 2599 1904 2631 et

286 2653 496 2687 flandriam
519 2653 735 2694 constitutis,
754 2653 798 2687 ad
821 2664 910 2696 quos
933 2656 1136 2696 praesentes
1158 2651 1286 2687 literae
1309 2652 1555 2695 peruenerint,
1573 2652 1727 2688 salutem
1748 2656 1783 2688 et
1805 2662 1904 2696 apos·

284 2708 429 2741 toliearn
447 2708 748 2743 benedictionem.

327 2763 380 2796 Ex
407 2763 571 2797 iniuncto
600 2764 702 2798 nobis
728 2764 772 2798 ab
802 2763 885 2798 Alto
914 2763 1086 2807 pastorali
1110 2762 1228 2798 officio
1245 2762 1416 2808 angimur
1443 2766 1478 2798 et
1504 2766 1670 2799 tenemur
1698 2762 1902 2798 animarum

282 2819 389 2852 saluti
406 2819 611 2862 prospicere
628 2817 725 2852 circa
741 2818 977 2861 corrigendos
992 2828 1289 2861 quorumcunque
1305 2818 1462 2852 maxime
1479 2818 1761 2853 exorbitantium
1777 2827 1799 2851 a
1819 2816 1902 2858 fide,

284 2874 361 2908 sine
384 2884 454 2916 qua
482 2884 586 2908 nemo
614 2874 758 2917 proficit
784 2873 828 2907 ad
856 2874 1019 2915 salutem,
1046 2884 1209 2908 excessus
1233 2877 1267 2908 et
1293 2873 1337 2908 ad
1361 2885 1401 2908 ea
1425 2885 1516 2917 quae
1542 2873 1843 2918 tranquillitatem
1867 2876 1903 2908 et

284 2940 408 2974 pacem
425 2940 465 2963 ac
482 2933 615 2964 statum
630 2939 841 2972 prosperum
858 2931 892 2963 et
909 2927 982 2963 Deo
999 2931 1145 2972 gratum
1162 2927 1296 2964 Christi
1312 2927 1473 2964 fidelium
1495 2927 1672 2973 respicere
1687 2928 1898 2969 dinoscitur,
