2097 3466
837 268 970 304 ANNO
998 271 1097 304 1498
1712 267 1773 300 491

182 363 280 399 Idem
293 363 386 399 dixit
398 364 493 408 quod
506 365 626 399 minus
642 364 777 399 malum
797 365 849 398 cst
860 362 1097 398 homicidium
1115 373 1222 406 quam
1239 364 1426 406 peccatum
1443 360 1574 396 carnis.

181 418 251 454 Sed
267 419 444 463 loquendo
461 420 504 454 de
521 419 701 464 gravitate
714 430 839 454 eorum
866 418 1062 452 secundum
1087 417 1241 461 speciem
1270 419 1510 461 peccatorum,
1529 416 1632 458 (haee
1648 415 1772 458 dictio)

136 474 345 509 scandalosa
359 477 412 509 est
427 474 528 513 falsa,
548 475 722 517 praebens
735 472 960 508 occasionem
974 472 1174 512 homicidii,
1194 472 1405 515 reparanda,
1421 471 1450 504 si
1468 473 1535 506 etc.

181 529 328 571 Quinta.
349 529 394 565 Se
417 533 480 565 ton
503 533 590 564 cure
614 541 659 564 ou
678 540 798 564 aucun
815 531 951 572 prestre
968 527 1129 563 tiennent
1146 528 1293 561 femmes
1317 537 1361 560 en
1378 526 1475 560 leurs
1500 525 1667 566 maisons,
1687 535 1776 559 vous

135 584 242 621 devez
265 586 356 621 aller
371 597 416 620 en
432 585 512 620 leur
527 585 667 619 maison
684 587 719 620 et
735 595 800 628 par
824 585 921 619 force
939 583 1027 619 tirer
1043 584 1079 617 la
1103 584 1232 618 femme
1256 594 1302 617 ou
1327 584 1530 617 autrement.
1554 580 1772 616 confusible-

136 645 235 679 ment
249 642 335 677 hors
350 641 394 676 de
410 652 448 675 sa
464 640 614 675 maison.

179 697 297 738 Falsa,
324 696 546 736 scandalosa,
572 694 760 738 utriusque
779 693 1048 739 jurisdictionis
1077 692 1258 737 politicae,
1286 692 1548 728 ecclesiasticae
1581 690 1718 726 scilicet
1741 693 1777 725 et

136 752 254 788 civilis
270 749 532 796 perturbativa,
558 749 673 784 errori
706 749 951 784 Bohemoruni
970 747 1236 783 haereticorum
1254 748 1388 788 favens,
1408 746 1550 791 publice
1575 745 1777 781 revocanda

135 810 187 844 est
203 810 238 843 et
253 806 470 851 reparanda,
488 806 516 839 si
538 805 650 840 fucrit
665 805 884 848 praedicata.

179 862 298 898 Sexta.
320 862 369 896 Le
387 861 496 896 chant
511 861 555 895 de
571 860 736 903 musique
754 872 822 902 quc
840 871 885 893 on
903 859 1033 893 chante
1057 860 1077 892 a
1095 859 1223 892 Nostro
1241 858 1364 898 Damc,
1384 857 1469 891 n'est
1487 867 1556 899 que
1572 856 1615 890 de
1631 855 1777 899 paillar-

133 917 209 953 dise
220 919 256 952 et
268 914 503 960 provocation
520 915 563 948 de
580 913 801 958 paillardise.

178 972 280 1007 Licet
296 983 369 1006 non
395 970 583 1004 laudemus
607 971 734 1003 cantus
759 968 912 1002 lascivos
938 970 973 1002 et
996 967 1202 1008 theatrales,
1229 967 1258 1001 si
1286 967 1324 1001 in
1349 967 1473 1010 aliqua
1495 965 1647 1001 ecclesia
1675 966 1775 1006 fiant,

135 1028 326 1064 laudamus
348 1029 470 1062 tamen
493 1027 529 1059 et
544 1024 737 1068 probamus
754 1023 910 1057 musicos
927 1025 1053 1057 cantus
1064 1022 1108 1057 'in
1125 1022 1275 1057 ecclesia
1291 1022 1371 1057 fieri
1388 1021 1522 1062 solitos,
1542 1020 1715 1065 populum
1731 1020 1778 1054 ad

135 1081 362 1118 devotionem
378 1081 586 1123 incitantes3
604 1083 639 1115 et
651 1080 745 1115 hanc
761 1082 896 1115 sextam
915 1079 1195 1123 propositionem
1213 1078 1264 1113 sic
1279 1077 1543 1118 universaliter,
1559 1076 1778 1121 generaliter

135 1141 171 1174 et
194 1137 401 1173 indistincte
425 1136 604 1180 loquendo
629 1135 783 1170 dicimus
815 1135 1074 1173 scandalosam,
1109 1135 1236 1168 falsam
1268 1133 1359 1169 ritui
1395 1132 1566 1168 ecclesiae
1593 1134 1629 1167 et
1655 1142 1779 1166 sacrae

138 1191 339 1236 scripturae
357 1191 539 1226 dissonam
555 1202 596 1226 ac
613 1193 888 1235 repugnantem,
908 1189 1085 1224 haeresim
1099 1189 1308 1233 sapientem,
1324 1188 1569 1232 blasphemam
1583 1187 1621 1222 in
1634 1186 1776 1221 univer-

141 1248 251 1284 salem
280 1247 469 1283 ecclesiam
493 1249 529 1282 et
555 1247 594 1281 in
613 1246 878 1281 Tornacensem
912 1244 1136 1290 injuriosam,
1164 1244 1307 1288 publice
1337 1244 1588 1288 reparandam,
1618 1243 1647 1278 si
1670 1243 1780 1279 fuerit

137 1302 355 1348 praedicata.

181 1359 342 1404 Septima
369 1357 579 1402 propositio.
599 1357 648 1392 Le
675 1368 741 1401 roy
765 1357 819 1391 n’a
847 1355 947 1399 point
972 1355 1090 1389 donne
1114 1355 1164 1390 les
1179 1355 1440 1390 malles-tontes
1456 1354 1500 1389 de
1516 1353 1577 1388 vin
1593 1356 1615 1389 a
1632 1355 1778 1399 Tornay

138 1426 230 1461 pour
243 1413 393 1450 nourrir
409 1414 459 1448 les
471 1412 665 1457 paillardes
681 1413 742 1447 des
759 1411 954 1447 chanoines
967 1413 1002 1445 et
1020 1411 1082 1445 des
1098 1421 1186 1454 gens
1203 1409 1370 1454 d'Eglise.

181 1468 365 1512 Quicquid
382 1467 428 1503 sit
443 1468 486 1502 de
511 1467 579 1502 hac
604 1466 848 1511 propositione
874 1466 1071 1501 seeundum
1096 1464 1350 1500 scholasticum
1375 1464 1546 1508 rigorem,
1565 1465 1610 1499 ad
1634 1476 1778 1500 sensum

135 1526 258 1560 tamen
275 1534 381 1566 quem
398 1522 612 1566 praetendit,
632 1521 717 1566 quia
741 1524 792 1556 est
821 1520 989 1565 negativa
1014 1519 1161 1555 omnino
1178 1519 1331 1553 dicimus
1360 1519 1455 1562 quod
1471 1522 1523 1554 est
1547 1518 1723 1562 injuriosa
1738 1519 1777 1553 in

139 1580 179 1615 in
201 1581 334 1614 statum
359 1577 654 1617 ecclesiasticum,
674 1576 781 1611 nimis
814 1575 1110 1616 universitaliter‚
1141 1575 1230 1609 dure
1262 1577 1298 1609 et
1326 1574 1567 1610 irreverenter
1583 1574 1774 1616 invectiva,

137 1634 318 1675 seditiosa,
338 1633 603 1668 ecclesiasticae
626 1632 804 1667 libertatis
820 1632 974 1666 latenter
989 1630 1257 1675 impugnativa,
1275 1630 1488 1674 reparanda,
1507 1630 1536 1664 si
1550 1630 1659 1666 fuerit
1675 1641 1776 1674 prae-

136 1691 268 1726 dicata.

182 1746 334 1781 Octava.
355 1745 409 1780 On
425 1755 469 1779 ne
485 1743 561 1778 doit
576 1743 677 1787 point
691 1743 830 1778 donner
847 1743 1011 1786 d'argent
1027 1753 1099 1776 aux
1113 1741 1244 1785 eglises
1268 1752 1361 1785 pour
1373 1741 1423 1776 les
1439 1741 1605 1784 pardons.
1622 1740 1777 1776 Soanda-

138 1803 226 1844 losa,
244 1800 445 1837 devotionis
462 1799 623 1834 fidelium
639 1799 869 1839 diminutiva,
894 1799 994 1839 falsa,
1014 1797 1227 1841 reparanda.

181 1858 298 1892 Nona.
318 1857 386 1890 Les
402 1855 559 1899 pardons
576 1865 620 1888 ne
645 1856 725 1888 sont
742 1853 841 1897 point
859 1853 994 1887 donnes
1011 1863 1105 1896 pour
1117 1852 1167 1886 les
1186 1851 1422 1886 bourdeaulx.
1442 1850 1543 1885 Sicut
1557 1851 1600 1885 de
1613 1851 1776 1895 septima.

141 1909 321 1954 Quicquid
338 1909 384 1944 sit
401 1908 445 1944 de
462 1909 531 1943 hac
556 1908 799 1953 propositione
822 1908 1018 1942 secundum
1043 1905 1297 1941 scholasticum
1319 1907 1354 1940 et
1369 1905 1600 1940 dialecticum
1618 1905 1777 1950 rigorem

140 1965 325 2006 sermonis,
345 1965 391 2000 ad
403 1976 547 1999 sensum
562 1967 682 1999 tamen
697 1975 787 2007 quae
800 1962 1013 2007 praetendit,
1030 1961 1115 2005 quia
1129 1964 1182 1996 est
1198 1960 1380 2005 negativa,
1393 1972 1608 2004 praegnanS,
1623 1961 1778 1997 dicimus

141 2020 236 2063 quod
257 2022 310 2054 est
333 2019 527 2054 indiscrete
551 2020 684 2063 populo
709 2018 926 2063 praedicata,
957 2017 1167 2051 scandalosa
1192 2015 1230 2050 in
1270 2015 1458 2060 religiosas
1486 2015 1621 2056 domos,
1647 2015 1778 2059 quibus

141 2074 293 2109 collatae
309 2078 393 2109 sunt
406 2074 665 2118 indulgentiae.

181 2129 341 2164 Decima.
362 2129 430 2163 Les
446 2129 602 2173 pardons
633 2129 805 2163 viennent
833 2128 990 2162 d'Enfer.
1018 2127 1080 2161 Est
1103 2126 1246 2170 piarum
1263 2125 1407 2160 aurium
1425 2124 1610 2166 offensiva,
1628 2126 1775 2161 scanda-

136 2185 223 2225 losa,
242 2183 281 2218 in
305 2183 494 2219 ecclesiam
519 2187 554 2219 et
578 2185 696 2219 claves
719 2183 891 2218 ecclesiae
915 2182 1134 2227 blasphema,
1161 2180 1356 2221 haeretica,
1376 2180 1590 2224 reparanda,
1609 2180 1639 2214 si
1666 2181 1776 2218 fuerit

136 2239 354 2284 praedicata.

184 2295 398 2330 Undecima.
430 2295 560 2336 Quand
592 2298 631 2330 tu
656 2306 739 2339 oyes
769 2295 804 2329 la
831 2305 956 2334 messe,
975 2295 1012 2329 tu
1031 2305 1075 2328 ne
1098 2292 1175 2327 dois
1191 2292 1270 2327 rien
1289 2291 1384 2333 dire3
1402 2294 1437 2326 et
1453 2291 1574 2334 quand
1590 2302 1636 2326 on
1652 2292 1730 2327 leve
1743 2292 1776 2327 le

137 2352 350 2392 sacrement‚
372 2353 411 2385 tu
428 2349 506 2384 dois
530 2350 705 2393 regarder
720 2361 765 2384 en
782 2352 889 2390 terre,
909 2352 943 2383 et
960 2360 1030 2383 non
1046 2347 1145 2392 point
1173 2347 1206 2382 le
1222 2348 1433 2381 sacrement.
1452 2346 1508 2380 Ad
1529 2357 1671 2380 sensum
1697 2347 1774 2381 uni-

139 2405 327 2444 versalem.
349 2416 454 2448 quem
469 2404 683 2448 praetendit,
697 2404 758 2448 qui
772 2407 824 2439 est
838 2404 931 2447 quod
944 2403 1163 2447 quicumque
1176 2401 1314 2446 aliquid
1326 2401 1414 2436 dicit
1427 2400 1605 2436 audiendo
1614 2402 1772 2443 missam,

138 2462 274 2504 peccat,
291 2459 392 2500 falsa,
409 2467 534 2494 contra
550 2458 661 2493 ritum
675 2459 847 2494 ecclesiae
864 2461 899 2493 et
911 2457 1163 2493 ordinationen
1176 2457 1317 2496 missae,
1336 2458 1462 2490 contra
1475 2467 1774 2500 communemque

138 2515 406 2550 observantiam
423 2514 547 2558 populi
567 2514 773 2556 christiani3
793 2517 827 2549 et
842 2513 912 2548 hoc
928 2513 1045 2557 quoad
1062 2512 1215 2556 primam
1233 2514 1383 2555 partem.
1404 2510 1569 2545 Secunda
1587 2522 1668 2554 pars
1684 2512 1773 2546 falsa

138 2573 203 2611 est,
224 2572 349 2605 contra
375 2569 486 2604 ritum
505 2569 756 2604 Eucharistiae
783 2572 819 2604 et
850 2572 976 2604 contra
1002 2568 1244 2603 reverentiam
1275 2566 1523 2602 Eucharistiae
1550 2571 1774 2601 sacramento

139 2625 310 2666 debitam,
329 2626 542 2669 reparanda,
561 2625 590 2659 si
608 2625 717 2660 fucrit
736 2624 952 2669 praedicata.

186 2680 420 2715 Duodecima.
442 2680 562 2715 Horae
575 2681 700 2715 beatae
713 2680 852 2715 Mariae
866 2691 939 2714 non
955 2680 1085 2715 debent
1099 2679 1170 2714 dici
1189 2690 1210 2712 a
1226 2678 1459 2713 secularibus.
1476 2677 1580 2711 Falsa
1589 2680 1653 2719 est,
1669 2678 1772 2712 devo-

139 2735 251 2771 tionis
274 2736 452 2770 laicorum
479 2736 524 2770 ad
544 2735 734 2780 Virginem
752 2735 947 2780 gloriosam
964 2734 1175 2775 detractiva,
1201 2735 1298 2769 fatue
1314 2736 1347 2768 et
1364 2732 1552 2768 temerarie
1570 2733 1774 2776 praedicata

137 2793 173 2826 et.
188 2790 219 2824 si
234 2789 345 2825 fuerit
361 2790 580 2834 praedicata,
598 2790 812 2834 reparanda.

187 2845 335 2880 Decima
350 2845 472 2880 tertia.
489 2845 612 2880 Sancti
628 2857 699 2880 non
714 2849 796 2880 sunt
810 2845 975 2890 rogandi.
997 2845 1185 2880 Haeretica
1199 2847 1231 2880 ct
1245 2856 1348 2888 sac-pc
1362 2843 1542 2884 damnata,
1558 2845 1769 2888 reparanda,

139 2900 167 2934 si
188 2899 295 2935 fuerit
314 2900 508 2944 pradicata.

186 2955 333 2993 Decima
349 2961 490 2999 quarta.
509 2956 576 2999 113·
602 2969 621 2991 a
651 2968 787 2991 aucuns
815 2957 876 3001 qui
893 2956 989 2992 dicut
1023 2968 1179 2991 aucuucs
1207 2956 1350 2992 oraison
1378 2955 1421 2989 dc
1447 2956 1477 2992 la
1500 2956 1631 3000 N'ierge
1656 2957 1770 2992 Murie
