<?xml version="1.0" encoding="UTF-8"?>
<!DOCTYPE html PUBLIC "-//W3C//DTD XHTML 1.0 Transitional//EN"
    "http://www.w3.org/TR/xhtml1/DTD/xhtml1-transitional.dtd">
<html xmlns="http://www.w3.org/1999/xhtml" xml:lang="en" lang="en">
 <head>
  <title>
</title>
<meta http-equiv="Content-Type" content="text/html;charset=utf-8" />
  <meta name='ocr-system' content='tesseract 3.04.00' />
  <meta name='ocr-capabilities' content='ocr_page ocr_carea ocr_par ocr_line ocrx_word'/>
</head>
<body>
  <div class='ocr_page' id='page_1' title='image "./corpusdocumentor01fruoft_0345.png"; bbox 0 0 2097 3466; ppageno 0'>
   <div class='ocr_carea' id='block_1_1' title="bbox 808 211 1755 250">
    <p class='ocr_par' dir='ltr' id='par_1_1' title="bbox 808 211 1755 250">
     <span class='ocr_line' id='line_1_1' title="bbox 808 211 1755 250; baseline 0.001 -1"><span class='ocrx_word' id='word_1_1' title='bbox 808 211 940 249; x_wconf 80' lang='lat' dir='ltr'><strong>ANNO</strong></span> <span class='ocrx_word' id='word_1_2' title='bbox 968 214 1068 248; x_wconf 83' lang='lat'>1418</span> <span class='ocrx_word' id='word_1_3' title='bbox 1692 217 1755 250; x_wconf 77' lang='lat'>295</span> 
     </span>
    </p>
   </div>
   <div class='ocr_carea' id='block_1_2' title="bbox 98 307 1752 2956">
    <p class='ocr_par' dir='ltr' id='par_1_2' title="bbox 115 307 1752 963">
     <span class='ocr_line' id='line_1_2' title="bbox 123 307 1752 352; baseline -0.001 -6"><span class='ocrx_word' id='word_1_4' title='bbox 123 311 188 346; x_wconf 83' lang='lat' dir='ltr'>aut</span> <span class='ocrx_word' id='word_1_5' title='bbox 208 309 252 345; x_wconf 89' lang='lat' dir='ltr'>de</span> <span class='ocrx_word' id='word_1_6' title='bbox 276 307 439 350; x_wconf 86' lang='lat' dir='ltr'>fovendo,</span> <span class='ocrx_word' id='word_1_7' title='bbox 458 307 685 352; x_wconf 81' lang='lat' dir='ltr'>receptando,</span> <span class='ocrx_word' id='word_1_8' title='bbox 701 307 922 344; x_wconf 88' lang='lat' dir='ltr'>defendendo</span> <span class='ocrx_word' id='word_1_9' title='bbox 946 308 1125 352; x_wconf 88' lang='lat' dir='ltr'>praefatos</span> <span class='ocrx_word' id='word_1_10' title='bbox 1148 307 1335 343; x_wconf 89' lang='lat' dir='ltr'>damnatos</span> <span class='ocrx_word' id='word_1_11' title='bbox 1359 307 1536 351; x_wconf 87' lang='lat' dir='ltr'>homines,</span> <span class='ocrx_word' id='word_1_12' title='bbox 1554 308 1641 344; x_wconf 90' lang='lat' dir='ltr'>dum</span> <span class='ocrx_word' id='word_1_13' title='bbox 1657 309 1752 345; x_wconf 83' lang='lat' dir='ltr'>vive-</span> 
     </span>
     <span class='ocr_line' id='line_1_3' title="bbox 121 362 1752 409; baseline -0.001 -8"><span class='ocrx_word' id='word_1_14' title='bbox 121 367 203 401; x_wconf 85' lang='lat' dir='ltr'>rent</span> <span class='ocrx_word' id='word_1_15' title='bbox 217 364 255 400; x_wconf 92' lang='lat' dir='ltr'>in</span> <span class='ocrx_word' id='word_1_16' title='bbox 271 363 450 405; x_wconf 86' lang='lat' dir='ltr'>humanis,</span> <span class='ocrx_word' id='word_1_17' title='bbox 469 364 526 398; x_wconf 88' lang='lat' dir='ltr'>vel</span> <span class='ocrx_word' id='word_1_18' title='bbox 541 362 700 407; x_wconf 89' lang='lat' dir='ltr'>ipsorum</span> <span class='ocrx_word' id='word_1_19' title='bbox 716 374 780 407; x_wconf 88' lang='lat' dir='ltr'>per</span> <span class='ocrx_word' id='word_1_20' title='bbox 797 363 885 398; x_wconf 83' lang='lat' dir='ltr'>fidos</span> <span class='ocrx_word' id='word_1_21' title='bbox 901 375 1069 407; x_wconf 83' lang='lat' dir='ltr'>sequaces</span> <span class='ocrx_word' id='word_1_22' title='bbox 1085 365 1119 398; x_wconf 88' lang='lat' dir='ltr'>et</span> <span class='ocrx_word' id='word_1_23' title='bbox 1144 362 1485 408; x_wconf 88' lang='lat' dir='ltr'>pseudodiscipulos,</span> <span class='ocrx_word' id='word_1_24' title='bbox 1505 366 1567 399; x_wconf 91' lang='lat' dir='ltr'>aut</span> <span class='ocrx_word' id='word_1_25' title='bbox 1592 365 1752 409; x_wconf 89' lang='lat' dir='ltr'>ipsorum</span> 
     </span>
     <span class='ocr_line' id='line_1_4' title="bbox 120 419 1749 464; baseline 0.001 -8"><span class='ocrx_word' id='word_1_26' title='bbox 120 421 304 456; x_wconf 88' lang='lat' dir='ltr'>erroribus</span> <span class='ocrx_word' id='word_1_27' title='bbox 320 420 508 460; x_wconf 85' lang='lat' dir='ltr'>credendo,</span> <span class='ocrx_word' id='word_1_28' title='bbox 528 431 592 463; x_wconf 89' lang='lat' dir='ltr'>pro</span> <span class='ocrx_word' id='word_1_29' title='bbox 619 419 705 463; x_wconf 86' lang='lat' dir='ltr'>ipsis</span> <span class='ocrx_word' id='word_1_30' title='bbox 730 419 908 454; x_wconf 87' lang='lat' dir='ltr'>defunctis</span> <span class='ocrx_word' id='word_1_31' title='bbox 932 420 988 454; x_wconf 86' lang='lat' dir='ltr'>vel</span> <span class='ocrx_word' id='word_1_32' title='bbox 1012 419 1134 464; x_wconf 90' lang='lat' dir='ltr'>aliquo</span> <span class='ocrx_word' id='word_1_33' title='bbox 1159 419 1318 464; x_wconf 89' lang='lat' dir='ltr'>ipsorum</span> <span class='ocrx_word' id='word_1_34' title='bbox 1346 423 1423 464; x_wconf 89' lang='lat' dir='ltr'>post</span> <span class='ocrx_word' id='word_1_35' title='bbox 1447 421 1585 456; x_wconf 89' lang='lat' dir='ltr'>obitum</span> <span class='ocrx_word' id='word_1_36' title='bbox 1610 422 1749 464; x_wconf 87' lang='lat' dir='ltr'>orandi,</span> 
     </span>
     <span class='ocr_line' id='line_1_5' title="bbox 120 475 1752 520; baseline 0.002 -10"><span class='ocrx_word' id='word_1_37' title='bbox 120 477 177 512; x_wconf 88' lang='lat' dir='ltr'>vel</span> <span class='ocrx_word' id='word_1_38' title='bbox 200 477 296 511; x_wconf 89' lang='lat' dir='ltr'>inter</span> <span class='ocrx_word' id='word_1_39' title='bbox 311 475 507 510; x_wconf 81' lang='lat' dir='ltr'>catholicos</span> <span class='ocrx_word' id='word_1_40' title='bbox 524 475 742 510; x_wconf 87' lang='lat' dir='ltr'>nominando</span> <span class='ocrx_word' id='word_1_41' title='bbox 766 478 801 510; x_wconf 89' lang='lat' dir='ltr'>et</span> <span class='ocrx_word' id='word_1_42' title='bbox 824 475 1058 515; x_wconf 83' lang='lat' dir='ltr'>defendendo,</span> <span class='ocrx_word' id='word_1_43' title='bbox 1078 476 1134 511; x_wconf 83' lang='lat' dir='ltr'>vel</span> <span class='ocrx_word' id='word_1_44' title='bbox 1162 476 1256 520; x_wconf 89' lang='lat' dir='ltr'>ipsos</span> <span class='ocrx_word' id='word_1_45' title='bbox 1281 479 1321 511; x_wconf 88' lang='lat' dir='ltr'>ut</span> <span class='ocrx_word' id='word_1_46' title='bbox 1344 480 1484 511; x_wconf 80' lang='lat' dir='ltr'>sanctos</span> <span class='ocrx_word' id='word_1_47' title='bbox 1509 478 1670 519; x_wconf 81' lang='lat' dir='ltr'>colendo,</span> <span class='ocrx_word' id='word_1_48' title='bbox 1689 481 1752 514; x_wconf 88' lang='lat' dir='ltr'>aut</span> 
     </span>
     <span class='ocr_line' id='line_1_6' title="bbox 120 530 1750 577; baseline 0.001 -10"><span class='ocrx_word' id='word_1_49' title='bbox 120 531 340 577; x_wconf 84' lang='lat' dir='ltr'>predicando</span> <span class='ocrx_word' id='word_1_50' title='bbox 365 531 421 565; x_wconf 84' lang='lat' dir='ltr'>vel</span> <span class='ocrx_word' id='word_1_51' title='bbox 446 530 629 565; x_wconf 88' lang='lat' dir='ltr'>adorando</span> <span class='ocrx_word' id='word_1_52' title='bbox 653 531 709 565; x_wconf 76' lang='lat' dir='ltr'>vel</span> <span class='ocrx_word' id='word_1_53' title='bbox 733 530 822 565; x_wconf 88' lang='lat' dir='ltr'>alias</span> <span class='ocrx_word' id='word_1_54' title='bbox 839 530 937 565; x_wconf 88' lang='lat' dir='ltr'>circa</span> <span class='ocrx_word' id='word_1_55' title='bbox 953 542 1012 565; x_wconf 88' lang='lat' dir='ltr'>eos</span> <span class='ocrx_word' id='word_1_56' title='bbox 1036 534 1196 574; x_wconf 74' lang='lat' dir='ltr'>suspecte</span> <span class='ocrx_word' id='word_1_57' title='bbox 1213 531 1364 575; x_wconf 85' lang='lat' dir='ltr'>agendO,</span> <span class='ocrx_word' id='word_1_58' title='bbox 1383 532 1516 568; x_wconf 77' lang='lat' dir='ltr'>citetur</span> <span class='ocrx_word' id='word_1_59' title='bbox 1532 545 1596 577; x_wconf 88' lang='lat' dir='ltr'>per</span> <span class='ocrx_word' id='word_1_60' title='bbox 1612 546 1673 569; x_wconf 83' lang='lat' dir='ltr'>vos</span> <span class='ocrx_word' id='word_1_61' title='bbox 1689 546 1750 570; x_wconf 85' lang='lat' dir='ltr'>scu</span> 
     </span>
     <span class='ocr_line' id='line_1_7' title="bbox 119 585 1748 632; baseline 0.002 -10"><span class='ocrx_word' id='word_1_62' title='bbox 119 587 272 623; x_wconf 84' lang='lat' dir='ltr'>alterum</span> <span class='ocrx_word' id='word_1_63' title='bbox 303 588 462 620; x_wconf 83' lang='lat' dir='ltr'>vestrum</span> <span class='ocrx_word' id='word_1_64' title='bbox 494 585 730 628; x_wconf 77' lang='lat' dir='ltr'>personaliter</span> <span class='ocrx_word' id='word_1_65' title='bbox 757 596 879 619; x_wconf 88' lang='lat' dir='ltr'>coram</span> <span class='ocrx_word' id='word_1_66' title='bbox 909 585 1009 620; x_wconf 84' lang='lat' dir='ltr'>vobis</span> <span class='ocrx_word' id='word_1_67' title='bbox 1041 596 1102 620; x_wconf 90' lang='lat' dir='ltr'>seu</span> <span class='ocrx_word' id='word_1_68' title='bbox 1134 585 1248 620; x_wconf 88' lang='lat' dir='ltr'>altero</span> <span class='ocrx_word' id='word_1_69' title='bbox 1281 590 1439 621; x_wconf 81' lang='lat' dir='ltr'>vestrum</span> <span class='ocrx_word' id='word_1_70' title='bbox 1471 589 1748 632; x_wconf 87' lang='lat' dir='ltr'>compariturus,</span> 
     </span>
     <span class='ocr_line' id='line_1_8' title="bbox 118 641 1751 687; baseline 0.001 -8"><span class='ocrx_word' id='word_1_71' title='bbox 118 643 262 679; x_wconf 87' lang='lat' dir='ltr'>semotis</span> <span class='ocrx_word' id='word_1_72' title='bbox 289 644 522 687; x_wconf 83' lang='lat' dir='ltr'>procuratore</span> <span class='ocrx_word' id='word_1_73' title='bbox 549 644 584 676; x_wconf 90' lang='lat' dir='ltr'>et</span> <span class='ocrx_word' id='word_1_74' title='bbox 614 642 798 682; x_wconf 86' lang='lat' dir='ltr'>advocato,</span> <span class='ocrx_word' id='word_1_75' title='bbox 828 652 1061 685; x_wconf 81' lang='lat' dir='ltr'>responsurus</span> <span class='ocrx_word' id='word_1_76' title='bbox 1090 641 1207 676; x_wconf 92' lang='lat' dir='ltr'>medio</span> <span class='ocrx_word' id='word_1_77' title='bbox 1229 642 1439 685; x_wconf 86' lang='lat' dir='ltr'>juramento</span> <span class='ocrx_word' id='word_1_78' title='bbox 1467 654 1530 687; x_wconf 88' lang='lat' dir='ltr'>per</span> <span class='ocrx_word' id='word_1_79' title='bbox 1558 644 1673 687; x_wconf 86' lang='lat' dir='ltr'>ipsum</span> <span class='ocrx_word' id='word_1_80' title='bbox 1699 645 1751 680; x_wconf 88' lang='lat' dir='ltr'>sic</span> 
     </span>
     <span class='ocr_line' id='line_1_9' title="bbox 117 696 1749 744; baseline 0.002 -12"><span class='ocrx_word' id='word_1_81' title='bbox 117 699 170 740; x_wconf 90' lang='lat' dir='ltr'>(ut</span> <span class='ocrx_word' id='word_1_82' title='bbox 186 697 409 742; x_wconf 86' lang='lat' dir='ltr'>praedictum</span> <span class='ocrx_word' id='word_1_83' title='bbox 421 698 487 739; x_wconf 72' lang='lat' dir='ltr'>&#39;es-t)</span> <span class='ocrx_word' id='word_1_84' title='bbox 504 696 742 740; x_wconf 81' lang='lat' dir='ltr'>corporaliter</span> <span class='ocrx_word' id='word_1_85' title='bbox 755 696 926 740; x_wconf 86' lang='lat' dir='ltr'>praestito</span> <span class='ocrx_word' id='word_1_86' title='bbox 943 697 987 731; x_wconf 90' lang='lat' dir='ltr'>de</span> <span class='ocrx_word' id='word_1_87' title='bbox 1003 696 1109 740; x_wconf 86' lang='lat' dir='ltr'>plena</span> <span class='ocrx_word' id='word_1_88' title='bbox 1124 699 1160 731; x_wconf 88' lang='lat' dir='ltr'>et</span> <span class='ocrx_word' id='word_1_89' title='bbox 1175 707 1275 730; x_wconf 89' lang='lat' dir='ltr'>mera</span> <span class='ocrx_word' id='word_1_90' title='bbox 1299 696 1450 732; x_wconf 83' lang='lat' dir='ltr'>veritate</span> <span class='ocrx_word' id='word_1_91' title='bbox 1472 698 1625 733; x_wconf 86' lang='lat' dir='ltr'>dicenda</span> <span class='ocrx_word' id='word_1_92' title='bbox 1641 712 1749 744; x_wconf 87' lang='lat' dir='ltr'>super</span> 
     </span>
     <span class='ocr_line' id='line_1_10' title="bbox 116 751 1749 798; baseline 0.001 -10"><span class='ocrx_word' id='word_1_93' title='bbox 116 752 309 798; x_wconf 88' lang='lat' dir='ltr'>praedietis</span> <span class='ocrx_word' id='word_1_94' title='bbox 323 753 488 788; x_wconf 80' lang='lat' dir='ltr'>articulis</span> <span class='ocrx_word' id='word_1_95' title='bbox 503 764 565 787; x_wconf 89' lang='lat' dir='ltr'>seu</span> <span class='ocrx_word' id='word_1_96' title='bbox 582 764 707 787; x_wconf 89' lang='lat' dir='ltr'>eorum</span> <span class='ocrx_word' id='word_1_97' title='bbox 725 751 878 796; x_wconf 84' lang='lat' dir='ltr'>singulis</span> <span class='ocrx_word' id='word_1_98' title='bbox 894 752 950 786; x_wconf 85' lang='lat' dir='ltr'>vel</span> <span class='ocrx_word' id='word_1_99' title='bbox 967 751 1047 786; x_wconf 90' lang='lat' dir='ltr'>aliis</span> <span class='ocrx_word' id='word_1_100' title='bbox 1065 751 1288 795; x_wconf 80' lang='lat' dir='ltr'>opportunis,</span> <span class='ocrx_word' id='word_1_101' title='bbox 1315 753 1511 787; x_wconf 87' lang='lat' dir='ltr'>secundum</span> <span class='ocrx_word' id='word_1_102' title='bbox 1529 753 1749 798; x_wconf 81' lang='lat' dir='ltr'>exigentiam</span> 
     </span>
     <span class='ocr_line' id='line_1_11' title="bbox 117 806 1747 851; baseline 0.001 -8"><span class='ocrx_word' id='word_1_103' title='bbox 117 820 219 843; x_wconf 84' lang='lat' dir='ltr'>casus</span> <span class='ocrx_word' id='word_1_104' title='bbox 235 811 270 843; x_wconf 92' lang='lat' dir='ltr'>et</span> <span class='ocrx_word' id='word_1_105' title='bbox 286 808 554 843; x_wconf 90' lang='lat' dir='ltr'>occurrentium</span> <span class='ocrx_word' id='word_1_106' title='bbox 579 807 888 841; x_wconf 84' lang='lat' dir='ltr'>circumstantiam</span> <span class='ocrx_word' id='word_1_107' title='bbox 913 808 956 841; x_wconf 89' lang='lat' dir='ltr'>ad</span> <span class='ocrx_word' id='word_1_108' title='bbox 981 806 1175 842; x_wconf 80' lang='lat' dir='ltr'>arbitrium</span> <span class='ocrx_word' id='word_1_109' title='bbox 1198 809 1355 841; x_wconf 78' lang='lat' dir='ltr'>vestrum</span> <span class='ocrx_word' id='word_1_110' title='bbox 1373 810 1408 842; x_wconf 88' lang='lat' dir='ltr'>et</span> <span class='ocrx_word' id='word_1_111' title='bbox 1432 810 1539 851; x_wconf 87' lang='lat' dir='ltr'>prout</span> <span class='ocrx_word' id='word_1_112' title='bbox 1563 809 1662 843; x_wconf 78' lang='lat' dir='ltr'>vobis</span> <span class='ocrx_word' id='word_1_113' title='bbox 1685 822 1747 845; x_wconf 83' lang='lat' dir='ltr'>seu</span> 
     </span>
     <span class='ocr_line' id='line_1_12' title="bbox 115 862 1748 909; baseline 0 -10"><span class='ocrx_word' id='word_1_114' title='bbox 115 864 221 900; x_wconf 84' lang='lat' dir='ltr'>alteri</span> <span class='ocrx_word' id='word_1_115' title='bbox 248 866 406 898; x_wconf 77' lang='lat' dir='ltr'>vestrum</span> <span class='ocrx_word' id='word_1_116' title='bbox 434 863 616 897; x_wconf 84' lang='lat' dir='ltr'>videbitur</span> <span class='ocrx_word' id='word_1_117' title='bbox 644 863 823 906; x_wconf 76' lang='lat' dir='ltr'>expedire,</span> <span class='ocrx_word' id='word_1_118' title='bbox 854 863 909 897; x_wconf 80' lang='lat' dir='ltr'>vel</span> <span class='ocrx_word' id='word_1_119' title='bbox 941 862 1030 896; x_wconf 88' lang='lat' dir='ltr'>alias</span> <span class='ocrx_word' id='word_1_120' title='bbox 1057 866 1183 897; x_wconf 85' lang='lat' dir='ltr'>contra</span> <span class='ocrx_word' id='word_1_121' title='bbox 1225 863 1367 897; x_wconf 88' lang='lat' dir='ltr'>eosdem</span> <span class='ocrx_word' id='word_1_122' title='bbox 1395 862 1555 906; x_wconf 87' lang='lat' dir='ltr'>ipsorum</span> <span class='ocrx_word' id='word_1_123' title='bbox 1586 863 1748 909; x_wconf 87' lang='lat' dir='ltr'>singulos</span> 
     </span>
     <span class='ocr_line' id='line_1_13' title="bbox 115 917 1314 963; baseline -0.002 -9"><span class='ocrx_word' id='word_1_124' title='bbox 115 922 222 962; x_wconf 89' lang='lat' dir='ltr'>prout</span> <span class='ocrx_word' id='word_1_125' title='bbox 238 918 484 963; x_wconf 85' lang='lat' dir='ltr'>praesentibus</span> <span class='ocrx_word' id='word_1_126' title='bbox 501 917 717 962; x_wconf 80' lang='lat' dir='ltr'>exprimitur</span> <span class='ocrx_word' id='word_1_127' title='bbox 733 918 789 952; x_wconf 88' lang='lat' dir='ltr'>vel</span> <span class='ocrx_word' id='word_1_128' title='bbox 806 917 896 951; x_wconf 85' lang='lat' dir='ltr'>alias</span> <span class='ocrx_word' id='word_1_129' title='bbox 912 917 1083 952; x_wconf 87' lang='lat' dir='ltr'>canonice</span> <span class='ocrx_word' id='word_1_130' title='bbox 1100 917 1314 961; x_wconf 86' lang='lat' dir='ltr'>procedatis.</span> 
     </span>
    </p>

    <p class='ocr_par' dir='ltr' id='par_1_3' title="bbox 108 972 1747 1627">
     <span class='ocr_line' id='line_1_14' title="bbox 158 972 1747 1018; baseline -0.001 -9"><span class='ocrx_word' id='word_1_131' title='bbox 158 975 307 1009; x_wconf 89' lang='lat' dir='ltr'>Necnon</span> <span class='ocrx_word' id='word_1_132' title='bbox 324 976 525 1017; x_wconf 84' lang='lat' dir='ltr'>praesentes</span> <span class='ocrx_word' id='word_1_133' title='bbox 549 972 684 1012; x_wconf 87' lang='lat' dir='ltr'>literas,</span> <span class='ocrx_word' id='word_1_134' title='bbox 704 972 858 1007; x_wconf 79' lang='lat' dir='ltr'>exclusis</span> <span class='ocrx_word' id='word_1_135' title='bbox 887 972 1052 1007; x_wconf 85' lang='lat' dir='ltr'>articulis</span> <span class='ocrx_word' id='word_1_136' title='bbox 1068 975 1103 1007; x_wconf 89' lang='lat' dir='ltr'>et</span> <span class='ocrx_word' id='word_1_137' title='bbox 1125 972 1418 1017; x_wconf 85' lang='lat' dir='ltr'>interrogatoriis</span> <span class='ocrx_word' id='word_1_138' title='bbox 1442 973 1606 1016; x_wconf 88' lang='lat' dir='ltr'>superius</span> <span class='ocrx_word' id='word_1_139' title='bbox 1623 973 1747 1018; x_wconf 85' lang='lat' dir='ltr'>positis</span> 
     </span>
     <span class='ocr_line' id='line_1_15' title="bbox 114 1026 1745 1074; baseline -0.001 -9"><span class='ocrx_word' id='word_1_140' title='bbox 114 1033 222 1074; x_wconf 84' lang='lat' dir='ltr'>atque</span> <span class='ocrx_word' id='word_1_141' title='bbox 253 1027 404 1069; x_wconf 54' lang='lat' dir='ltr'>omissis</span> <span class='ocrx_word' id='word_1_142' title='bbox 438 1028 476 1062; x_wconf 92' lang='lat' dir='ltr'>in</span> <span class='ocrx_word' id='word_1_143' title='bbox 508 1027 726 1068; x_wconf 80' lang='lat' dir='ltr'>civitatibus,</span> <span class='ocrx_word' id='word_1_144' title='bbox 748 1026 987 1068; x_wconf 85' lang='lat' dir='ltr'>dioecesibus,</span> <span class='ocrx_word' id='word_1_145' title='bbox 1020 1026 1127 1062; x_wconf 85' lang='lat' dir='ltr'>terris</span> <span class='ocrx_word' id='word_1_146' title='bbox 1157 1031 1192 1063; x_wconf 89' lang='lat' dir='ltr'>et</span> <span class='ocrx_word' id='word_1_147' title='bbox 1223 1028 1310 1062; x_wconf 90' lang='lat' dir='ltr'>locis</span> <span class='ocrx_word' id='word_1_148' title='bbox 1341 1028 1434 1069; x_wconf 84' lang='lat' dir='ltr'>aliis,</span> <span class='ocrx_word' id='word_1_149' title='bbox 1466 1027 1527 1062; x_wconf 92' lang='lat' dir='ltr'>ubi</span> <span class='ocrx_word' id='word_1_150' title='bbox 1559 1030 1635 1063; x_wconf 88' lang='lat' dir='ltr'>tute</span> <span class='ocrx_word' id='word_1_151' title='bbox 1666 1029 1745 1064; x_wconf 85' lang='lat' dir='ltr'>fieri</span> 
     </span>
     <span class='ocr_line' id='line_1_16' title="bbox 112 1082 1746 1130; baseline 0 -10"><span class='ocrx_word' id='word_1_152' title='bbox 112 1085 256 1130; x_wconf 88' lang='lat' dir='ltr'>poterit,</span> <span class='ocrx_word' id='word_1_153' title='bbox 282 1083 497 1119; x_wconf 85' lang='lat' dir='ltr'>auctoritate</span> <span class='ocrx_word' id='word_1_154' title='bbox 522 1086 642 1118; x_wconf 88' lang='lat' dir='ltr'>nostra</span> <span class='ocrx_word' id='word_1_155' title='bbox 667 1082 876 1117; x_wconf 79' lang='lat' dir='ltr'>solemniter</span> <span class='ocrx_word' id='word_1_156' title='bbox 902 1082 1092 1126; x_wconf 86' lang='lat' dir='ltr'>publicetis</span> <span class='ocrx_word' id='word_1_157' title='bbox 1119 1086 1154 1118; x_wconf 88' lang='lat' dir='ltr'>et</span> <span class='ocrx_word' id='word_1_158' title='bbox 1181 1083 1360 1127; x_wconf 88' lang='lat' dir='ltr'>publicari</span> <span class='ocrx_word' id='word_1_159' title='bbox 1385 1082 1538 1124; x_wconf 85' lang='lat' dir='ltr'>faciatis,</span> <span class='ocrx_word' id='word_1_160' title='bbox 1565 1095 1687 1119; x_wconf 90' lang='lat' dir='ltr'>omnes</span> <span class='ocrx_word' id='word_1_161' title='bbox 1711 1088 1746 1120; x_wconf 89' lang='lat' dir='ltr'>et</span> 
     </span>
     <span class='ocr_line' id='line_1_17' title="bbox 112 1137 1745 1186; baseline -0.002 -9"><span class='ocrx_word' id='word_1_162' title='bbox 112 1141 276 1186; x_wconf 88' lang='lat' dir='ltr'>singulos</span> <span class='ocrx_word' id='word_1_163' title='bbox 306 1139 507 1175; x_wconf 89' lang='lat' dir='ltr'>haereticos</span> <span class='ocrx_word' id='word_1_164' title='bbox 526 1137 733 1183; x_wconf 88' lang='lat' dir='ltr'>hujusmodi</span> <span class='ocrx_word' id='word_1_165' title='bbox 751 1149 890 1172; x_wconf 86' lang='lat' dir='ltr'>necnon</span> <span class='ocrx_word' id='word_1_166' title='bbox 914 1140 1106 1173; x_wconf 81' lang='lat' dir='ltr'>sectatores</span> <span class='ocrx_word' id='word_1_167' title='bbox 1130 1138 1289 1182; x_wconf 88' lang='lat' dir='ltr'>ipsorum</span> <span class='ocrx_word' id='word_1_168' title='bbox 1306 1138 1496 1173; x_wconf 79' lang='lat' dir='ltr'>haeresum</span> <span class='ocrx_word' id='word_1_169' title='bbox 1520 1140 1556 1173; x_wconf 89' lang='lat' dir='ltr'>et</span> <span class='ocrx_word' id='word_1_170' title='bbox 1578 1150 1745 1174; x_wconf 89' lang='lat' dir='ltr'>errorum</span> 
     </span>
     <span class='ocr_line' id='line_1_18' title="bbox 111 1193 1743 1241; baseline -0.001 -8"><span class='ocrx_word' id='word_1_171' title='bbox 111 1197 300 1241; x_wconf 88' lang='lat' dir='ltr'>utriusque</span> <span class='ocrx_word' id='word_1_172' title='bbox 316 1196 431 1237; x_wconf 74' lang='lat' dir='ltr'>s&#39;exus,</span> <span class='ocrx_word' id='word_1_173' title='bbox 449 1197 610 1230; x_wconf 84' lang='lat' dir='ltr'>tenentes</span> <span class='ocrx_word' id='word_1_174' title='bbox 626 1196 661 1228; x_wconf 88' lang='lat' dir='ltr'>et</span> <span class='ocrx_word' id='word_1_175' title='bbox 676 1193 784 1228; x_wconf 88' lang='lat' dir='ltr'>etiam</span> <span class='ocrx_word' id='word_1_176' title='bbox 801 1194 1029 1228; x_wconf 84' lang='lat' dir='ltr'>defendentes</span> <span class='ocrx_word' id='word_1_177' title='bbox 1045 1195 1187 1228; x_wconf 90' lang='lat' dir='ltr'>eosdem</span> <span class='ocrx_word' id='word_1_178' title='bbox 1203 1197 1267 1229; x_wconf 88' lang='lat' dir='ltr'>aut</span> <span class='ocrx_word' id='word_1_179' title='bbox 1290 1194 1481 1229; x_wconf 82' lang='lat' dir='ltr'>haereticis</span> <span class='ocrx_word' id='word_1_180' title='bbox 1494 1195 1580 1239; x_wconf 87' lang='lat' dir='ltr'>ipsis</span> <span class='ocrx_word' id='word_1_181' title='bbox 1597 1207 1743 1240; x_wconf 91' lang='lat' dir='ltr'>quomo-</span> 
     </span>
     <span class='ocr_line' id='line_1_19' title="bbox 114 1249 1742 1296; baseline -0.001 -8"><span class='ocrx_word' id='word_1_182' title='bbox 114 1252 250 1288; x_wconf 87' lang='lat' dir='ltr'>dolibet</span> <span class='ocrx_word' id='word_1_183' title='bbox 265 1250 408 1296; x_wconf 89' lang='lat' dir='ltr'>publice</span> <span class='ocrx_word' id='word_1_184' title='bbox 424 1252 481 1286; x_wconf 84' lang='lat' dir='ltr'>vel</span> <span class='ocrx_word' id='word_1_185' title='bbox 498 1251 637 1286; x_wconf 86' lang='lat' dir='ltr'>occulte</span> <span class='ocrx_word' id='word_1_186' title='bbox 654 1250 693 1284; x_wconf 89' lang='lat' dir='ltr'>in</span> <span class='ocrx_word' id='word_1_187' title='bbox 709 1249 841 1284; x_wconf 90' lang='lat' dir='ltr'>divinis</span> <span class='ocrx_word' id='word_1_188' title='bbox 857 1250 914 1284; x_wconf 85' lang='lat' dir='ltr'>vel</span> <span class='ocrx_word' id='word_1_189' title='bbox 929 1249 1019 1284; x_wconf 83' lang='lat' dir='ltr'>alias</span> <span class='ocrx_word' id='word_1_190' title='bbox 1035 1249 1305 1294; x_wconf 79' lang='lat' dir='ltr'>participantes,</span> <span class='ocrx_word' id='word_1_191' title='bbox 1325 1249 1434 1285; x_wconf 91' lang='lat' dir='ltr'>etiam</span> <span class='ocrx_word' id='word_1_192' title='bbox 1447 1250 1476 1284; x_wconf 91' lang='lat' dir='ltr'>si</span> <span class='ocrx_word' id='word_1_193' title='bbox 1494 1250 1742 1294; x_wconf 87' lang='lat' dir='ltr'>patriarchali,</span> 
     </span>
     <span class='ocr_line' id='line_1_20' title="bbox 114 1305 1745 1352; baseline 0 -9"><span class='ocrx_word' id='word_1_194' title='bbox 114 1307 425 1352; x_wconf 86' lang='lat' dir='ltr'>archiepiscopali,</span> <span class='ocrx_word' id='word_1_195' title='bbox 457 1306 663 1350; x_wconf 89' lang='lat' dir='ltr'>episcopali,</span> <span class='ocrx_word' id='word_1_196' title='bbox 683 1305 811 1350; x_wconf 87' lang='lat' dir='ltr'>regali,</span> <span class='ocrx_word' id='word_1_197' title='bbox 830 1305 997 1350; x_wconf 84' lang='lat' dir='ltr'>reginali,</span> <span class='ocrx_word' id='word_1_198' title='bbox 1015 1305 1136 1340; x_wconf 88' lang='lat' dir='ltr'>ducali</span> <span class='ocrx_word' id='word_1_199' title='bbox 1164 1308 1228 1340; x_wconf 87' lang='lat' dir='ltr'>aut</span> <span class='ocrx_word' id='word_1_200' title='bbox 1254 1305 1327 1340; x_wconf 85' lang='lat' dir='ltr'>alia</span> <span class='ocrx_word' id='word_1_201' title='bbox 1351 1306 1478 1349; x_wconf 85' lang='lat' dir='ltr'>quavis</span> <span class='ocrx_word' id='word_1_202' title='bbox 1501 1308 1745 1343; x_wconf 88' lang='lat' dir='ltr'>ecclesiastica</span> 
     </span>
     <span class='ocr_line' id='line_1_21' title="bbox 110 1360 1742 1408; baseline 0.001 -12"><span class='ocrx_word' id='word_1_203' title='bbox 110 1363 169 1398; x_wconf 80' lang='lat' dir='ltr'>vel</span> <span class='ocrx_word' id='word_1_204' title='bbox 195 1362 378 1398; x_wconf 89' lang='lat' dir='ltr'>mundana</span> <span class='ocrx_word' id='word_1_205' title='bbox 407 1361 657 1406; x_wconf 82' lang='lat' dir='ltr'>praefulgeant</span> <span class='ocrx_word' id='word_1_206' title='bbox 683 1360 884 1405; x_wconf 82' lang='lat' dir='ltr'>dignitate3</span> <span class='ocrx_word' id='word_1_207' title='bbox 915 1372 1054 1396; x_wconf 89' lang='lat' dir='ltr'>necnon</span> <span class='ocrx_word' id='word_1_208' title='bbox 1081 1361 1273 1396; x_wconf 83' lang='lat' dir='ltr'>advocatos</span> <span class='ocrx_word' id='word_1_209' title='bbox 1299 1364 1335 1396; x_wconf 88' lang='lat' dir='ltr'>et</span> <span class='ocrx_word' id='word_1_210' title='bbox 1360 1365 1612 1405; x_wconf 84' lang='lat' dir='ltr'>procuratores</span> <span class='ocrx_word' id='word_1_211' title='bbox 1640 1375 1742 1408; x_wconf 86' lang='lat' dir='ltr'>quos-</span> 
     </span>
     <span class='ocr_line' id='line_1_22' title="bbox 108 1416 1742 1462; baseline 0 -9"><span class='ocrx_word' id='word_1_212' title='bbox 108 1418 209 1459; x_wconf 87' lang='lat' dir='ltr'>libet,</span> <span class='ocrx_word' id='word_1_213' title='bbox 235 1417 297 1461; x_wconf 92' lang='lat' dir='ltr'>qui</span> <span class='ocrx_word' id='word_1_214' title='bbox 321 1417 521 1452; x_wconf 89' lang='lat' dir='ltr'>haereticos</span> <span class='ocrx_word' id='word_1_215' title='bbox 542 1416 750 1462; x_wconf 85' lang='lat' dir='ltr'>hujusmodi</span> <span class='ocrx_word' id='word_1_216' title='bbox 775 1419 838 1451; x_wconf 89' lang='lat' dir='ltr'>aut</span> <span class='ocrx_word' id='word_1_217' title='bbox 861 1428 987 1451; x_wconf 90' lang='lat' dir='ltr'>eorum</span> <span class='ocrx_word' id='word_1_218' title='bbox 1011 1417 1207 1457; x_wconf 80' lang='lat' dir='ltr'>credentes,</span> <span class='ocrx_word' id='word_1_219' title='bbox 1226 1428 1406 1460; x_wconf 87' lang='lat' dir='ltr'>sequaces,</span> <span class='ocrx_word' id='word_1_220' title='bbox 1434 1418 1603 1458; x_wconf 80' lang='lat' dir='ltr'>fautores,</span> <span class='ocrx_word' id='word_1_221' title='bbox 1622 1419 1742 1453; x_wconf 88' lang='lat' dir='ltr'>defen-</span> 
     </span>
     <span class='ocr_line' id='line_1_23' title="bbox 111 1471 1738 1517; baseline 0.001 -9"><span class='ocrx_word' id='word_1_222' title='bbox 111 1485 209 1509; x_wconf 87' lang='lat' dir='ltr'>sores</span> <span class='ocrx_word' id='word_1_223' title='bbox 224 1475 260 1509; x_wconf 91' lang='lat' dir='ltr'>et</span> <span class='ocrx_word' id='word_1_224' title='bbox 275 1475 514 1517; x_wconf 85' lang='lat' dir='ltr'>receptatores</span> <span class='ocrx_word' id='word_1_225' title='bbox 538 1483 646 1516; x_wconf 88' lang='lat' dir='ltr'>super</span> <span class='ocrx_word' id='word_1_226' title='bbox 662 1471 813 1506; x_wconf 88' lang='lat' dir='ltr'>crimine</span> <span class='ocrx_word' id='word_1_227' title='bbox 836 1471 993 1506; x_wconf 82' lang='lat' dir='ltr'>haeresis</span> <span class='ocrx_word' id='word_1_228' title='bbox 1010 1474 1074 1507; x_wconf 88' lang='lat' dir='ltr'>aut</span> <span class='ocrx_word' id='word_1_229' title='bbox 1097 1471 1332 1513; x_wconf 85' lang='lat' dir='ltr'>credulitatis,</span> <span class='ocrx_word' id='word_1_230' title='bbox 1352 1473 1529 1516; x_wconf 88' lang='lat' dir='ltr'>sequelae,</span> <span class='ocrx_word' id='word_1_231' title='bbox 1548 1474 1738 1514; x_wconf 89' lang='lat' dir='ltr'>fautoriae,</span> 
     </span>
     <span class='ocr_line' id='line_1_24' title="bbox 110 1527 1742 1573; baseline 0 -9"><span class='ocrx_word' id='word_1_232' title='bbox 110 1528 326 1565; x_wconf 87' lang='lat' dir='ltr'>defensionis</span> <span class='ocrx_word' id='word_1_233' title='bbox 341 1531 377 1563; x_wconf 91' lang='lat' dir='ltr'>et</span> <span class='ocrx_word' id='word_1_234' title='bbox 393 1527 646 1571; x_wconf 88' lang='lat' dir='ltr'>receptationis</span> <span class='ocrx_word' id='word_1_235' title='bbox 661 1527 800 1562; x_wconf 90' lang='lat' dir='ltr'>homini</span> <span class='ocrx_word' id='word_1_236' title='bbox 825 1527 1060 1568; x_wconf 84' lang='lat' dir='ltr'>defenderint,</span> <span class='ocrx_word' id='word_1_237' title='bbox 1086 1527 1415 1562; x_wconf 82' lang='lat' dir='ltr'>excommunicatos</span> <span class='ocrx_word' id='word_1_238' title='bbox 1430 1528 1592 1573; x_wconf 89' lang='lat' dir='ltr'>singulos</span> <span class='ocrx_word' id='word_1_239' title='bbox 1615 1529 1742 1564; x_wconf 89' lang='lat' dir='ltr'>diebus</span> 
     </span>
     <span class='ocr_line' id='line_1_25' title="bbox 109 1582 1738 1627; baseline -0.001 -7"><span class='ocrx_word' id='word_1_240' title='bbox 109 1584 300 1620; x_wconf 88' lang='lat' dir='ltr'>dominicis</span> <span class='ocrx_word' id='word_1_241' title='bbox 316 1586 351 1619; x_wconf 91' lang='lat' dir='ltr'>et</span> <span class='ocrx_word' id='word_1_242' title='bbox 367 1583 502 1618; x_wconf 83' lang='lat' dir='ltr'>festivis</span> <span class='ocrx_word' id='word_1_243' title='bbox 526 1583 564 1617; x_wconf 90' lang='lat' dir='ltr'>in</span> <span class='ocrx_word' id='word_1_244' title='bbox 580 1583 782 1626; x_wconf 86' lang='lat' dir='ltr'>praesentia</span> <span class='ocrx_word' id='word_1_245' title='bbox 799 1582 923 1627; x_wconf 88' lang='lat' dir='ltr'>populi</span> <span class='ocrx_word' id='word_1_246' title='bbox 947 1582 1126 1617; x_wconf 85' lang='lat' dir='ltr'>nuncietis</span> <span class='ocrx_word' id='word_1_247' title='bbox 1142 1585 1177 1617; x_wconf 89' lang='lat' dir='ltr'>et</span> <span class='ocrx_word' id='word_1_248' title='bbox 1201 1594 1264 1626; x_wconf 90' lang='lat' dir='ltr'>per</span> <span class='ocrx_word' id='word_1_249' title='bbox 1287 1582 1378 1618; x_wconf 89' lang='lat' dir='ltr'>alios</span> <span class='ocrx_word' id='word_1_250' title='bbox 1394 1583 1562 1618; x_wconf 89' lang='lat' dir='ltr'>nunciari</span> <span class='ocrx_word' id='word_1_251' title='bbox 1584 1584 1738 1620; x_wconf 89' lang='lat' dir='ltr'>faciatis.</span> 
     </span>
    </p>

    <p class='ocr_par' dir='ltr' id='par_1_4' title="bbox 98 1638 1741 2956">
     <span class='ocr_line' id='line_1_26' title="bbox 151 1638 1741 1685; baseline 0.001 -10"><span class='ocrx_word' id='word_1_252' title='bbox 151 1641 198 1675; x_wconf 90' lang='lat' dir='ltr'>Et</span> <span class='ocrx_word' id='word_1_253' title='bbox 221 1638 458 1674; x_wconf 88' lang='lat' dir='ltr'>nihilominus</span> <span class='ocrx_word' id='word_1_254' title='bbox 485 1641 612 1673; x_wconf 85' lang='lat' dir='ltr'>contra</span> <span class='ocrx_word' id='word_1_255' title='bbox 635 1638 777 1673; x_wconf 90' lang='lat' dir='ltr'>eosdem</span> <span class='ocrx_word' id='word_1_256' title='bbox 801 1649 924 1672; x_wconf 91' lang='lat' dir='ltr'>omnes</span> <span class='ocrx_word' id='word_1_257' title='bbox 951 1640 986 1673; x_wconf 90' lang='lat' dir='ltr'>et</span> <span class='ocrx_word' id='word_1_258' title='bbox 1009 1638 1171 1683; x_wconf 88' lang='lat' dir='ltr'>singulos</span> <span class='ocrx_word' id='word_1_259' title='bbox 1194 1638 1382 1683; x_wconf 85' lang='lat' dir='ltr'>utriusque</span> <span class='ocrx_word' id='word_1_260' title='bbox 1406 1651 1510 1674; x_wconf 81' lang='lat' dir='ltr'>sexus</span> <span class='ocrx_word' id='word_1_261' title='bbox 1532 1639 1741 1685; x_wconf 86' lang='lat' dir='ltr'>hujusmodi</span> 
     </span>
     <span class='ocr_line' id='line_1_27' title="bbox 106 1695 1737 1741; baseline 0 -9"><span class='ocrx_word' id='word_1_262' title='bbox 106 1708 246 1732; x_wconf 76' lang='lat' dir='ltr'>errores</span> <span class='ocrx_word' id='word_1_263' title='bbox 271 1698 443 1736; x_wconf 89' lang='lat' dir='ltr'>tenentes,</span> <span class='ocrx_word' id='word_1_264' title='bbox 462 1695 712 1739; x_wconf 57' lang='lat' dir='ltr'>approbantes</span> <span class='ocrx_word' id='word_1_265' title='bbox 741 1695 981 1736; x_wconf 86' lang='lat' dir='ltr'>defendentes,</span> <span class='ocrx_word' id='word_1_266' title='bbox 1007 1695 1289 1739; x_wconf 86' lang='lat' dir='ltr'>dogmatizantes</span> <span class='ocrx_word' id='word_1_267' title='bbox 1312 1707 1355 1730; x_wconf 91' lang='lat' dir='ltr'>ac</span> <span class='ocrx_word' id='word_1_268' title='bbox 1378 1696 1536 1730; x_wconf 86' lang='lat' dir='ltr'>fautores</span> <span class='ocrx_word' id='word_1_269' title='bbox 1560 1699 1595 1731; x_wconf 89' lang='lat' dir='ltr'>et</span> <span class='ocrx_word' id='word_1_270' title='bbox 1617 1709 1737 1741; x_wconf 89' lang='lat' dir='ltr'>recep-</span> 
     </span>
     <span class='ocr_line' id='line_1_28' title="bbox 106 1751 1736 1796; baseline -0.001 -8"><span class='ocrx_word' id='word_1_271' title='bbox 106 1755 240 1788; x_wconf 88' lang='lat' dir='ltr'>tatores</span> <span class='ocrx_word' id='word_1_272' title='bbox 257 1754 293 1787; x_wconf 90' lang='lat' dir='ltr'>et</span> <span class='ocrx_word' id='word_1_273' title='bbox 309 1751 513 1786; x_wconf 89' lang='lat' dir='ltr'>defensores</span> <span class='ocrx_word' id='word_1_274' title='bbox 540 1751 748 1785; x_wconf 86' lang='lat' dir='ltr'>eorumdem</span> <span class='ocrx_word' id='word_1_275' title='bbox 773 1753 953 1794; x_wconf 79' lang='lat' dir='ltr'>exemptos</span> <span class='ocrx_word' id='word_1_276' title='bbox 966 1753 1001 1785; x_wconf 91' lang='lat' dir='ltr'>et</span> <span class='ocrx_word' id='word_1_277' title='bbox 1018 1762 1089 1785; x_wconf 92' lang='lat' dir='ltr'>non</span> <span class='ocrx_word' id='word_1_278' title='bbox 1107 1753 1288 1794; x_wconf 75' lang='lat' dir='ltr'>exemptos</span> <span class='ocrx_word' id='word_1_279' title='bbox 1301 1753 1336 1786; x_wconf 83' lang='lat' dir='ltr'>et</span> <span class='ocrx_word' id='word_1_280' title='bbox 1352 1751 1547 1795; x_wconf 90' lang='lat' dir='ltr'>quemlibet</span> <span class='ocrx_word' id='word_1_281' title='bbox 1563 1752 1736 1796; x_wconf 87' lang='lat' dir='ltr'>ipsorum,</span> 
     </span>
     <span class='ocr_line' id='line_1_29' title="bbox 105 1805 1738 1851; baseline 0.001 -11"><span class='ocrx_word' id='word_1_282' title='bbox 105 1807 365 1851; x_wconf 88' lang='lat' dir='ltr'>cujuscumque</span> <span class='ocrx_word' id='word_1_283' title='bbox 393 1805 592 1850; x_wconf 86' lang='lat' dir='ltr'>dignitatis,</span> <span class='ocrx_word' id='word_1_284' title='bbox 611 1808 735 1845; x_wconf 85' lang='lat' dir='ltr'>status,</span> <span class='ocrx_word' id='word_1_285' title='bbox 763 1805 1078 1849; x_wconf 88' lang='lat' dir='ltr'>praeeminentiae,</span> <span class='ocrx_word' id='word_1_286' title='bbox 1105 1807 1252 1850; x_wconf 87' lang='lat' dir='ltr'>gradus,</span> <span class='ocrx_word' id='word_1_287' title='bbox 1278 1806 1416 1841; x_wconf 89' lang='lat' dir='ltr'>ordinis</span> <span class='ocrx_word' id='word_1_288' title='bbox 1439 1807 1495 1841; x_wconf 77' lang='lat' dir='ltr'>vel</span> <span class='ocrx_word' id='word_1_289' title='bbox 1521 1807 1738 1842; x_wconf 90' lang='lat' dir='ltr'>conditionis</span> 
     </span>
     <span class='ocr_line' id='line_1_30' title="bbox 105 1860 1738 1906; baseline 0.002 -11"><span class='ocrx_word' id='word_1_290' title='bbox 105 1864 158 1903; x_wconf 89' lang='lat' dir='ltr'>(ut</span> <span class='ocrx_word' id='word_1_291' title='bbox 183 1862 399 1905; x_wconf 87' lang='lat' dir='ltr'>praefertur)</span> <span class='ocrx_word' id='word_1_292' title='bbox 423 1861 588 1901; x_wconf 78' lang='lat' dir='ltr'>existant,</span> <span class='ocrx_word' id='word_1_293' title='bbox 607 1860 822 1896; x_wconf 85' lang='lat' dir='ltr'>auctoritate</span> <span class='ocrx_word' id='word_1_294' title='bbox 846 1864 968 1896; x_wconf 86' lang='lat' dir='ltr'>nostra</span> <span class='ocrx_word' id='word_1_295' title='bbox 991 1861 1187 1906; x_wconf 87' lang='lat' dir='ltr'>diligenter</span> <span class='ocrx_word' id='word_1_296' title='bbox 1209 1861 1394 1905; x_wconf 89' lang='lat' dir='ltr'>inquirere</span> <span class='ocrx_word' id='word_1_297' title='bbox 1417 1862 1601 1903; x_wconf 87' lang='lat' dir='ltr'>studeatis,</span> <span class='ocrx_word' id='word_1_298' title='bbox 1620 1866 1656 1898; x_wconf 89' lang='lat' dir='ltr'>et</span> <span class='ocrx_word' id='word_1_299' title='bbox 1679 1875 1738 1898; x_wconf 90' lang='lat' dir='ltr'>eos</span> 
     </span>
     <span class='ocr_line' id='line_1_31' title="bbox 105 1915 1739 1962; baseline 0.001 -12"><span class='ocrx_word' id='word_1_300' title='bbox 105 1927 194 1959; x_wconf 87' lang='lat' dir='ltr'>quos</span> <span class='ocrx_word' id='word_1_301' title='bbox 209 1927 274 1960; x_wconf 87' lang='lat' dir='ltr'>per</span> <span class='ocrx_word' id='word_1_302' title='bbox 289 1916 560 1959; x_wconf 88' lang='lat' dir='ltr'>inquisitionem</span> <span class='ocrx_word' id='word_1_303' title='bbox 585 1915 792 1959; x_wconf 87' lang='lat' dir='ltr'>hujusmodi</span> <span class='ocrx_word' id='word_1_304' title='bbox 809 1915 1011 1951; x_wconf 88' lang='lat' dir='ltr'>diffamatos</span> <span class='ocrx_word' id='word_1_305' title='bbox 1028 1917 1084 1951; x_wconf 79' lang='lat' dir='ltr'>vel</span> <span class='ocrx_word' id='word_1_306' title='bbox 1101 1927 1165 1960; x_wconf 89' lang='lat' dir='ltr'>per</span> <span class='ocrx_word' id='word_1_307' title='bbox 1177 1917 1435 1951; x_wconf 81' lang='lat' dir='ltr'>confessionem</span> <span class='ocrx_word' id='word_1_308' title='bbox 1453 1928 1578 1952; x_wconf 90' lang='lat' dir='ltr'>eorum</span> <span class='ocrx_word' id='word_1_309' title='bbox 1594 1929 1656 1952; x_wconf 91' lang='lat' dir='ltr'>seu</span> <span class='ocrx_word' id='word_1_310' title='bbox 1674 1929 1739 1962; x_wconf 88' lang='lat' dir='ltr'>per</span> 
     </span>
     <span class='ocr_line' id='line_1_32' title="bbox 104 1971 1734 2016; baseline 0.001 -10"><span class='ocrx_word' id='word_1_311' title='bbox 104 1971 189 2007; x_wconf 86' lang='lat' dir='ltr'>facti</span> <span class='ocrx_word' id='word_1_312' title='bbox 206 1971 423 2007; x_wconf 82' lang='lat' dir='ltr'>evidentiam</span> <span class='ocrx_word' id='word_1_313' title='bbox 439 1971 495 2006; x_wconf 78' lang='lat' dir='ltr'>vel</span> <span class='ocrx_word' id='word_1_314' title='bbox 512 1971 601 2006; x_wconf 88' lang='lat' dir='ltr'>alias</span> <span class='ocrx_word' id='word_1_315' title='bbox 616 1971 824 2015; x_wconf 86' lang='lat' dir='ltr'>hujusmodi</span> <span class='ocrx_word' id='word_1_316' title='bbox 852 1971 1010 2006; x_wconf 87' lang='lat' dir='ltr'>haeresis</span> <span class='ocrx_word' id='word_1_317' title='bbox 1026 1974 1061 2006; x_wconf 89' lang='lat' dir='ltr'>et</span> <span class='ocrx_word' id='word_1_318' title='bbox 1077 1971 1210 2006; x_wconf 90' lang='lat' dir='ltr'>erroris</span> <span class='ocrx_word' id='word_1_319' title='bbox 1226 1972 1307 2006; x_wconf 91' lang='lat' dir='ltr'>labe</span> <span class='ocrx_word' id='word_1_320' title='bbox 1330 1983 1509 2015; x_wconf 90' lang='lat' dir='ltr'>respersos</span> <span class='ocrx_word' id='word_1_321' title='bbox 1533 1972 1734 2016; x_wconf 87' lang='lat' dir='ltr'>reperietis,</span> 
     </span>
     <span class='ocr_line' id='line_1_33' title="bbox 105 2026 1737 2071; baseline 0.001 -10"><span class='ocrx_word' id='word_1_322' title='bbox 105 2026 320 2062; x_wconf 89' lang='lat' dir='ltr'>auctoritate</span> <span class='ocrx_word' id='word_1_323' title='bbox 346 2026 531 2070; x_wconf 87' lang='lat' dir='ltr'>praedicta</span> <span class='ocrx_word' id='word_1_324' title='bbox 558 2026 667 2062; x_wconf 87' lang='lat' dir='ltr'>etiam</span> <span class='ocrx_word' id='word_1_325' title='bbox 695 2038 760 2070; x_wconf 88' lang='lat' dir='ltr'>per</span> <span class='ocrx_word' id='word_1_326' title='bbox 786 2027 1181 2068; x_wconf 78' lang='lat' dir='ltr'>excommunicationis,</span> <span class='ocrx_word' id='word_1_327' title='bbox 1222 2027 1464 2071; x_wconf 86' lang='lat' dir='ltr'>suspensionis</span> <span class='ocrx_word' id='word_1_328' title='bbox 1491 2029 1526 2063; x_wconf 87' lang='lat' dir='ltr'>et</span> <span class='ocrx_word' id='word_1_329' title='bbox 1552 2027 1737 2064; x_wconf 86' lang='lat' dir='ltr'>interdicti</span> 
     </span>
     <span class='ocr_line' id='line_1_34' title="bbox 103 2082 1736 2127; baseline 0.001 -10"><span class='ocrx_word' id='word_1_330' title='bbox 103 2094 244 2118; x_wconf 88' lang='lat' dir='ltr'>necnon</span> <span class='ocrx_word' id='word_1_331' title='bbox 271 2082 484 2126; x_wconf 81' lang='lat' dir='ltr'>privationis</span> <span class='ocrx_word' id='word_1_332' title='bbox 512 2082 744 2127; x_wconf 86' lang='lat' dir='ltr'>dignitatum,</span> <span class='ocrx_word' id='word_1_333' title='bbox 771 2085 1027 2126; x_wconf 89' lang='lat' dir='ltr'>personatuum</span> <span class='ocrx_word' id='word_1_334' title='bbox 1053 2085 1088 2117; x_wconf 89' lang='lat' dir='ltr'>et</span> <span class='ocrx_word' id='word_1_335' title='bbox 1110 2083 1312 2118; x_wconf 91' lang='lat' dir='ltr'>officiorum</span> <span class='ocrx_word' id='word_1_336' title='bbox 1351 2082 1580 2126; x_wconf 90' lang='lat' dir='ltr'>aliorumque</span> <span class='ocrx_word' id='word_1_337' title='bbox 1605 2083 1736 2118; x_wconf 90' lang='lat' dir='ltr'>benefi-</span> 
     </span>
     <span class='ocr_line' id='line_1_35' title="bbox 103 2135 1737 2181; baseline 0.002 -11"><span class='ocrx_word' id='word_1_338' title='bbox 103 2135 242 2171; x_wconf 90' lang='lat' dir='ltr'>ciorum</span> <span class='ocrx_word' id='word_1_339' title='bbox 260 2135 585 2171; x_wconf 87' lang='lat' dir='ltr'>ecclesiasticorum</span> <span class='ocrx_word' id='word_1_340' title='bbox 603 2148 644 2170; x_wconf 87' lang='lat' dir='ltr'>ac</span> <span class='ocrx_word' id='word_1_341' title='bbox 662 2136 864 2177; x_wconf 88' lang='lat' dir='ltr'>feudorum,</span> <span class='ocrx_word' id='word_1_342' title='bbox 877 2147 969 2180; x_wconf 91' lang='lat' dir='ltr'>quae</span> <span class='ocrx_word' id='word_1_343' title='bbox 986 2148 1007 2171; x_wconf 93' lang='lat' dir='ltr'>a</span> <span class='ocrx_word' id='word_1_344' title='bbox 1023 2137 1310 2181; x_wconf 88' lang='lat' dir='ltr'>quibuscumque</span> <span class='ocrx_word' id='word_1_345' title='bbox 1326 2137 1498 2178; x_wconf 85' lang='lat' dir='ltr'>ecclesiis,</span> <span class='ocrx_word' id='word_1_346' title='bbox 1510 2138 1737 2174; x_wconf 85' lang='lat' dir='ltr'>monasteriis</span> 
     </span>
     <span class='ocr_line' id='line_1_36' title="bbox 103 2191 1737 2236; baseline 0.002 -11"><span class='ocrx_word' id='word_1_347' title='bbox 103 2203 146 2226; x_wconf 86' lang='lat' dir='ltr'>ac</span> <span class='ocrx_word' id='word_1_348' title='bbox 161 2191 243 2226; x_wconf 88' lang='lat' dir='ltr'>aliis</span> <span class='ocrx_word' id='word_1_349' title='bbox 258 2191 348 2226; x_wconf 87' lang='lat' dir='ltr'>locis</span> <span class='ocrx_word' id='word_1_350' title='bbox 359 2191 612 2226; x_wconf 86' lang='lat' dir='ltr'>ecclesiasticis</span> <span class='ocrx_word' id='word_1_351' title='bbox 627 2191 801 2232; x_wconf 88' lang='lat' dir='ltr'>obtinent,</span> <span class='ocrx_word' id='word_1_352' title='bbox 820 2203 862 2226; x_wconf 89' lang='lat' dir='ltr'>ac</span> <span class='ocrx_word' id='word_1_353' title='bbox 880 2191 988 2226; x_wconf 89' lang='lat' dir='ltr'>etiam</span> <span class='ocrx_word' id='word_1_354' title='bbox 1006 2192 1182 2227; x_wconf 90' lang='lat' dir='ltr'>bonorum</span> <span class='ocrx_word' id='word_1_355' title='bbox 1199 2195 1235 2227; x_wconf 86' lang='lat' dir='ltr'>et</span> <span class='ocrx_word' id='word_1_356' title='bbox 1250 2191 1471 2236; x_wconf 88' lang='lat' dir='ltr'>dignitatum</span> <span class='ocrx_word' id='word_1_357' title='bbox 1495 2193 1737 2228; x_wconf 88' lang='lat' dir='ltr'>saecularium</span> 
     </span>
     <span class='ocr_line' id='line_1_37' title="bbox 103 2244 1737 2290; baseline 0.002 -11"><span class='ocrx_word' id='word_1_358' title='bbox 103 2257 146 2280; x_wconf 89' lang='lat' dir='ltr'>ac</span> <span class='ocrx_word' id='word_1_359' title='bbox 158 2245 338 2290; x_wconf 88' lang='lat' dir='ltr'>graduum</span> <span class='ocrx_word' id='word_1_360' title='bbox 351 2244 586 2280; x_wconf 87' lang='lat' dir='ltr'>scientiarum</span> <span class='ocrx_word' id='word_1_361' title='bbox 602 2256 913 2289; x_wconf 89' lang='lat' dir='ltr'>quarumcumque</span> <span class='ocrx_word' id='word_1_362' title='bbox 926 2247 1139 2281; x_wconf 87' lang='lat' dir='ltr'>facultatum</span> <span class='ocrx_word' id='word_1_363' title='bbox 1156 2249 1191 2281; x_wconf 90' lang='lat' dir='ltr'>et</span> <span class='ocrx_word' id='word_1_364' title='bbox 1204 2257 1268 2290; x_wconf 90' lang='lat' dir='ltr'>per</span> <span class='ocrx_word' id='word_1_365' title='bbox 1279 2247 1370 2281; x_wconf 88' lang='lat' dir='ltr'>alias</span> <span class='ocrx_word' id='word_1_366' title='bbox 1383 2258 1526 2290; x_wconf 87' lang='lat' dir='ltr'>poenas,</span> <span class='ocrx_word' id='word_1_367' title='bbox 1542 2247 1737 2282; x_wconf 89' lang='lat' dir='ltr'>sententias</span> 
     </span>
     <span class='ocr_line' id='line_1_38' title="bbox 102 2300 1737 2346; baseline 0.002 -11"><span class='ocrx_word' id='word_1_368' title='bbox 102 2302 138 2335; x_wconf 86' lang='lat' dir='ltr'>et</span> <span class='ocrx_word' id='word_1_369' title='bbox 153 2311 323 2335; x_wconf 89' lang='lat' dir='ltr'>censuras</span> <span class='ocrx_word' id='word_1_370' title='bbox 353 2300 612 2335; x_wconf 88' lang='lat' dir='ltr'>ecclesiasticas</span> <span class='ocrx_word' id='word_1_371' title='bbox 628 2311 670 2334; x_wconf 90' lang='lat' dir='ltr'>ae</span> <span class='ocrx_word' id='word_1_372' title='bbox 686 2300 763 2334; x_wconf 88' lang='lat' dir='ltr'>vias</span> <span class='ocrx_word' id='word_1_373' title='bbox 786 2303 821 2335; x_wconf 89' lang='lat' dir='ltr'>et</span> <span class='ocrx_word' id='word_1_374' title='bbox 836 2301 971 2342; x_wconf 91' lang='lat' dir='ltr'>modos,</span> <span class='ocrx_word' id='word_1_375' title='bbox 987 2312 1075 2345; x_wconf 87' lang='lat' dir='ltr'>quos</span> <span class='ocrx_word' id='word_1_376' title='bbox 1097 2301 1143 2335; x_wconf 91' lang='lat' dir='ltr'>ad</span> <span class='ocrx_word' id='word_1_377' title='bbox 1166 2300 1236 2335; x_wconf 91' lang='lat' dir='ltr'>hoc</span> <span class='ocrx_word' id='word_1_378' title='bbox 1251 2300 1420 2345; x_wconf 81' lang='lat' dir='ltr'>expedire</span> <span class='ocrx_word' id='word_1_379' title='bbox 1436 2313 1499 2336; x_wconf 88' lang='lat' dir='ltr'>seu</span> <span class='ocrx_word' id='word_1_380' title='bbox 1516 2304 1737 2346; x_wconf 88' lang='lat' dir='ltr'>opportunos</span> 
     </span>
     <span class='ocr_line' id='line_1_39' title="bbox 101 2355 1737 2401; baseline 0.001 -11"><span class='ocrx_word' id='word_1_381' title='bbox 101 2367 177 2390; x_wconf 66' lang='lat' dir='ltr'>aese</span> <span class='ocrx_word' id='word_1_382' title='bbox 192 2355 367 2396; x_wconf 86' lang='lat' dir='ltr'>videritis,</span> <span class='ocrx_word' id='word_1_383' title='bbox 386 2356 494 2390; x_wconf 88' lang='lat' dir='ltr'>etiam</span> <span class='ocrx_word' id='word_1_384' title='bbox 513 2367 577 2399; x_wconf 89' lang='lat' dir='ltr'>per</span> <span class='ocrx_word' id='word_1_385' title='bbox 600 2355 783 2399; x_wconf 89' lang='lat' dir='ltr'>captiones</span> <span class='ocrx_word' id='word_1_386' title='bbox 807 2358 842 2390; x_wconf 88' lang='lat' dir='ltr'>et</span> <span class='ocrx_word' id='word_1_387' title='bbox 865 2355 1169 2391; x_wconf 87' lang='lat' dir='ltr'>incarcerationes</span> <span class='ocrx_word' id='word_1_388' title='bbox 1186 2367 1422 2400; x_wconf 86' lang='lat' dir='ltr'>personarum</span> <span class='ocrx_word' id='word_1_389' title='bbox 1438 2359 1474 2391; x_wconf 88' lang='lat' dir='ltr'>et</span> <span class='ocrx_word' id='word_1_390' title='bbox 1497 2356 1587 2391; x_wconf 84' lang='lat' dir='ltr'>alias</span> <span class='ocrx_word' id='word_1_391' title='bbox 1604 2369 1737 2401; x_wconf 91' lang='lat' dir='ltr'>poenas</span> 
     </span>
     <span class='ocr_line' id='line_1_40' title="bbox 102 2410 1737 2457; baseline 0.002 -13"><span class='ocrx_word' id='word_1_392' title='bbox 102 2410 317 2454; x_wconf 73' lang='lat' dir='ltr'>corporales,</span> <span class='ocrx_word' id='word_1_393' title='bbox 363 2410 493 2454; x_wconf 83' lang='lat' dir='ltr'>quibus</span> <span class='ocrx_word' id='word_1_394' title='bbox 534 2410 708 2446; x_wconf 87' lang='lat' dir='ltr'>haeretici</span> <span class='ocrx_word' id='word_1_395' title='bbox 736 2411 935 2455; x_wconf 84' lang='lat' dir='ltr'>puniantur</span> <span class='ocrx_word' id='word_1_396' title='bbox 961 2423 1022 2447; x_wconf 85' lang='lat' dir='ltr'>seu</span> <span class='ocrx_word' id='word_1_397' title='bbox 1056 2411 1178 2456; x_wconf 90' lang='lat' dir='ltr'>puniri</span> <span class='ocrx_word' id='word_1_398' title='bbox 1200 2412 1377 2456; x_wconf 86' lang='lat' dir='ltr'>jubentur</span> <span class='ocrx_word' id='word_1_399' title='bbox 1403 2415 1466 2447; x_wconf 90' lang='lat' dir='ltr'>aut</span> <span class='ocrx_word' id='word_1_400' title='bbox 1493 2413 1608 2448; x_wconf 83' lang='lat' dir='ltr'>solent</span> <span class='ocrx_word' id='word_1_401' title='bbox 1629 2414 1737 2457; x_wconf 79' lang='lat' dir='ltr'>juxta</span> 
     </span>
     <span class='ocr_line' id='line_1_41' title="bbox 101 2465 1737 2511; baseline 0.001 -10"><span class='ocrx_word' id='word_1_402' title='bbox 101 2466 294 2501; x_wconf 89' lang='lat' dir='ltr'>canonicas</span> <span class='ocrx_word' id='word_1_403' title='bbox 326 2466 540 2501; x_wconf 82' lang='lat' dir='ltr'>sanctiones.</span> <span class='ocrx_word' id='word_1_404' title='bbox 560 2465 737 2501; x_wconf 89' lang='lat' dir='ltr'>Similiter</span> <span class='ocrx_word' id='word_1_405' title='bbox 752 2470 787 2501; x_wconf 88' lang='lat' dir='ltr'>et</span> <span class='ocrx_word' id='word_1_406' title='bbox 811 2467 962 2501; x_wconf 86' lang='lat' dir='ltr'>clericos</span> <span class='ocrx_word' id='word_1_407' title='bbox 985 2466 1080 2511; x_wconf 91' lang='lat' dir='ltr'>ipsos</span> <span class='ocrx_word' id='word_1_408' title='bbox 1103 2470 1139 2502; x_wconf 91' lang='lat' dir='ltr'>et</span> <span class='ocrx_word' id='word_1_409' title='bbox 1161 2467 1421 2502; x_wconf 88' lang='lat' dir='ltr'>ecclesiasticas</span> <span class='ocrx_word' id='word_1_410' title='bbox 1438 2479 1607 2511; x_wconf 86' lang='lat' dir='ltr'>personas</span> <span class='ocrx_word' id='word_1_411' title='bbox 1623 2479 1737 2511; x_wconf 89' lang='lat' dir='ltr'>usque</span> 
     </span>
     <span class='ocr_line' id='line_1_42' title="bbox 101 2521 1736 2567; baseline 0.002 -12"><span class='ocrx_word' id='word_1_412' title='bbox 101 2521 146 2556; x_wconf 91' lang='lat' dir='ltr'>ad</span> <span class='ocrx_word' id='word_1_413' title='bbox 171 2521 465 2566; x_wconf 88' lang='lat' dir='ltr'>degradationem</span> <span class='ocrx_word' id='word_1_414' title='bbox 483 2521 670 2561; x_wconf 80' lang='lat' dir='ltr'>inclusive,</span> <span class='ocrx_word' id='word_1_415' title='bbox 689 2521 718 2554; x_wconf 92' lang='lat' dir='ltr'>si</span> <span class='ocrx_word' id='word_1_416' title='bbox 743 2532 867 2555; x_wconf 89' lang='lat' dir='ltr'>eorum</span> <span class='ocrx_word' id='word_1_417' title='bbox 893 2522 1001 2566; x_wconf 89' lang='lat' dir='ltr'>culpa</span> <span class='ocrx_word' id='word_1_418' title='bbox 1024 2533 1065 2556; x_wconf 89' lang='lat' dir='ltr'>ac</span> <span class='ocrx_word' id='word_1_419' title='bbox 1083 2521 1282 2565; x_wconf 81' lang='lat' dir='ltr'>pertinacia</span> <span class='ocrx_word' id='word_1_420' title='bbox 1306 2522 1362 2556; x_wconf 79' lang='lat' dir='ltr'>vel</span> <span class='ocrx_word' id='word_1_421' title='bbox 1387 2521 1536 2556; x_wconf 86' lang='lat' dir='ltr'>rebellio</span> <span class='ocrx_word' id='word_1_422' title='bbox 1561 2522 1596 2557; x_wconf 90' lang='lat' dir='ltr'>id</span> <span class='ocrx_word' id='word_1_423' title='bbox 1613 2523 1736 2567; x_wconf 79' lang='lat' dir='ltr'>exigat</span> 
     </span>
     <span class='ocr_line' id='line_1_43' title="bbox 100 2575 1734 2621; baseline 0 -10"><span class='ocrx_word' id='word_1_424' title='bbox 100 2579 164 2612; x_wconf 87' lang='lat' dir='ltr'>aut</span> <span class='ocrx_word' id='word_1_425' title='bbox 179 2576 352 2620; x_wconf 87' lang='lat' dir='ltr'>requirat,</span> <span class='ocrx_word' id='word_1_426' title='bbox 371 2576 564 2621; x_wconf 87' lang='lat' dir='ltr'>corrigatis</span> <span class='ocrx_word' id='word_1_427' title='bbox 580 2579 616 2611; x_wconf 89' lang='lat' dir='ltr'>et</span> <span class='ocrx_word' id='word_1_428' title='bbox 633 2575 789 2620; x_wconf 89' lang='lat' dir='ltr'>puniatis</span> <span class='ocrx_word' id='word_1_429' title='bbox 806 2587 848 2610; x_wconf 90' lang='lat' dir='ltr'>ac</span> <span class='ocrx_word' id='word_1_430' title='bbox 861 2576 1055 2621; x_wconf 87' lang='lat' dir='ltr'>diligenter</span> <span class='ocrx_word' id='word_1_431' title='bbox 1071 2576 1207 2621; x_wconf 89' lang='lat' dir='ltr'>corrigi</span> <span class='ocrx_word' id='word_1_432' title='bbox 1221 2581 1256 2612; x_wconf 93' lang='lat' dir='ltr'>et</span> <span class='ocrx_word' id='word_1_433' title='bbox 1273 2576 1394 2620; x_wconf 88' lang='lat' dir='ltr'>puniri</span> <span class='ocrx_word' id='word_1_434' title='bbox 1412 2576 1566 2611; x_wconf 84' lang='lat' dir='ltr'>faciatis.</span> <span class='ocrx_word' id='word_1_435' title='bbox 1586 2577 1734 2612; x_wconf 88' lang='lat' dir='ltr'>Necnon</span> 
     </span>
     <span class='ocr_line' id='line_1_44' title="bbox 100 2631 1736 2676; baseline 0.001 -10"><span class='ocrx_word' id='word_1_436' title='bbox 100 2635 227 2667; x_wconf 84' lang='lat' dir='ltr'>contra</span> <span class='ocrx_word' id='word_1_437' title='bbox 254 2633 396 2668; x_wconf 86' lang='lat' dir='ltr'>eosdem</span> <span class='ocrx_word' id='word_1_438' title='bbox 429 2632 589 2676; x_wconf 87' lang='lat' dir='ltr'>ipsorum</span> <span class='ocrx_word' id='word_1_439' title='bbox 617 2631 865 2676; x_wconf 89' lang='lat' dir='ltr'>laicorumque</span> <span class='ocrx_word' id='word_1_440' title='bbox 892 2633 986 2667; x_wconf 91' lang='lat' dir='ltr'>bona</span> <span class='ocrx_word' id='word_1_441' title='bbox 1013 2634 1210 2667; x_wconf 87' lang='lat' dir='ltr'>secundum</span> <span class='ocrx_word' id='word_1_442' title='bbox 1239 2633 1431 2668; x_wconf 84' lang='lat' dir='ltr'>canonicas</span> <span class='ocrx_word' id='word_1_443' title='bbox 1473 2633 1676 2669; x_wconf 83' lang='lat' dir='ltr'>sanctiones</span> <span class='ocrx_word' id='word_1_444' title='bbox 1700 2637 1736 2669; x_wconf 89' lang='lat' dir='ltr'>et</span> 
     </span>
     <span class='ocr_line' id='line_1_45' title="bbox 98 2687 1736 2733; baseline 0.001 -10"><span class='ocrx_word' id='word_1_445' title='bbox 98 2688 235 2733; x_wconf 88' lang='lat' dir='ltr'>legales</span> <span class='ocrx_word' id='word_1_446' title='bbox 266 2690 392 2722; x_wconf 89' lang='lat' dir='ltr'>contra</span> <span class='ocrx_word' id='word_1_447' title='bbox 420 2687 620 2721; x_wconf 89' lang='lat' dir='ltr'>haereticos</span> <span class='ocrx_word' id='word_1_448' title='bbox 647 2690 682 2722; x_wconf 91' lang='lat' dir='ltr'>et</span> <span class='ocrx_word' id='word_1_449' title='bbox 710 2698 835 2722; x_wconf 87' lang='lat' dir='ltr'>eorum</span> <span class='ocrx_word' id='word_1_450' title='bbox 864 2699 1032 2731; x_wconf 87' lang='lat' dir='ltr'>sequaces</span> <span class='ocrx_word' id='word_1_451' title='bbox 1059 2688 1184 2730; x_wconf 87' lang='lat' dir='ltr'>editas,</span> <span class='ocrx_word' id='word_1_452' title='bbox 1215 2689 1346 2732; x_wconf 84' lang='lat' dir='ltr'>quibus</span> <span class='ocrx_word' id='word_1_453' title='bbox 1373 2689 1514 2723; x_wconf 85' lang='lat' dir='ltr'>eosdem</span> <span class='ocrx_word' id='word_1_454' title='bbox 1543 2692 1736 2724; x_wconf 86' lang='lat' dir='ltr'>sectatores</span> 
     </span>
     <span class='ocr_line' id='line_1_46' title="bbox 99 2742 1734 2787; baseline 0.001 -9"><span class='ocrx_word' id='word_1_455' title='bbox 99 2742 173 2778; x_wconf 91' lang='lat' dir='ltr'>sive</span> <span class='ocrx_word' id='word_1_456' title='bbox 189 2754 359 2787; x_wconf 89' lang='lat' dir='ltr'>sequaces</span> <span class='ocrx_word' id='word_1_457' title='bbox 375 2743 562 2787; x_wconf 85' lang='lat' dir='ltr'>subjacere</span> <span class='ocrx_word' id='word_1_458' title='bbox 579 2742 817 2782; x_wconf 60' lang='lat' dir='ltr'>decernimus</span> <span class='ocrx_word' id='word_1_459' title='bbox 834 2743 993 2777; x_wconf 87' lang='lat' dir='ltr'>animose</span> <span class='ocrx_word' id='word_1_460' title='bbox 1007 2743 1234 2787; x_wconf 85' lang='lat' dir='ltr'>consurgatis</span> <span class='ocrx_word' id='word_1_461' title='bbox 1246 2746 1351 2785; x_wconf 77' lang='lat' dir='ltr'>juxta</span> <span class='ocrx_word' id='word_1_462' title='bbox 1368 2744 1513 2778; x_wconf 89' lang='lat' dir='ltr'>modum</span> <span class='ocrx_word' id='word_1_463' title='bbox 1531 2746 1565 2779; x_wconf 91' lang='lat' dir='ltr'>et</span> <span class='ocrx_word' id='word_1_464' title='bbox 1583 2744 1734 2779; x_wconf 88' lang='lat' dir='ltr'>sormam</span> 
     </span>
     <span class='ocr_line' id='line_1_47' title="bbox 99 2797 1734 2844; baseline 0.002 -11"><span class='ocrx_word' id='word_1_465' title='bbox 99 2798 334 2843; x_wconf 87' lang='lat' dir='ltr'>supradictos.</span> <span class='ocrx_word' id='word_1_466' title='bbox 355 2798 398 2833; x_wconf 88' lang='lat' dir='ltr'>Et</span> <span class='ocrx_word' id='word_1_467' title='bbox 423 2797 484 2842; x_wconf 88' lang='lat' dir='ltr'>qui</span> <span class='ocrx_word' id='word_1_468' title='bbox 511 2798 553 2832; x_wconf 91' lang='lat' dir='ltr'>de</span> <span class='ocrx_word' id='word_1_469' title='bbox 578 2797 782 2841; x_wconf 88' lang='lat' dir='ltr'>praemissis</span> <span class='ocrx_word' id='word_1_470' title='bbox 813 2798 1022 2834; x_wconf 89' lang='lat' dir='ltr'>haeresibus</span> <span class='ocrx_word' id='word_1_471' title='bbox 1039 2800 1094 2834; x_wconf 79' lang='lat' dir='ltr'>vel</span> <span class='ocrx_word' id='word_1_472' title='bbox 1119 2799 1283 2835; x_wconf 76' lang='lat' dir='ltr'>articulis</span> <span class='ocrx_word' id='word_1_473' title='bbox 1300 2800 1355 2834; x_wconf 77' lang='lat' dir='ltr'>vel</span> <span class='ocrx_word' id='word_1_474' title='bbox 1379 2800 1502 2843; x_wconf 87' lang='lat' dir='ltr'>aliquo</span> <span class='ocrx_word' id='word_1_475' title='bbox 1527 2800 1734 2844; x_wconf 78' lang='lat' dir='ltr'>praemisso-</span> 
     </span>
     <span class='ocr_line' id='line_1_48' title="bbox 99 2853 1732 2901; baseline 0.001 -11"><span class='ocrx_word' id='word_1_476' title='bbox 99 2866 180 2890; x_wconf 92' lang='lat' dir='ltr'>rum</span> <span class='ocrx_word' id='word_1_477' title='bbox 199 2855 364 2890; x_wconf 85' lang='lat' dir='ltr'>insamati</span> <span class='ocrx_word' id='word_1_478' title='bbox 382 2853 528 2894; x_wconf 88' lang='lat' dir='ltr'>fuerint,</span> <span class='ocrx_word' id='word_1_479' title='bbox 547 2854 593 2888; x_wconf 91' lang='lat' dir='ltr'>ad</span> <span class='ocrx_word' id='word_1_480' title='bbox 609 2853 802 2888; x_wconf 89' lang='lat' dir='ltr'>arbitrium</span> <span class='ocrx_word' id='word_1_481' title='bbox 819 2858 977 2890; x_wconf 85' lang='lat' dir='ltr'>vestrum</span> <span class='ocrx_word' id='word_1_482' title='bbox 994 2867 1030 2890; x_wconf 90' lang='lat' dir='ltr'>se</span> <span class='ocrx_word' id='word_1_483' title='bbox 1047 2867 1204 2899; x_wconf 83' lang='lat' dir='ltr'>purgare</span> <span class='ocrx_word' id='word_1_484' title='bbox 1229 2858 1430 2891; x_wconf 84' lang='lat' dir='ltr'>teneantur.</span> <span class='ocrx_word' id='word_1_485' title='bbox 1450 2855 1523 2891; x_wconf 86' lang='lat' dir='ltr'>Alii</span> <span class='ocrx_word' id='word_1_486' title='bbox 1548 2868 1644 2895; x_wconf 76' lang='lat' dir='ltr'>vero,</span> <span class='ocrx_word' id='word_1_487' title='bbox 1671 2857 1732 2901; x_wconf 85' lang='lat' dir='ltr'>qui</span> 
     </span>
     <span class='ocr_line' id='line_1_49' title="bbox 99 2908 1731 2956; baseline 0.002 -12"><span class='ocrx_word' id='word_1_488' title='bbox 99 2920 163 2953; x_wconf 90' lang='lat' dir='ltr'>per</span> <span class='ocrx_word' id='word_1_489' title='bbox 191 2912 296 2944; x_wconf 84' lang='lat' dir='ltr'>testes</span> <span class='ocrx_word' id='word_1_490' title='bbox 320 2921 381 2944; x_wconf 86' lang='lat' dir='ltr'>seu</span> <span class='ocrx_word' id='word_1_491' title='bbox 413 2908 595 2956; x_wconf 87' lang='lat' dir='ltr'>propriam</span> <span class='ocrx_word' id='word_1_492' title='bbox 621 2909 880 2945; x_wconf 83' lang='lat' dir='ltr'>consessionem</span> <span class='ocrx_word' id='word_1_493' title='bbox 908 2910 964 2945; x_wconf 75' lang='lat' dir='ltr'>vel</span> <span class='ocrx_word' id='word_1_494' title='bbox 992 2910 1083 2945; x_wconf 89' lang='lat' dir='ltr'>alias</span> <span class='ocrx_word' id='word_1_495' title='bbox 1111 2910 1291 2956; x_wconf 88' lang='lat' dir='ltr'>legitimas</span> <span class='ocrx_word' id='word_1_496' title='bbox 1319 2910 1548 2955; x_wconf 84' lang='lat' dir='ltr'>probationes</span> <span class='ocrx_word' id='word_1_497' title='bbox 1576 2911 1731 2948; x_wconf 87' lang='lat' dir='ltr'>convicti</span> 
     </span>
    </p>
   </div>
  </div>
 </body>
</html>
