2097 3466
319 257 382 290 2313
935 254 1067 290 ANNO
1092 257 1204 296 1374,
1231 257 1329 290 1376

1064 385 1184 430 223.

383 513 519 563 1374,
557 513 702 566 Aken,
737 513 1024 563 Maastrz‘cht,
1061 512 1194 554 Luz'k.
1222 511 1460 556 Uittreksel
1483 514 1546 557 uit
1577 513 1629 556 de
1659 514 1835 571 kronijk
1856 527 1941 558 van

319 582 401 624 den
426 582 667 625 Luikschen
692 584 871 626 monnik
893 582 1116 626 Cornelius
1140 581 1343 625 Zantfliet
1364 582 1416 637 (†
1429 583 1668 628 omstreeks
1684 582 1816 642 1462)
1838 596 1943 627 over

317 651 390 693 het
426 653 631 694 ontstaan
673 665 726 694 en
754 651 831 695 het
874 650 1209 694 onderdrukken
1252 664 1338 694 van
1379 651 1430 694 de
1472 655 1587 696 secte
1627 651 1703 695 der
1733 651 1941 696 bezetene

318 720 507 762 Dansers
540 734 592 762 en
614 720 882 763 Geeselaars.
909 745 962 751 —
990 719 1052 776 Bij
1079 719 1130 762 de
1152 718 1516 776 bijzonderheden
1539 721 1581 764 in
1604 720 1655 764 de
1677 724 1792 764 twee
1813 733 1942 764 voor-

319 787 486 844 gaande
525 787 713 831 stukken
757 788 948 831 vermeld
984 788 1160 831 worden
1199 801 1247 830 er
1288 789 1441 832 enkele
1477 802 1562 832 van
1605 788 1941 846 ondergeschikt

317 856 474 913 belaug
517 857 726 913 gevoegd.
1562 862 1568 867 '

363 965 468 999 Anno
483 965 769 1000 MCCCLXXIV
793 966 830 1000 in
852 966 1014 1010 partibus
1033 966 1247 1001 Germaniae
1270 965 1451 1001 inferioris
1467 965 1564 1000 circa
1580 965 1748 1001 Rhenum
1771 963 1940 1000 inimicus

322 1019 471 1054 humani
496 1020 637 1064 generis
653 1021 849 1055 multorum
873 1021 1058 1055 hominum
1077 1032 1228 1065 corpora
1255 1022 1451 1065 pervadens
1467 1022 1512 1056 ad
1535 1021 1603 1055 hoc
1629 1019 1775 1065 impulit
1798 1020 1940 1055 eosdem

322 1078 361 1109 nt
384 1075 545 1109 altisonis
561 1077 708 1110 vocibus
732 1077 926 1111 clamantes
949 1076 1131 1111 chorisare
1155 1076 1355 1120 inciperent
1378 1079 1413 1112 et
1436 1076 1606 1111 circulari
1630 1087 1730 1111 more
1749 1075 1942 1120 procedere

319 1134 352 1164 et
371 1134 447 1173 post
471 1133 591 1174 gestus
615 1137 649 1165 et
673 1131 784 1165 saltus
815 1131 1071 1166 diversimodos
1095 1132 1198 1174 proni
1222 1131 1436 1166 labebantur
1458 1131 1495 1165 in
1519 1134 1664 1172 terram,
1683 1133 1719 1166 et
1734 1130 1804 1165 nisi
1819 1130 1940 1166 statim

321 1185 467 1218 funibus
483 1188 516 1219 et
540 1185 678 1228 mappis
695 1185 792 1220 eirca
807 1189 966 1220 ventrem
991 1186 1182 1220 fortissime
1205 1186 1389 1221 constricti
1412 1186 1572 1227 fuissent,
1590 1197 1634 1220 ex
1657 1185 1793 1229 impetu
1816 1185 1940 1221 tortio-

320 1252 405 1274 num
423 1251 570 1274 suarum
591 1252 673 1275 mox
690 1241 920 1284 crepuissent.
943 1241 1017 1276 Hoc
1035 1253 1149 1284 genus
1165 1241 1427 1276 chorisatorum
1444 1241 1560 1285 primo
1577 1251 1750 1284 apparere
1766 1239 1884 1284 coepit
1902 1238 1942 1274 in

319 1296 409 1329 urbe
425 1295 583 1339 Aquensi
599 1295 637 1329 in
662 1295 738 1338 ipsa
753 1295 978 1330 dedicatione
993 1295 1176 1336 ecelesiae,
1195 1299 1230 1330 et
1246 1295 1374 1331 deinde
1397 1295 1579 1330 venientes
1598 1295 1807 1339 Traiectum
1822 1295 1941 1330 subse-

320 1354 471 1393 quenter
501 1354 676 1385 venerunt
707 1351 900 1392 Leodium,
934 1351 995 1385 ubi
1027 1350 1193 1394 plurimis
1221 1362 1265 1385 ex
1296 1353 1392 1394 peste
1422 1350 1564 1385 infectis
1593 1351 1738 1386 tandem
1768 1349 1943 1385 Dominus

320 1406 451 1448 populo
467 1417 532 1439 suo
548 1404 767 1449 compatiens
790 1416 855 1449 per
877 1405 1077 1440 sacerdotes
1099 1405 1230 1439 multos
1253 1405 1387 1439 infiniti
1411 1405 1455 1439 ab
1478 1405 1547 1439 hac
1573 1404 1741 1439 illusione
1763 1403 1943 1439 diabolica.

318 1464 351 1494 et
376 1459 585 1503 praesertim
610 1459 648 1494 in
673 1459 810 1503 capella
834 1460 867 1494 b.
886 1459 1026 1494 Mariae
1040 1459 1194 1504 virginis
1210 1459 1326 1494 curati
1343 1463 1437 1501 sunt,
1456 1471 1548 1502 quae
1571 1459 1640 1494 sita
1655 1462 1708 1494 est
1729 1458 1769 1493 in
1785 1459 1942 1494 claustro

317 1515 534 1550 cathedralis
557 1514 728 1549 eeclesiae
755 1514 972 1549 Leodjensis.
1005 1514 1052 1549 Hi
1079 1514 1289 1558 praesertim
1312 1526 1436 1549 exosos
1458 1514 1639 1549 habebant
1661 1525 1720 1549 eos
1743 1512 1807 1557 qui
1827 1515 1943 1548 vestes

318 1571 446 1604 rubeas
463 1570 670 1604 deferebant-
690 1578 725 1604 et
749 1570 887 1604 calceos
902 1573 1086 1611 rost-ratos,
1105 1570 1143 1604 in
1160 1573 1300 1605 tantum
1325 1573 1365 1605 ut
1388 1570 1496 1604 etiam
1512 1569 1686 1614 prohibiti
1709 1569 1783 1605 sint
1804 1571 1943 1605 sutores

317 1625 525 1670 hujusmodi
552 1625 689 1659 calceos
717 1636 799 1659 cum
823 1624 947 1659 rostris
970 1626 1098 1659 amodo
1121 1626 1239 1659 faeere
1265 1624 1303 1659 in
1332 1625 1489 1660 civitate.
1517 1624 1738 1660 Dubitabant
1762 1623 1942 1669 imprimis

318 1679 443 1722 aliqui,
462 1691 544 1713 cum
569 1679 676 1723 pestis
699 1679 788 1714 haec
812 1679 962 1723 cepisset
984 1679 1085 1720 oriri,
1105 1682 1226 1714 utrum
1250 1679 1339 1714 haec
1364 1679 1480 1723 passio
1504 1679 1726 1714 solummodo
1744 1678 1942 1723 corporalis

319 1739 408 1770 esset
432 1735 558 1769 similis
582 1733 768 1779 phraenesi
793 1735 850 1768 vel
876 1733 1067 1777 epilentiae
1094 1736 1157 1769 aut
1179 1733 1289 1768 simili
1312 1734 1448 1775 morbo,
1468 1733 1526 1768 eui
1552 1732 1726 1768 beneficio
1741 1732 1942 1768 medicinae

318 1795 434 1835 posset
464 1789 659 1825 subveniri.
694 1789 828 1824 Verum
859 1801 1023 1824 successu
1054 1789 1224 1833 temporis
1254 1789 1391 1833 liquido
1431 1789 1563 1824 claruit
1600 1789 1817 1824 diabolicam
1846 1789 1942 1824 hane

317 1847 460 1889 plagam
478 1845 597 1879 fuisse.
617 1845 845 1888 Ubicumque
860 1845 1036 1889 siquidem
1059 1844 1114 1879 illi
1139 1844 1401 1886 subintrabant,
1421 1844 1589 1879 ecclesias
1604 1847 1640 1879 et
1655 1843 1728 1878 suis
1748 1843 1942 1880 inconditis

317 1900 534 1935 clamoribus
551 1901 710 1934 officium
727 1900 899 1934 Divinum
916 1901 1186 1943 perturbabant.
1207 1901 1406 1944 Eapropter
1429 1900 1525 1944 apud
1548 1899 1723 1935 Leodium
1740 1900 1942 1935 celebratae

318 1960 399 1989 sunt
417 1955 544 1989 missae
561 1956 730 1999 speciales
754 1960 789 1991 et
812 1955 1054 1999 processiones
1070 1956 1245 1990 solemnes
1261 1967 1400 1990 necnon
1423 1959 1458 1990 et
1481 1967 1661 1991 sermones
1684 1956 1731 1990 ad
1753 1956 1938 2000 populum,

318 2009 465 2053 insuper
480 2013 515 2044 et
538 2021 602 2053 per
617 2010 795 2054 simplices
811 2014 847 2045 et
870 2021 997 2054 parum
1021 2010 1197 2045 litteratos
1213 2011 1413 2046 sacerdotes
1429 2022 1471 2044 ac
1489 2010 1691 2054 capellanos
1707 2021 1772 2054 per
1786 2009 1940 2045 exorcis-

318 2075 394 2097 mos
417 2068 452 2098 et
474 2065 645 2099 lectiones
669 2065 939 2109 evangeliorum
963 2065 1078 2099 multa
1105 2065 1295 2099 daemonia
1321 2065 1444 2100 Leodii
1468 2068 1553 2107 sunt
1574 2067 1710 2109 ejecta3
1734 2067 1771 2100 et
1792 2065 1837 2099 ab
1861 2064 1942 2099 aliis

317 2119 526 2164 regionibus
549 2119 637 2154 illuc
654 2119 924 2154 advehebantur
940 2119 1078 2153 hisdem
1095 2119 1319 2163 passionibus
1335 2119 1453 2154 vexati
1471 2122 1505 2155 et
1520 2120 1740 2154 sanabantur
1755 2119 1938 2154 continuo.

669 2196 874 2231 Chronicon
905 2195 1068 2230 Cornelii
1094 2196 1280 2239 Zantfliet‚
1307 2195 1343 2230 S.
1372 2195 1498 2230 Jacobi
1526 2195 1733 2230 Leodiensis
1759 2193 1940 2236 monachi,

707 2252 752 2285 ab
769 2262 863 2285 anno
881 2250 1091 2285 MCCXXX
1114 2249 1161 2284 ad
1176 2250 1432 2291 MCCCCLXI,
1451 2251 1498 2292 bij
1523 2251 1688 2285 Martene
1709 2261 1756 2285 en
1778 2249 1938 2295 Durand,

707 2307 952 2353 Amplissima
969 2306 1143 2348 collectio,
1161 2307 1241 2341 deel
1257 2306 1300 2348 V,
1319 2306 1384 2341 blz.
1406 2309 1469 2342 301
1485 2317 1531 2341 en
1546 2308 1622 2341 302.

1075 2433 1195 2477 224.

381 2561 520 2613 1376,
547 2561 682 2618 April
704 2561 781 2613 22,
802 2560 1029 2617 Aviyvzon.
1058 2560 1138 2603 Bul
1161 2573 1247 2602 van
1269 2559 1507 2616 Gregorius
1527 2560 1594 2602 XI
1614 2559 1785 2615 gericht
1801 2561 1869 2603 tot
1888 2559 1941 2603 de

321 2630 559 2687 pauselijke
583 2630 862 2685 inquisiteurs
893 2629 937 2672 in
970 2629 1021 2672 de
1053 2630 1258 2672 Duitsche
1281 2629 1454 2680 landen,
1491 2642 1595 2671 over
1617 2628 1668 2671 de
1689 2628 1941 2672 kettersche

319 2699 486 2741 boeken
509 2699 554 2740 in
585 2698 638 2740 de
669 2698 886 2741 volkstaal
909 2711 961 2740 en
996 2711 1099 2740 over
1120 2698 1197 2740 het
1222 2698 1450 2740 voorlezen
1483 2697 1531 2739 of
1547 2698 1712 2740 hooren
1732 2698 1854 2740 lezen
1877 2697 1942 2740 uit

323 2768 389 2809 die
426 2766 609 2809 boeken.
637 2791 693 2797 ——
716 2768 776 2809 De
813 2780 918 2822 paus
950 2769 1049 2822 zegt
1086 2780 1323 2809 vernomen
1362 2769 1406 2808 te
1447 2764 1630 2818 hebben,
1677 2765 1752 2809 dat
1790 2766 1836 2808 in
1872 2765 1940 2808 die

325 2838 547 2891 gewesten
581 2835 676 2878 veel
710 2835 862 2877 leeken
894 2835 959 2878 uit
979 2834 1217 2891 dergelijke
1242 2833 1536 2877 volksboeken
1567 2848 1650 2877 aan
1672 2834 1724 2876 de
1755 2847 1940 2878 eenvou-

321 2904 419 2959 dige
455 2903 594 2945 lieden
619 2904 848 2947 voorlezen
872 2917 925 2947 en
949 2903 1041 2946 zich
1064 2902 1187 2946 aldus
1210 2903 1286 2947 het
1307 2902 1424 2945 ambt
1446 2903 1523 2946 der
1543 2902 1811 2961 christelijke
1843 2915 1940 2961 pre-
