2097 3466
782 239 913 274 ANNO
941 241 1041 274 1320
1664 242 1725 274 171

144 334 233 369 Cum
249 334 293 369 de
309 333 533 374 mulieribus,
552 344 621 377 que
638 332 800 378 Boguine
811 333 1014 378 vulgariter
1025 335 1061 368 et
1074 332 1313 367 communiter
1326 335 1592 377 nuncupantur,
1610 333 1724 368 felicis

98 388 358 424 recordationis
386 388 560 423 Clementi
593 400 682 432 pape
711 389 770 429 V0,
802 388 1041 432 predecessori
1074 391 1206 428 nostre,
1237 387 1404 431 precipue
1436 389 1479 422 de
1510 388 1724 423 Alamaniae

99 442 260 487 partibus
273 443 386 478 multa
398 442 547 477 fuissent
564 442 745 478 insinuata
761 442 918 483 sinistra,
935 442 1120 487 presertim
1138 442 1232 485 quod
1245 454 1369 476 eorum
1387 442 1506 486 alique
1523 443 1566 477 de
1581 455 1723 477 summa

99 497 276 533 Trinitate
290 509 332 532 ac
346 497 476 532 Divina
494 497 645 532 essentia
662 497 846 542 disputare
863 510 904 532 ac
921 498 1028 532 ctiam
1055 497 1252 541 predicare,
1279 496 1376 531 circa
1392 497 1563 531 articulos
1580 510 1722 542 quoque

99 552 181 588 fidei
199 551 397 587 contrarias
415 551 643 586 introducere
671 553 939 596 multorumque
963 551 1180 596 simplicium
1205 551 1343 585 animos
1368 551 1404 586 in
1428 552 1586 587 diversos
1616 564 1725 596 super

98 607 170 643 hiis
185 618 324 642 errores
340 607 515 642 exducem
529 613 564 641 et
580 607 651 641 alia
669 608 781 642 multa
795 607 955 652 pericula
967 607 1170 642 animarum
1185 607 1362 651 parientia
1375 608 1492 641 facere
1513 609 1578 641 sub
1603 609 1723 642 sui-ato

98 662 298 698 sanctitatis
313 661 490 697 velamine
507 663 780 706 presumobant;
807 675 849 697 ex
867 663 997 706 quibus
1014 674 1150 697 necnon
1168 666 1203 696 et.
1218 662 1299 696 aliis
1323 663 1366 696 de
1388 662 1494 696 dictis
1511 663 1723 697 mulieribus

99 717 306 762 frequenter
320 717 464 758 auditis,
484 717 620 752 habens
637 730 696 752 eas
711 718 829 753 dietus
854 719 1082 762 predecessor
1106 729 1176 752 non
1200 717 1351 762 indigna
1383 717 1521 752 ratione
1545 721 1725 762 suspectas

98 775 231 808 statum
248 772 407 816 ipsarum
424 772 686 816 prohibendum
703 773 806 808 duxit.
823 777 993 817 perpetuo
1008 776 1043 807 ct
1059 784 1080 806 a
1094 772 1158 807 Dei
1175 772 1325 807 ecclesia
1339 772 1479 816 penitus
1492 772 1720 813 abolendum,

99 827 137 863 in
164 827 244 862 illas
260 839 328 871 que
354 830 486 862 statum
517 827 723 872 hujusmodi
745 830 823 872 jam
851 831 1072 872 assumptum
1099 830 1323 862 sectarentur
1350 828 1501 862 ulterius
1524 830 1657 871 autque
1680 827 1724 861 de

99 894 192 917 novo
207 882 310 916 illum
327 887 559 923 assumerent,
578 883 960 918 excommunicationis
975 882 1188 917 sententiam
1207 883 1481 926 promulgando.
1498 882 1587 916 Cum
1601 885 1721 917 autem

98 938 145 973 ad
159 938 378 981 apostolatus
394 938 506 973 nostri
535 938 698 973 auditum
717 938 844 973 relatio
867 939 935 973 tide
957 938 1069 982 digna
1084 937 1274 972 deduxerit
1296 949 1371 973 0550
1395 937 1567 981 plurimas
1592 937 1628 971 111
1652 936 1724 971 tuis

98 992 245 1029 civitate
268 996 304 1027 et
325 992 467 1037 dyocesi
492 993 698 1037 hujusmodi
734 994 902 1029 mulieres
935 993 1117 1038 Beguinas
1150 993 1363 1037 simpliciter
1392 996 1628 1037 nuncupatas,
1655 1004 1725 1036 que

98 1059 163 1092 per
189 1047 363 1082 virtutum
387 1049 645 1084 adornamenta
677 1053 860 1084 currentes
884 1050 1030 1084 honeste
1053 1049 1191 1090 vivunt,
1210 1049 1336 1084 devote
1360 1050 1589 1093 frequentant,
1612 1048 1723 1082 ecele-

98 1101 180 1143 sias,
199 1101 345 1146 prelatis
368 1103 442 1137 suis
465 1107 670 1139 reverenter
685 1105 858 1139 obediunt
880 1107 915 1139 et
937 1116 973 1139 se
997 1104 1035 1138 in
1059 1103 1240 1148 premissis
1256 1103 1559 1148 disputationibus
1575 1106 1609 1139 et
1630 1115 1725 1138 erro-

98 1157 200 1192 ribus
224 1168 295 1191 non
319 1156 518 1199 involvunt,
545 1170 610 1193 nec
633 1170 715 1193 suas
738 1160 794 1193 vel
817 1158 971 1193 aliorum
997 1159 1135 1193 animas
1164 1170 1228 1202 per
1256 1158 1442 1202 opiniones
1476 1170 1644 1193 erroneas
1678 1158 1725 1192 ab

99 1211 317 1257 Evangeliea
334 1212 484 1248 veritate
507 1213 701 1257 degeneres
716 1213 913 1248 damnabili
939 1213 1204 1257 presumptione
1227 1212 1424 1257 decipiunt,
1450 1213 1511 1248 sed
1539 1212 1575 1247 in
1602 1215 1727 1247 sancta

98 1268 135 1302 et,
157 1266 196 1301 in
218 1266 332 1301 solida
348 1266 579 1311 simplicitate
593 1268 765 1309 viventes,
783 1268 903 1312 alique
928 1268 1102 1312 proprias,
1121 1267 1241 1311 alique
1266 1270 1468 1311 pareutum,
1495 1267 1615 1311 alique
1643 1279 1725 1302 con-

104 1322 233 1358 ductas
259 1323 316 1358 vel
358 1322 426 1357 sibi
454 1326 724 1358 communeset
750 1335 832 1358 cum
861 1323 1011 1358 honesta
1038 1322 1178 1357 familia
1204 1322 1328 1357 domos
1355 1322 1572 1363 inhabitant,
1603 1322 1724 1366 alique

98 1389 196 1419 vero,
213 1389 336 1413 rerum
359 1381 509 1423 cogente
531 1378 684 1420 defectu,
714 1378 822 1412 simul
846 1378 883 1412 in
907 1378 1041 1413 eisdem
1065 1378 1230 1413 domibus
1257 1381 1293 1414 et
1319 1377 1472 1412 diversis
1495 1377 1725 1423 beguinagiis

97 1432 145 1467 ad
166 1432 314 1477 majoris
330 1432 504 1468 eastitatis
519 1432 784 1468 observantiam
808 1433 1059 1474 immorantur,
1079 1436 1114 1468 et
1137 1432 1189 1467 sic
1211 1433 1385 1467 haetenus
1408 1432 1578 1467 vixerunt
1600 1433 1723 1467 lauda-

97 1486 221 1522 biliter
249 1490 357 1531 atque
387 1486 526 1529 vivunt,
545 1488 640 1532 quod
671 1489 772 1522 nulla
803 1500 963 1532 unquam
990 1499 1098 1532 super
1123 1487 1195 1522 hiis
1225 1487 1294 1523 fuit
1325 1488 1382 1522 vel
1409 1494 1462 1522 est
1488 1487 1644 1531 suspicio
1668 1488 1725 1522 vel

98 1542 250 1578 infamia
265 1545 391 1578 contra
417 1542 534 1586 ipsas3
564 1543 634 1578 fuit
661 1543 763 1578 nobis
790 1555 854 1587 pro
882 1546 983 1588 parte
1010 1543 1170 1587 ipsarum
1194 1543 1381 1577 humiliter
1404 1541 1645 1586 supplicatum
1671 1545 1723 1583 ut,

98 1610 181 1634 cum
204 1597 395 1644 indignum
418 1598 465 1633 sit
487 1598 696 1634 innocentes
711 1611 794 1633 cum
811 1598 1022 1634 nocentibus
1037 1599 1083 1633 ad
1107 1599 1210 1642 paria
1227 1597 1400 1643 judicari,
1417 1597 1559 1641 sintque
1585 1600 1723 1642 propte-

97 1665 172 1696 rea,
186 1654 373 1689 occasione
388 1654 595 1699 hujusmodi
609 1654 647 1688 in
663 1653 760 1689 dicta
773 1654 918 1689 civitate
935 1657 971 1689 et
985 1654 1128 1698 dyocesi
1147 1653 1367 1688 Tornacensi
1390 1653 1560 1687 scandala
1583 1651 1723 1697 gravia,

96 1708 332 1744 dissentiones
354 1711 390 1744 et
413 1709 496 1745 odia
511 1721 799 1754 guerrarumque
822 1710 984 1754 pericula
996 1710 1190 1751 suscitata,
1217 1708 1406 1753 providere
1429 1719 1537 1751 super
1559 1707 1631 1742 hiis
1662 1718 1726 1751 per

97 1763 292 1808 apostolice
321 1764 415 1799 sedis
445 1763 709 1808 providentiam
745 1754 1101 1809 dignaremurs‘N'os
1141 1763 1257 1808 igitur
1294 1763 1486 1807 indignum
1521 1765 1558 1797 et
1593 1761 1726 1796 rationi

97 1818 320 1854 contrarium
336 1822 543 1863 reputantes
558 1819 587 1854 si
605 1820 735 1863 probas
750 1823 786 1855 et
801 1820 973 1863 reprobas
989 1819 1118 1854 similis
1134 1830 1286 1854 censura
1302 1819 1526 1862 precelleret,
1546 1817 1728 1862 premissis

96 1872 206 1908 etiam
227 1873 406 1907 scandalis
429 1877 464 1909 et
486 1874 777 1916 dissensionibus,
796 1874 888 1909 odiis
904 1877 1012 1917 atque
1028 1873 1200 1918 perieulis
1223 1873 1371 1908 obviare
1401 1873 1571 1914 volentes,
1599 1873 1725 1907 frater-

96 1926 202 1962 nitati
226 1930 298 1968 tue,
316 1928 361 1963 de
384 1940 455 1972 qua
478 1929 620 1972 plenam
649 1928 688 1963 in
712 1929 865 1964 Domino
890 1928 1060 1963 fiduciam
1086 1928 1258 1973 gerimus,
1289 1939 1353 1972 per
1375 1927 1571 1971 apostolica
1593 1927 1727 1971 scripta

96 1982 308 2017 mandamus
331 1983 501 2026 quatinus
528 1995 591 2028 per
621 1986 656 2019 te
679 1984 736 2018 vel
763 1983 875 2018 alium
900 1984 944 2018 de
967 1983 1042 2018 vita
1065 1983 1246 2018 dictarum
1273 1982 1468 2017 mulierum
1496 1981 1729 2016 laudabiliter

95 2037 306 2079 viventium,
326 2040 365 2073 ut
380 2039 579 2082 prefertur,
598 2038 810 2083 diligentius
837 2039 1064 2079 informatus,
1084 2037 1112 2072 si
1138 2037 1340 2082 reppereris
1364 2037 1414 2072 ita
1437 2049 1523 2078 esse,
1551 2049 1622 2072 11011
1647 2048 1725 2081 per-

94 2093 215 2129 mittas
230 2105 290 2129 eas
307 2095 363 2129 vel
391 2094 549 2138 ipsarum
574 2093 733 2138 aliquam
749 2093 788 2128 in
805 2093 965 2138 personis
983 2096 1018 2128 et
1041 2092 1144 2127 bonis
1160 2093 1381 2133 earumdem,
1400 2092 1588 2127 occasione
1605 2091 1724 2136 prohi-

95 2148 241 2184 bitionis
257 2152 292 2184 et
307 2148 513 2185 abolitionis
528 2148 748 2194 hujusmodi,
767 2160 953 2192 quousque
969 2149 1012 2183 de
1029 2151 1124 2184 statu
1138 2159 1264 2183 earum
1281 2147 1391 2183 fuerit
1406 2147 1512 2182 aliter
1527 2159 1592 2192 per
1607 2147 1725 2182 sedem

94 2205 327 2250 apostolicam
342 2205 560 2246 ordinatum,
579 2206 624 2240 ab
648 2205 832 2249 aliquibus
847 2204 1050 2247 molestari3
1068 2205 1326 2245 molestatores,
1345 2203 1374 2237 si
1400 2203 1461 2247 qui
1486 2202 1632 2244 fuerint,
1658 2214 1723 2246 per

94 2271 282 2296 censuram
314 2260 610 2301 ecclesiasticam,
640 2259 881 2304 appellatione
913 2259 1125 2304 postposita,
1156 2259 1426 2302 compescendo,
1461 2270 1532 2293 non
1564 2259 1726 2293 obstante

93 2316 124 2351 si
140 2316 192 2352 eis
207 2317 264 2352 vel
281 2328 406 2352 eorum
430 2316 624 2360 aliquibus,
643 2316 884 2351 communiter
900 2316 956 2350 vel
973 2315 1129 2356 divisim,
1156 2326 1178 2349 a
1200 2315 1281 2350 sede
1298 2315 1459 2359 predicta
1475 2314 1522 2349 sit
1544 2314 1725 2349 indultum

93 2372 189 2416 quod
205 2371 385 2413 interdici,
403 2371 571 2415 suspendi
595 2371 651 2406 vel
676 2369 982 2405 excommunicari
1006 2381 1077 2405 non
1102 2369 1237 2414 possint.
1261 2381 1324 2413 per
1349 2369 1487 2404 litteras
1513 2369 1608 2404 dicte
1630 2368 1724 2403 sedis

93 2437 166 2461 non
182 2426 353 2462 facientes
375 2427 518 2471 plenam
535 2429 571 2462 et
593 2437 796 2470 expressam
815 2437 857 2460 ac
872 2426 916 2461 de
940 2427 1049 2461 verbo
1065 2425 1111 2460 ad
1127 2425 1276 2460 verbum
1294 2425 1338 2460 de
1361 2424 1501 2460 indulto
1517 2423 1725 2468 hujusmodi

93 2473 520 2518 mentionem.*v0111mus
536 2485 656 2517 autem
673 2482 768 2526 quod
792 2481 970 2526 predictas
993 2480 1164 2516 mulieres
1181 2483 1316 2515 attente
1341 2484 1377 2515 et
1401 2483 1571 2515 accurate
1588 2491 1726 2523 permo-

93 2548 178 2573 neas
202 2532 514 2581 eisqne‘districte
540 2536 728 2580 precipias,
758 2548 803 2571 ne
833 2537 877 2571 de
904 2535 1111 2581 hujusmodi
1141 2535 1293 2579 predicti
1324 2534 1583 2579 predecessoris
1611 2534 1724 2569 nostri

93 2593 347 2637 prohibitionis
373 2596 409 2628 et
431 2592 638 2627 abolitionis
661 2595 821 2627 tenorem
852 2604 888 2627 se
912 2592 1140 2635 aliquatenus
1158 2590 1412 2631 intromittant,
1443 2591 1503 2624 sed
1529 2590 1565 2624 in
1589 2589 1723 2624 sanctis

93 2648 262 2692 operibus
278 2647 506 2692 persistentes
522 2651 557 2682 et.
581 2647 808 2691 proficientes
824 2658 963 2692 semper
986 2648 1030 2682 de
1054 2646 1248 2681 virtutibus
1272 2646 1310 2680 in
1335 2645 1496 2683 virtutes,
1516 2647 1724 2679 mereantur

93 2702 342 2738 retributionis
381 2706 503 2738 eterne
538 2701 728 2745 premium,
753 2702 847 2745 quod
874 2714 942 2736 non
974 2701 1239 2741 inchoantibus,
1265 2701 1326 2735 sed
1352 2699 1661 2744 perseverantibus
1687 2698 1723 2732 111

96 2757 366 2793 consumatione
383 2760 576 2802 prestatur.

137 2812 269 2848 Datum
286 2812 476 2853 Avinione‚
495 2812 530 2847 11
546 2811 718 2847 kalendas
733 2811 911 2853 Januarii,
932 2811 1162 2856 pontificatus
1181 2809 1292 2844 nostri
1310 2820 1404 2844 anno
1422 2807 1559 2852 quinto.

440 2879 556 2916 B011J.
576 2879 752 2920 Bethune,
774 2878 982 2913 CartuIaire
1009 2879 1060 2912 du
1088 2878 1306 2922 dezcinaqe
1333 2877 1378 2910 de
1404 2876 1457 2910 Ste
1478 2874 1667 2910 Elisabeth
1699 2880 1721 2908 ὰ

487 2933 609 2977 Gand,
628 2934 695 2970 blz.
713 2936 767 2976 69,
786 2941 825 2970 11¹·
841 2936 895 2970 98.
924 2953 967 2960 —
992 2934 1084 2970 Deze
1106 2933 1168 2969 bul
1201 2933 1299 2969 werd
1321 2931 1393 2968 ook
1413 2930 1556 2978 gericht
1577 2932 1631 2967 tot
1653 2930 1724 2967 den
