2097 3466
784 240 917 276 ANNO
944 241 1046 280 1112
1705 243 1744 276 15

110 335 324 389 Hendrik,
345 338 435 381 met
467 337 508 381 al
541 337 654 396 zijne
684 338 963 396 aanhangers
985 338 1158 383 zooveel
1191 338 1251 396 hij
1283 337 1371 382 kan
1403 340 1448 383 te
1479 339 1735 396 vervolgen.

110 406 230 450 Geen
253 419 546 463 aangenamer
565 407 703 465 plicht
720 407 807 452 kan
830 409 874 453 in
892 408 1018 454 God’s
1041 422 1179 466 oogen
1202 407 1404 453 betracht
1424 409 1618 453 worden.

154 532 343 569 Paschalis
378 533 578 579 episcopus,
612 544 737 569 servus
766 544 955 570 servorum
991 533 1070 577 Dei,
1109 533 1269 570 Roberto
1301 533 1580 570 Flandrensium
1616 535 1742 571 comiti

109 587 264 624 salutem
281 591 317 624 et
333 589 568 634 apostolicam
585 588 886 625 benedictionem.

154 643 373 680 Benedictus
390 643 559 679 dominus
583 643 678 679 Deus
703 644 826 686 Israe'l,
853 644 915 689 qui
938 645 978 681 in
1004 648 1040 680 te
1066 644 1214 680 virtutis
1238 645 1437 681 efficaciam
1465 649 1649 691 operatur,
1681 645 1744 689 qui

110 710 258 735 reverus
275 699 504 736 Hierusalem
523 698 662 743 Syriae,
680 700 720 735 in
736 701 919 736 coelestem
938 700 1166 737 Hierusalem
1185 705 1306 745 justae
1323 702 1477 738 militiae
1493 702 1664 747 operibus
1687 701 1742 736 ire

110 754 315 791 contendis.
344 755 422 791 Hoc
443 758 496 790 est
517 754 677 800 legitimi
704 755 845 798 militis,
862 759 904 791 ut
926 756 983 791 sui
1007 756 1104 802 regis
1126 756 1246 792 hostes
1269 756 1465 793 instantius
1488 761 1740 802 persequatur.

111 810 254 846 Gratias
271 821 358 855 ergo
383 810 598 855 prudentiae
614 814 698 846 tuae
715 811 869 856 agimus,
888 812 983 855 quod
1004 816 1238 857 praeceptum
1254 816 1420 849 nostrum
1437 813 1474 848 in
1492 814 1742 849 Cameracensi

108 865 283 911 parochia
299 869 488 901 exsecutus
505 868 558 901 est
572 879 580 909 3
607 865 766 910 idipsum
783 867 827 902 de
845 867 1106 903 Leodiensibus
1121 868 1446 904 excommunicatis
1463 868 1742 913 pseudoclericis

109 921 369 966 praecipimus.
384 921 404 956 J
409 924 530 956 ustum
548 923 601 956 est
617 921 715 956 enim
728 925 768 956 ut
784 922 845 965 qui
863 922 1072 966 semetipsos
1086 934 1107 957 a
1124 922 1305 958 catholica
1317 923 1470 959 ecclesia
1485 927 1738 968 segregarunt,

110 988 175 1022 per
201 976 400 1012 catholicos
428 977 473 1011 ab
505 976 679 1012 ecclesiae
707 977 894 1012 beneficiis
922 981 1172 1023 segregentur.
1192 978 1268 1013 Nec
1292 980 1328 1014 in
1362 982 1505 1014 tantum
1534 983 1648 1023 parte,
1679 981 1740 1014 sed

107 1032 256 1076 ubique,
284 1043 368 1067 cum
385 1032 534 1077 poteris,
554 1031 755 1067 Henricum
771 1033 1039 1069 haereticorum
1058 1038 1168 1078 caput
1184 1038 1219 1070 et
1243 1038 1320 1079 ejus
1345 1035 1503 1070 fautores
1519 1046 1586 1079 pro
1602 1036 1742 1072 viribus

107 1086 351 1132 persequaris.
374 1085 525 1121 Nullum
550 1087 712 1130 profecto
734 1087 877 1132 gratius
901 1087 976 1123 Deo
1000 1088 1223 1124 sacrificium
1251 1089 1384 1124 offerre
1414 1090 1560 1135 poteris,
1578 1101 1688 1133 quam
1711 1090 1742 1124 si

109 1154 191 1178 eum
218 1143 423 1188 impugnes,
441 1142 505 1186 qui
531 1155 569 1178 se
596 1147 724 1178 contra
752 1143 868 1179 Deum
893 1145 1024 1186 erexit,
1046 1145 1109 1189 qui
1127 1144 1300 1180 ecclesiae
1325 1145 1391 1181 Dei
1420 1158 1574 1191 regnum
1599 1147 1742 1182 auferre

108 1200 274 1240 conatur,
293 1198 356 1242 qui
380 1197 419 1233 in
442 1198 522 1233 loco
547 1202 672 1234 sancto
690 1198 849 1234 Simonis
865 1199 1003 1235 idolum
1026 1200 1166 1243 statuit,
1184 1201 1247 1244 qui
1271 1213 1292 1236 a
1315 1201 1543 1246 principibus
1559 1201 1625 1236 Dei
1642 1213 1743 1237 sanc-

107 1253 155 1289 tis
169 1253 340 1299 apostolis
355 1264 552 1297 eorumque
567 1253 715 1289 vicariis
735 1254 779 1289 de
810 1255 983 1290 ecclesiae
999 1255 1106 1290 domo
1125 1256 1249 1291 Sancti
1274 1256 1432 1301 Spiritus
1452 1256 1593 1300 judicio
1618 1257 1740 1301 expul-

108 1320 168 1345 sus
194 1312 263 1345 est.
285 1308 364 1344 Hoc
389 1308 457 1343 tibi
485 1320 527 1344 ac
551 1308 732 1344 militibus
760 1309 833 1345 tuis
859 1310 897 1345 in
927 1314 1159 1354 peccatorum
1184 1311 1435 1347 remissionem
1460 1315 1495 1347 et
1521 1312 1741 1356 apostolicae

108 1363 202 1399 sedis
229 1362 518 1399 familiaritatem
545 1363 804 1408 praecipimus,
830 1368 871 1399 ut
894 1365 951 1400 his
974 1365 1160 1401 laboribus
1185 1377 1229 1402 ac
1252 1366 1448 1411 triumphis
1477 1366 1521 1402 ad
1550 1367 1741 1403 coelestem

109 1418 352 1458 Hierusalem.
370 1418 526 1454 Domino
542 1422 760 1463 praestante,
779 1420 982 1464 pervenias.

152 1474 286 1511 Datum
301 1473 447 1517 Albani,
466 1474 538 1510 XII
555 1473 634 1509 kal.
654 1474 863 1510 Februarii.

502 1585 594 1621 Dom
626 1586 804 1630 Bouquet,
834 1585 994 1632 Recueil,
1038 1587 1119 1623 deel
1147 1587 1226 1632 XV,
1259 1589 1331 1625 blz.
1362 1591 1418 1627 25.
1457 1589 1574 1635 (Jaffe,
1605 1592 1685 1629 deel
1714 1593 1740 1636 1,

544 1640 612 1677 blz.
631 1643 707 1685 710,
726 1649 768 1677 nr
782 1643 903 1687 5889.)

882 1783 954 1827 11.

170 1909 306 1962 1112,
322 1923 385 1953 na
409 1910 469 1954 18
485 1911 594 1965 Mei,
616 1911 810 1956 Utrecht.
832 1911 956 1955 Brief
968 1925 1054 1955 van
1072 1911 1124 1955 de
1146 1911 1433 1957 kanunniken
1450 1927 1536 1958 van
1554 1915 1740 1961 Utrecht

108 1995 288 2026 nameus
315 1983 406 2027 hun
435 1982 599 2027 bisdom
622 1983 688 2043 (1)
720 1999 802 2029 aan
834 1984 1060 2037 Frederik,
1096 1984 1421 2043 aartsbissohop
1443 2001 1528 2031 van
1551 1989 1737 2044 Keulen‚

108 2055 276 2098 waarin
308 2055 361 2113 zij
401 2055 502 2098 hem
534 2055 763 2100 bedanken
802 2070 906 2099 over
942 2056 994 2100 de
1031 2056 1313 2115 aanhouding
1350 2072 1435 2102 van
1475 2059 1557 2104 den
1595 2060 1743 2106 ketter

109 2126 344 2171 Tanchelm
377 2142 431 2171 en
463 2142 548 2172 van
571 2131 687 2172 twee
710 2130 849 2187 zijner
878 2129 1174 2186 aanhangers,
1198 2130 1282 2174 den
1305 2131 1412 2174 smid
1435 2131 1661 2177 Manasses
1685 2149 1739 2179 en

108 2198 191 2242 den
225 2200 412 2257 priester
442 2200 752 2253 Everwacher,
778 2215 832 2244 en
865 2201 964 2244 hem
995 2200 1166 2245 bekend
1199 2202 1358 2247 maken
1390 2209 1479 2248 met
1510 2205 1562 2249 de
1594 2207 1738 2264 wijze‚

108 2284 285 2328 waarop
323 2272 559 2316 Tanchelm
596 2272 890 2330 bekeeringen
927 2273 1053 2325 deed,
1100 2276 1189 2317 met
1226 2274 1278 2317 de
1316 2274 1565 2333 dwalingen
1603 2278 1743 2336 zijner

109 2346 225 2387 secte
246 2358 301 2387 en
319 2348 406 2388 met
423 2345 474 2388 de
491 2344 631 2388 daden
649 2345 754 2388 door
775 2346 861 2388 hen
883 2345 1030 2389 driee'n
1054 2348 1187 2402 tegen
1210 2346 1292 2390 den
1316 2348 1590 2392 Roomschen
1614 2351 1741 2406 gods-

109 2415 252 2461 dienst
274 2418 318 2461 in
340 2417 392 2461 de
410 2417 675 2462 kustlanden
692 2431 777 2461 van
797 2419 826 2462 't
845 2417 1009 2461 bisdom
1028 2418 1215 2462 Utreoht
1237 2419 1464 2477 gepleegd.
1482 2421 1540 2464 De
1565 2422 1736 2466 kanun-

109 2489 242 2533 niken
283 2489 511 2534 bezweren
544 2490 626 2534 den
660 2489 996 2547 aartsbisschop,
1031 2490 1108 2534 dat
1143 2491 1204 2549 hij
1241 2491 1308 2536 die
1345 2493 1513 2538 ketters
1553 2494 1618 2538 uit
1656 2495 1738 2540 den

108 2561 271 2606 kerker
292 2563 383 2608 niet
404 2577 483 2606 zou
507 2564 626 2607 laten
649 2566 942 2620 ontsnappen,
968 2576 1090 2606 maar
1112 2567 1264 2622 streng
1286 2580 1365 2610 zou
1389 2566 1585 2610 straffen.

155 2668 308 2704 Domino
339 2680 404 2704 suo
435 2673 471 2704 et
508 2667 708 2703 venerabili
749 2668 844 2712 patri
880 2669 1088 2712 Frederico,
1121 2674 1267 2706 sanctae
1308 2670 1533 2706 Coloniensis
1566 2672 1740 2708 ecclesiae

150 2835 200 2879 (1)
224 2835 276 2870 De
308 2835 549 2871 Utrechtsche
579 2835 747 2881 bisschop
784 2837 974 2872 Burcbard
1005 2837 1113 2874 stierf
1139 2839 1209 2874 den
1242 2842 1281 2875 18
1313 2839 1388 2875 Mei
1422 2841 1518 2881 1112.
1544 2841 1672 2875 zoodat
1699 2841 1742 2875 de

110 2890 350 2927 kanunniken
374 2891 437 2926 het
459 2891 601 2927 bisdom
624 2903 670 2926 na
695 2892 780 2927 dien
807 2893 879 2938 dag
902 2894 1103 2938 regeerden
1126 2899 1180 2931 tot
1203 2907 1273 2931 nan
1298 2896 1342 2932 de
1365 2896 1511 2941 kiezing
1529 2908 1599 2932 van
1622 2899 1740 2940 zijnen

111 2947 285 2992 opvolger
303 2947 501 2990 Godebald,
519 2948 587 2983 iets
602 2948 695 2984 later
710 2948 750 2984 in
765 2948 941 2986 hetzelfde
953 2954 1052 2993 jaar.
