2097 3466
791 194 924 229 ANNO
953 196 1049 230 1491
1682 197 1744 228 45⁸.)

154 289 247 323 Nam
263 289 342 331 jam
357 286 444 321 dicti
460 286 627 321 officiarii
645 285 801 330 episcopi
819 286 1064 322 Atrebatcnsis
1085 287 1206 330 plures
1230 296 1398 330 personas
1414 285 1457 320 de
1484 284 1739 319 nefandissima

109 345 205 377 secta
227 339 407 375 valderiae
424 344 631 385 nuncupata
647 345 813 376 oneratas
840 345 875 376 et
901 344 1085 376 accusatas
1110 341 1146 375 in
1171 352 1335 384 processu
1362 342 1565 384 posuerant,
1585 351 1738 383 quarum

109 396 203 431 aliae
225 395 493 435 condemnatae,
511 395 604 430 aliae
627 396 810 430 absolutae
828 397 982 437 fuerant,
1000 396 1278 439 earumdemque
1296 406 1529 439 personarum
1555 406 1739 439 processus

109 450 272 486 faciendo
288 458 323 485 et
339 450 555 494 perficiendo
571 449 659 485 dicti
677 449 805 484 vicarii
820 455 853 486 et
869 450 1074 494 inquisitor,
1086 452 1164 494 jam
1182 449 1317 484 dictum
1337 450 1545 484 Collardum
1561 450 1605 484 de
1623 450 1742 485 Bello-

109 505 194 540 forti
206 506 249 540 de
265 505 361 540 dicta
376 508 472 540 secta
487 505 668 539 valderiac
683 517 745 548 pei·
760 505 850 539 duos
866 505 963 540 viros
980 511 1016 540 et
1031 499 1120 540 dn'as
1134 504 1302 539 mulieres
1317 505 1353 539 in
1367 504 1517 539 diversis
1534 505 1743 539 carceribus

109 559 351 604 prisonnieros
366 560 526 594 detentos
549 562 739 593 oneratum
756 563 1041 602 accusatumque
1058 559 1292 599 invenerant;
1308 558 1364 592 liis
1381 561 1501 594 tamen
1516 571 1586 594 non
1600 561 1740 595 obstan-

108 615 204 650 tibus
226 615 312 650 dicti
330 613 457 649 vicarii
481 613 526 647 ad
543 613 744 656 captionem
760 613 847 648 dicti
872 614 915 647 dc
943 613 1129 648 Belloforti
1156 613 1349 656 procedere
1374 613 1599 655 distulerant,
1625 614 1739 650 donec

108 671 231 713 gentes
241 667 410 711 justiciae
433 668 639 702 ordinariae
657 668 763 702 villae
788 667 1033 702 Atrebatemis
1048 667 1207 702 eiusdem
1232 667 1390 709 vicariis,
1409 669 1503 712 quod
1520 681 1627 713 super
1644 671 1737 705 facto

107 723 266 766 ejusdem
293 722 336 757 de
360 723 546 757 Belloforti
576 722 756 766 provideri
781 723 943 762 debebat,
971 723 1320 764 demonstraverant3
1335 726 1370 757 et
1395 726 1582 767 propterea
1607 736 1738 768 magna

107 777 365 812 deliberatione
389 777 611 820 praehabita,
641 777 698 812 (lic
724 777 801 811 festi
830 777 923 812 beati
951 777 1101 811 Joannis
1118 776 1310 820 Baptistae,
1337 777 1421 811 anni
1442 779 1536 817 1460,
1563 777 1680 812 dictus
1695 778 1739 812 (10

108 831 295 867 Belloforti
313 843 376 876 per
388 831 581 866 officiarios
597 832 707 866 laicos
719 831 836 866 dictae
851 831 959 866 villae
977 831 1223 875 prisonnierus
1240 835 1376 875 captus,
1392 843 1434 865 ac
1447 843 1488 865 co
1502 832 1597 875 quod
1609 833 1653 867 de
1671 833 1740 867 fide

107 885 268 931 quaestio
294 889 384 927 erat,
408 888 487 931 jam
511 886 607 921 dicto
635 886 802 930 episcopo
827 886 1054 920 Atrebatensi
1083 898 1125 920 ac
1149 886 1222 920 suis
1244 885 1428 920 officiariis
1445 886 1617 927 redditus,
1636 899 1678 921 ac
1703 887 1740 921 in

107 952 180 976 una
197 952 340 976 camera
363 953 446 976 cum
471 941 603 976 talibus
619 941 839 981 custodibus,
859 952 948 984 quos
966 941 1098 975 habere
1117 940 1366 983 requisiverat,
1385 940 1583 975 conductus
1600 942 1740 984 fuerat3

107 1007 213 1040 quem
229 995 316 1031 dicti
333 996 569 1031 commissarii
597 1007 704 1039 super
728 995 892 1030 articulis
921 995 1059 1030 dictum
1084 995 1222 1029 crimen
1251 996 1562 1036 concernentibus,
1582 999 1622 1031 ut
1637 997 1682 1031 ab
1698 1008 1740 1032 eo

107 1050 262 1086 sciretur
288 1051 431 1091 veritas,
451 1051 776 1094 interrogaverant,
795 1049 945 1094 sedipse
974 1050 1065 1084 nihil
1091 1049 1254 1084 confiteri
1281 1050 1464 1093 voluerat;
1483 1052 1527 1085 ob
1551 1052 1646 1095 quod
1671 1050 1738 1095 ipsi

108 1105 344 1140 commissarii
361 1117 425 1150 pro
442 1105 505 1140 illa
527 1105 586 1140 die
611 1106 745 1148 absquo
770 1105 877 1140 aliter
901 1105 1125 1149 procedendo
1149 1109 1393 1148 recesserant3
1420 1109 1455 1141 et
1478 1106 1534 1141 die
1562 1107 1738 1150 sequenti,

107 1159 194 1194 dum
209 1171 314 1204 saepe
329 1159 416 1194 dicti
433 1159 668 1194 commissarii
686 1163 721 1195 et
736 1159 799 1194 alii
817 1171 929 1204 usque
943 1160 988 1194 ad
1003 1159 1260 1195 decennarium
1278 1171 1468 1195 numerum
1492 1172 1580 1205 erga
1602 1161 1740 1196 dictum

107 1215 151 1250 de
189 1214 377 1250 Belloforti
401 1217 680 1255 reverterentur,
711 1214 904 1258 Philippus
936 1214 1023 1249 dicti
1055 1215 1098 1248 de
1130 1214 1318 1250 Belloforti
1365 1215 1461 1250 filius
1501 1219 1587 1252 natu
1625 1219 1742 1260 major

107 1281 247 1306 necnon
274 1269 410 1304 domini
438 1269 482 1304 (10
516 1269 651 1313 Rivery
681 1272 716 1304 et
746 1269 790 1304 de
815 1269 943 1313 Mailly
967 1269 1101 1313 aliique
1127 1269 1264 1304 nobiles
1287 1272 1323 1304 et
1345 1271 1507 1306 scutiferi
1540 1271 1577 1306 in
1609 1283 1742 1317 magna

106 1324 276 1361 comitiva
290 1324 418 1359 iisdem
434 1324 697 1359 deffensoribus
724 1324 867 1359 obviam
891 1327 1118 1364 occurerent,
1137 1331 1172 1359 et
1188 1324 1326 1359 dictum
1342 1325 1385 1360 de
1400 1325 1588 1361 Belloforti
1604 1326 1740 1370 alloqui

105 1379 378 1424 requisiverant,
407 1380 502 1423 quod
526 1380 604 1415 fieri
630 1379 717 1415 dicti
735 1379 972 1414 commissarii
997 1379 1035 1414 in
1059 1379 1261 1423 praesentia
1277 1382 1397 1414 tamen
1421 1380 1679 1415 nonnullorum
1695 1392 1739 1416 ex

106 1434 192 1479 ipsis
208 1437 459 1469 concesserant
473 1447 481 1475 ς
499 1437 533 1469 et
552 1437 739 1479 postquam
757 1435 863 1479 plura
880 1435 991 1470 verba
1009 1446 1092 1469 cum
1109 1435 1234 1469 eodem
1251 1435 1295 1470 de
1313 1435 1501 1470 Belloforti
1518 1435 1739 1477 habuissent,

105 1489 223 1524 dictus
239 1489 282 1524 de
298 1488 487 1523 Belloforti
501 1488 760 1532 prisonnierus,
773 1491 984 1533 juramento
1001 1489 1166 1524 sollemni
1180 1489 1281 1533 prius
1294 1489 1477 1533 praestito,
1494 1489 1738 1535 interrogatus

106 1543 145 1578 in
168 1543 370 1588 praesentia
393 1543 573 1579 dictorum
601 1544 864 1579 officiariorum
888 1555 1107 1588 suorumque
1131 1548 1333 1588 parentum,
1360 1545 1495 1588 absque
1518 1544 1739 1587 inductione,

106 1598 214 1633 minis
237 1610 352 1642 neque
376 1598 559 1642 aliquibus
582 1599 744 1640 torturis,
771 1599 913 1634 dixerat
936 1602 972 1634 et
995 1600 1176 1634 confessus
1200 1600 1330 1640 fuerat,
1350 1600 1445 1644 quod
1469 1612 1490 1635 a
1505 1600 1621 1636 tribus
1637 1600 1742 1636 annis

107 1654 200 1690 citra
214 1653 327 1698 ipsius
343 1653 587 1699 cognitionem
605 1666 688 1689 cum
712 1666 786 1689 una
810 1655 974 1696 muliere,
993 1655 1029 1689 13
1046 1655 1261 1699 Pigneresse
1277 1658 1416 1697 vocata,
1434 1655 1473 1690 in
1490 1656 1577 1690 villa
1593 1657 1742 1691 Atreba-

106 1709 197 1745 tensi
212 1721 290 1744 rem
306 1709 494 1750 habuerat,
513 1712 548 1744 et
566 1720 638 1744 una
653 1710 795 1744 dierum
812 1710 961 1744 insimul
978 1710 1112 1744 cubare
1128 1721 1191 1744 seu
1202 1711 1327 1754 jacere
1345 1711 1614 1752 concluserant;
1633 1723 1741 1755 quam

107 1764 375 1800 conclusionem
402 1765 566 1799 faciendo
593 1765 690 1800 dicta
718 1764 930 1809 Pigneresse
957 1764 1025 1808 ipsi
1053 1765 1097 1799 de
1125 1765 1312 1800 Belloforti
1337 1765 1375 1800 in
1408 1766 1532 1802 villeto
1561 1767 1607 1802 ad
1631 1779 1741 1802 unam

106 1820 297 1865 pulchram
324 1819 544 1855 comutinam
571 1831 722 1864 pergere
748 1820 920 1864 petieratg
938 1821 984 1855 ad
1011 1832 1119 1863 quam
1143 1820 1239 1855 idem
1265 1821 1309 1856 de
1325 1821 1513 1857 Belloforti
1537 1821 1635 1858 istud
1650 1823 1740 1858 bene

107 1876 199 1911 velle
221 1875 464 1919 responderat,
491 1878 527 1909 et
550 1878 682 1910 extunc
709 1874 777 1919 ipsi
800 1876 906 1910 ambo
923 1876 1058 1920 gradus
1083 1876 1210 1910 domus
1226 1875 1344 1910 dictae
1368 1875 1581 1920 Pigneresse
1597 1877 1741 1913 deseen-

107 1932 256 1974 derant;
285 1942 378 1974 quae
401 1930 547 1973 quidem
578 1931 613 1965 la
651 1931 864 1976 Pigneresse
897 1932 1088 1975 quemdam
1120 1931 1290 1966 baculum
1322 1943 1394 1966 uno
1425 1931 1532 1976 nigro
1555 1936 1742 1977 unguento

108 1989 272 2027 unxerat,
297 1989 333 2021 et
355 1989 477 2030 postea
500 1988 664 2030 uterque,
690 1989 731 2021 ut
746 1998 866 2030 eques,
897 1986 1035 2021 dictum
1060 1986 1231 2020 baculum
1247 1986 1457 2021 ascenderat
1485 1989 1521 2021 et
1544 1987 1676 2031 raptim
1704 1986 1744 2022 in

108 2052 254 2076 nemore
277 2040 479 2076 Mofflaines
501 2052 539 2075 se
562 2043 763 2085 repererat3
781 2044 816 2076 et
840 2040 908 2084 ipsi
933 2040 971 2075 in
995 2040 1092 2076 dieto
1117 2051 1264 2076 nemore
1287 2041 1408 2085 plures
1425 2052 1605 2085 personas,
1624 2041 1743 2086 prima

108 2107 263 2141 quarum
277 2095 432 2140 speciem
447 2096 573 2131 simiae
589 2097 691 2131 rufae
707 2097 868 2140 gerebat,
888 2096 933 2130 ad
950 2107 1110 2131 mensam
1126 2097 1299 2137 sedentes,
1318 2097 1450 2132 multas
1466 2097 1590 2140 epulas
1606 2097 1739 2132 haben-

108 2155 172 2193 tes,
199 2151 412 2187 invenerant
437 2154 473 2186 et
498 2153 718 2194 repererant.
751 2150 881 2185 Coram
905 2161 976 2194 qua
999 2149 1105 2184 simia
1129 2150 1203 2194 ipse
1226 2150 1269 2184 de
1287 2150 1476 2185 Belloforti
1493 2153 1740 2194 praesentatus

108 2208 238 2247 fuerat,
264 2206 323 2241 cui
347 2205 444 2240 dicta
467 2204 573 2239 simia
595 2204 684 2239 haec
707 2205 817 2239 verba
840 2204 1029 2239 videlicet:
1067 2204 1135 2238 Vos
1159 2204 1247 2237 bene
1270 2207 1444 2238 veneritis
1464 2204 1663 2248 protulerat
1678 2217 1686 2247 ς
1704 2208 1741 2240 et

109 2265 188 2306 post
202 2272 343 2297 coenam
360 2262 542 2305 peractam
558 2259 655 2294 dicta
678 2259 785 2294 simia
802 2260 928 2303 pedem
945 2259 1108 2294 dextram
1125 2259 1336 2300 tetenderat,
1356 2270 1463 2303 quem
1479 2259 1606 2303 pedem
1621 2258 1739 2294 dictus

109 2317 153 2352 de
169 2315 368 2357 Belloforti,
387 2314 540 2360 genibus
557 2325 620 2358 per
635 2326 718 2349 eum
743 2314 855 2356 flexis,
882 2314 964 2349 aliis
986 2314 1288 2358 trepudiantibus,
1307 2315 1534 2349 deosculatus
1550 2315 1689 2358 fuerat;
1707 2317 1743 2350 et

109 2374 231 2415 postea
247 2371 342 2405 idem
358 2371 401 2405 de
416 2369 616 2410 Belloforti,
634 2372 827 2413 antequam
844 2381 865 2404 3
881 2369 977 2404 dicto
995 2380 1140 2404 nemore
1156 2369 1307 2409 exirent,
1327 2368 1460 2404 dictam
1477 2369 1512 2403 la
1529 2368 1743 2414 Pigneresse

110 2425 305 2461 carnaliter
328 2429 558 2469 cognoverat,
584 2428 619 2459 et
643 2425 761 2460 adhuc
785 2425 823 2460 in
847 2426 994 2460 domum
1017 2425 1134 2460 dictae
1156 2426 1191 2460 la
1216 2425 1428 2469 Pigneresse
1445 2425 1638 2466 redierant,
1658 2436 1741 2460 cum

110 2493 181 2526 qua
196 2480 304 2516 etiam
321 2480 396 2524 ipse
413 2491 486 2515 rem
506 2480 640 2524 pluries
663 2480 863 2524 habuerat3
881 2484 917 2516 et
933 2481 1029 2516 ultra
1052 2480 1237 2515 diabolum
1261 2481 1326 2514 sub
1351 2480 1447 2515 dicta
1472 2481 1591 2525 figura
1614 2480 1740 2515 simiae

109 2548 196 2577 esse,
215 2538 326 2571 sortes
342 2534 451 2570 etiam
465 2538 500 2570 et
516 2535 652 2570 colores
666 2535 830 2577 vestium,
851 2536 982 2580 quibus
998 2535 1060 2570 alii
1076 2535 1330 2577 induebantur,
1346 2536 1580 2570 revelaverat.
1598 2536 1740 2571 Praete-

109 2603 172 2626 rea
188 2591 282 2635 quod
299 2590 335 2624 in
353 2590 486 2625 dictam
504 2590 711 2628 valderiam.
730 2602 812 2625 cum
829 2591 984 2635 quadam
998 2590 1081 2631 alia,
1092 2591 1127 2624 la
1145 2589 1439 2625 Parcheminiere
1452 2592 1590 2631 vocata,
1606 2589 1738 2625 iterum

110 2648 239 2687 fuerat,
258 2646 320 2681 ubi
344 2646 523 2690 quendam
541 2645 578 2680 in
601 2646 756 2690 speciem
774 2646 880 2681 unius
904 2645 1002 2690 nigri
1019 2645 1130 2686 canis,
1157 2645 1218 2689 qui
1236 2645 1303 2680 sibi
1322 2645 1492 2689 pecunias
1512 2645 1738 2689 promiserat,

110 2705 339 2746 repet-aranu
366 2700 424 2735 cui
441 2700 558 2735 dictus
581 2701 625 2735 de
649 2701 836 2736 Belloforti
861 2701 1010 2745 capillos
1033 2701 1091 2735 sui
1115 2699 1243 2744 capitis
1266 2701 1360 2735 dono
1385 2703 1687 2744 praesentaverat,
1705 2703 1741 2735 et

110 2758 218 2794 tertio
238 2758 354 2802 ipsum
372 2757 409 2791 in
427 2767 572 2793 nemore
589 2755 818 2791 Altisontium
843 2767 926 2790 eum
950 2756 1106 2799 quodam
1130 2767 1194 2790 suo
1218 2755 1392 2790 servitore
1416 2754 1537 2796 fuisse,
1555 2757 1592 2790 et
1607 2754 1739 2790 ibidem

111 2813 314 2858 malignum
327 2812 494 2857 spiritum
514 2811 552 2845 in
571 2810 667 2846 dicta
684 2811 810 2846 simiae
827 2810 945 2855 specie
959 2811 1100 2849 vidisse.
1116 2811 1348 2854 responderat
1359 2813 1395 2845 et
1407 2811 1588 2844 confessus
1601 2810 1741 2852 fuerat;

113 2873 149 2905 et
172 2869 209 2905 in
235 2869 306 2904 illis
331 2868 613 2904 confessionibus
638 2868 772 2913 pluries
800 2868 935 2904 relictis
960 2871 1262 2912 perseveraverat,
1282 2866 1413 2912 quibus
1436 2866 1581 2911 quidem
1604 2867 1739 2902 confes-
