2097 3466
333 233 394 267 ‘294
1016 227 1147 264 ANNO
1174 231 1272 263 1418

378 327 430 360 23.
449 324 550 365 Item,
568 326 690 359 utrum
707 322 840 363 credat,
859 321 954 366 quod
980 322 1014 356 b.
1044 321 1172 356 Petrus
1195 320 1305 357 fuerit
1326 321 1482 357 vicarius
1500 321 1634 358 Christi
1650 322 1786 358 habens
1802 322 1952 366 potesta-

335 383 405 415 tem
423 378 560 423 ligandi
577 382 612 413 et
627 378 786 412 solvendi
804 389 911 421 super
927 380 1072 412 terram.

376 437 428 468 24.
447 434 547 471 Item.
573 436 696 467 utrum
724 433 856 470 credat.
876 432 969 475 quod
998 443 1088 475 papa
1111 431 1283 466 canonice
1308 432 1452 474 electus,
1474 433 1535 477 qui
1561 445 1626 477 pro
1657 438 1817 480 tempore
1845 435 1955 473 fuerit

331 491 406 532 ejus
429 488 572 523 nomine
600 488 745 531 proprio
774 499 948 531 expresso,
968 487 1011 522 sit
1039 498 1221 521 successor
1248 487 1281 521 b.
1310 487 1409 523 Petri
1436 489 1571 524 habens
1602 502 1806 534 supremam
1833 494 1954 528 aucto-

331 546 472 580 ritatem
492 545 528 578 in
546 544 696 579 ecclesia
714 544 789 579 Dei.

375 603 428 634 ⁶25.
462 600 562 640 Item,
595 603 717 634 utrum
746 599 867 634 credat
896 598 1146 634 auctoritatem
1169 598 1434 642 jurisdictionis
1466 611 1593 644 papae,
1629 601 1889 646 archiepiscopi
1921 604 1958 638 et

333 654 488 699 episcopi
517 655 554 689 in
584 655 752 689 solvendo
769 657 804 689 et
829 654 976 698 ligando
997 665 1072 688 esse
1095 655 1267 698 majorem
1299 654 1516 690 auctoritate
1549 655 1722 699 simplicis
1748 657 1954 699 sacerdotis,

336 712 443 747 etiam
461 711 489 745 si
507 722 631 746 curam
648 710 849 745 animarum
867 711 1010 745 habeat.

381 770 432 801 26.
452 767 552 806 Item,
572 769 693 800 utrum
711 767 844 805 credat,
868 766 963 809 quod
986 777 1077 809 papa
1105 765 1271 799 omnibus
1299 765 1505 800 christianis
1528 777 1610 800 vere
1638 765 1802 801 contritis
1816 769 1852 802 et
1875 778 1957 802 con-

336 822 434 857 fessis
451 835 492 856 ex
509 833 616 856 causa
632 821 691 865 pia
707 824 743 855 et
753 822 851 864 justa
878 821 985 863 possit
1015 820 1209 854 concedere
1236 819 1479 864 indulgentias
1504 820 1541 854 in
1565 820 1810 855 remissionem
1834 832 1957 864 pecca-

335 881 466 916 torum,
500 875 654 909 maxime
679 874 737 918 pia
764 875 841 909 loca
869 873 1095 908 visitantibus
1127 878 1161 908 et
1186 873 1271 916 ipsis
1298 885 1424 907 manus
1455 884 1535 907 suas
1563 874 1830 919 porrigentibus
1857 875 1957 920 adiu-

335 932 453 966 trices.
474 931 516 965 Et
541 934 662 964 utrum
691 930 823 968 credat,
849 929 942 972 quod
971 941 1014 963 ex
1044 929 1107 962 tali
1140 928 1366 962 concessione
1398 927 1583 963 visitantes
1610 929 1778 965 ecclesias
1806 930 1901 974 ipsas
1923 932 1960 965 et

336 998 463 1022 manus
479 985 673 1031 adjutrices
689 984 739 1019 eis
758 984 978 1028 porrigentes
994 984 1199 1027 hujusmodi
1218 983 1462 1027 indulgentias
1479 985 1647 1027 consequi
1666 984 1811 1028 possint.

379 1044 431 1076 27.
451 1041 551 1081 Item,
571 1044 691 1075 utrum
709 1040 843 1079 credat,
862 1040 955 1082 quod
980 1039 1113 1083 singuli
1142 1038 1298 1082 episcopi
1327 1039 1399 1073 suis
1427 1039 1578 1074 subditis
1605 1040 1801 1074 secundum
1827 1038 1958 1075 limita-

338 1097 471 1132 tionem
489 1107 672 1130 sacrorum
690 1106 866 1129 canonum
884 1093 1089 1138 hujusmodi
1108 1093 1350 1138 indulgentias
1365 1095 1560 1129 concedere
1576 1094 1721 1138 possint.

382 1153 433 1185 28.
454 1151 553 1190 Item,
574 1153 695 1184 utrum
714 1150 835 1185 credat
858 1152 893 1184 et
916 1153 1049 1184 asserat
1074 1149 1213 1183 licitum
1230 1160 1304 1184 esse
1321 1152 1527 1184 sanctorum
1545 1149 1716 1193 reliquias
1732 1152 1768 1185 et
1782 1149 1959 1195 imagines

338 1217 359 1240 a
376 1205 509 1240 Christi
527 1205 691 1240 fidelibus
707 1204 884 1239 venerari.
1873 1242 1878 1247 ,

379 1262 433 1294 29.
452 1260 552 1300 Item,
570 1262 694 1294 utrum
707 1258 839 1298 credat,
859 1258 953 1301 quod
969 1268 1061 1301 papa
1076 1258 1132 1291 vel
1149 1256 1242 1291 alius
1257 1257 1438 1300 praelatus
1454 1257 1610 1301 propriis
1626 1257 1830 1292 nominibus
1845 1269 1959 1302 papae

340 1326 405 1359 pro
421 1318 580 1358 tempore
597 1312 770 1356 expressis
787 1312 842 1346 vel
859 1311 1017 1355 ipsorum
1034 1311 1161 1346 vicarii
1178 1311 1312 1355 possint
1334 1323 1438 1346 suum
1467 1312 1648 1347 subditum
1679 1312 1959 1348 ecclesiasticum

340 1369 414 1404 sive
441 1369 660 1403 saecularem
685 1370 830 1411 propter
856 1366 1134 1401 inobedientiam
1159 1366 1232 1400 sive
1260 1366 1524 1401 contumaciam
1561 1367 1884 1410 excommunicare,
1909 1367 1961 1404 ita

341 1424 436 1467 quod
452 1423 534 1458 talis
550 1435 615 1467 pro
631 1422 939 1458 excommunicato
954 1422 999 1456 sit
1016 1422 1211 1456 habendus.

381 1481 434 1513 30.
454 1479 554 1518 Item,
575 1480 694 1512 utrum
720 1478 853 1518 credat,
879 1478 985 1520 quod,
1015 1476 1258 1511 inobedientia
1283 1476 1359 1510 sine
1386 1477 1613 1512 contumacia
1636 1477 1959 1513 excommunicato-

344 1545 424 1568 rum
449 1536 641 1573 crescente,
668 1533 818 1577 praelati
843 1533 898 1567 vel
922 1544 1045 1567 eorum
1073 1532 1201 1567 vicarii
1229 1532 1267 1567 in
1291 1532 1538 1576 spiritualibus
1569 1533 1726 1568 habeant
1748 1535 1959 1577 potestatem

340 1588 562 1633 aggravandi
579 1590 614 1622 et
630 1587 905 1632 rcaggravandi,
926 1586 1157 1622 interdictum
1188 1587 1341 1630 ponendi
1369 1590 1405 1622 et
1431 1587 1620 1622 brachium
1651 1588 1835 1623 saeculare
1859 1587 1957 1623 invo-

340 1643 457 1683 candi,
477 1646 511 1677 et
528 1643 623 1686 quod
639 1642 715 1676 illic
732 1642 891 1676 censuris
907 1653 970 1686 per
986 1641 1173 1676 inferiores
1189 1642 1235 1676 sit
1250 1642 1500 1677 obediendum.

380 1700 433 1732 31.
452 1698 554 1737 Item,
574 1700 696 1732 utrum
713 1697 845 1738 credat,
864 1697 958 1740 quod
982 1708 1074 1740 papa
1095 1697 1151 1730 vel
1175 1696 1238 1730 alii
1263 1697 1416 1740 praelati
1440 1699 1476 1732 et
1498 1708 1622 1732 eorum
1639 1696 1768 1732 vicarii
1792 1697 1831 1732 in
1854 1696 1958 1742 spiri-

338 1753 496 1787 tualibus
525 1752 679 1786 habeant
711 1754 918 1795 potestatem
962 1752 1160 1785 sacerdotes
1191 1754 1224 1785 et
1255 1751 1365 1786 laicos
1392 1750 1636 1787 inobedientes
1667 1755 1703 1788 et
1732 1754 1960 1787 contumaces

339 1806 685 1847 excommunicandi,
701 1807 746 1841 ab
762 1807 891 1847 officio,
904 1806 1089 1846 beneficio,
1103 1806 1265 1850 ingressu
1282 1806 1452 1841 ecclesiae
1469 1809 1504 1842 et
1519 1806 1829 1842 administratione
1847 1807 1957 1842 eccle-

339 1862 565 1897 siasticorum
581 1864 886 1896 sacramentorum
903 1861 1151 1904 suspendendi.

380 1920 433 1952 32.
468 1917 569 1957 Item,
598 1921 721 1950 utrum
752 1917 884 1957 credat,
919 1917 1012 1960 quod
1042 1916 1150 1950 liceat
1180 1916 1340 1959 personis
1369 1916 1619 1951 ecclesiasticis
1650 1917 1782 1960 absque
1812 1918 1958 1961 peccato

336 1973 446 2016 hujus
461 1972 586 2006 mundi
602 1971 734 2005 habere
751 1971 986 2015 possessi0n÷>s
1002 1973 1036 2006 et
1052 1971 1146 2005 bona
1161 1971 1385 2014 temporalia.

378 2030 431 2062 33.
450 2027 551 2067 Item,
570 2029 692 2061 utrum
709 2026 842 2066 credat,
870 2026 964 2069 quod
987 2025 1090 2060 laicis
1113 2025 1191 2069 ipsa
1215 2026 1259 2060 ab
1283 2025 1334 2060 eis
1361 2026 1503 2060 auferre
1526 2028 1699 2070 potestate
1722 2026 1869 2070 propria
1885 2038 1958 2062 non

336 2083 453 2123 liceat,
487 2081 559 2115 imo
586 2081 681 2123 quod
706 2080 758 2114 sic
785 2081 998 2118 auferentes.
1024 2080 1188 2114 tollentes
1212 2083 1247 2114 et
1270 2079 1477 2115 invadentes
1500 2081 1594 2115 bona
1615 2080 1693 2125 ipsa
1717 2081 1958 2117 ecclesiastica

336 2138 407 2172 sint
430 2140 611 2180 tamquam
636 2135 802 2179 sacrilegi
827 2129 1137 2179 puniendi,'etiam
1161 2134 1190 2168 si
1214 2135 1307 2170 male
1323 2135 1485 2171 viverent
1508 2147 1679 2180 personae
1696 2135 1957 2172 ecclesiasticae

338 2194 431 2227 bona
445 2190 651 2236 hujusmodi
669 2189 896 2234 possidentes.

381 2251 434 2283 34.
452 2248 553 2288 Item,
580 2249 702 2282 utrum
731 2246 863 2287 credat,
882 2246 977 2289 quod
999 2245 1206 2290 hujusmodi
1229 2245 1363 2281 ablatio
1385 2249 1421 2281 et
1442 2245 1581 2281 invasio
1604 2245 1820 2289 cuicumque
1842 2255 1956 2280 sacer·

341 2304 427 2346 doti,
446 2303 554 2339 etiam
576 2303 669 2337 male
700 2301 847 2342 viventi,
867 2303 999 2336 temere
1022 2301 1079 2335 vel
1101 2300 1277 2335 violenter
1299 2301 1394 2336 facta
1423 2301 1480 2336 vel
1501 2300 1603 2336 illata
1619 2301 1792 2337 inducant
1814 2299 1956 2335 sacrilem

337 2359 449 2403 gium.

380 2415 432 2448 35.
451 2412 552 2454 Item,
584 2415 706 2446 utrum
735 2411 868 2451 credat,
895 2411 990 2453 quod
1020 2409 1128 2445 liceat
1153 2409 1256 2444 laicis
1282 2410 1469 2454 utriusque
1496 2421 1610 2451 sexus,
1639 2409 1727 2446 viris
1755 2407 1893 2444 seilicet
1921 2410 1958 2444 et

335 2467 560 2508 mulieribus,
579 2467 691 2501 libere
708 2465 917 2509 praedicare
934 2465 1083 2499 verbum
1100 2465 1176 2499 Dei.

380 2524 432 2556 36.
451 2522 552 2561 Item,
571 2524 693 2555 utrum
719 2520 853 2559 credat,
873 2519 967 2562 quod
994 2518 1147 2563 singulis
1174 2519 1417 2554 sacerdotibus
1442 2518 1550 2554 liceat
1576 2517 1784 2563 praedicare
1807 2517 1956 2552 verbum

338 2577 414 2612 Dei.
435 2576 652 2617 ubicumque
668 2577 703 2609 et
719 2575 1017 2618 quandocumque
1034 2574 1221 2618 placuerit,
1240 2573 1348 2608 etiam
1365 2573 1394 2607 si
1412 2585 1483 2608 non
1499 2573 1571 2609 sint.
1585 2573 1696 2608 missi.

381 2634 434 2665 37.
465 2631 566 2671 Item,
597 2634 719 2665 utrum
745 2630 879 2669 credat,
899 2629 994 2673 quod
1021 2628 1143 2663 omnia
1166 2632 1312 2672 peccata
1334 2627 1536 2663 mortaliter
1558 2630 1593 2663 et
1619 2627 1822 2671 specialiter
1843 2624 1956 2661 mani-

338 2686 426 2720 festa
442 2685 512 2720 sint
527 2685 670 2729 publice
686 2684 900 2728 corrigenda
916 2686 950 2718 et
966 2683 1186 2727 extirpcnda.

382 2740 557 2774 Volumus
573 2738 720 2782 insuper
737 2749 779 2772 ac
795 2737 984 2773 statuimus
1005 2740 1041 2771 et
1063 2736 1298 2778 decernimus,
1315 2737 1408 2780 quod
1425 2736 1454 2770 si
1478 2737 1557 2779 quis
1573 2746 1636 2779 per
1651 2737 1824 2770 secretam
1847 2733 1956 2768 infor-

341 2794 535 2829 mationem
553 2805 616 2837 per
632 2805 693 2828 vos
718 2792 961 2836 recipiendam
978 2792 1034 2826 vel
1049 2791 1137 2826 alias
1161 2795 1322 2835 repertus
1345 2791 1454 2826 fuerit
1476 2791 1669 2825 infamatus
1691 2802 1752 2826 seu
1775 2792 1958 2834 suspectus

340 2851 383 2883 de
399 2861 624 2893 quacumque
641 2848 756 2892 specie
773 2847 931 2882 haeresis
947 2848 1135 2890 pestiferae
1150 2850 1266 2882 sectae
1282 2848 1338 2882 vel
1353 2847 1538 2882 doctrinae
1553 2846 1794 2890 pestilentium
1808 2845 1957 2880 Joannis

339 2904 499 2945 Wicleffi
518 2903 666 2938 Joannis
691 2902 785 2938 Husz
811 2905 846 2938 et
874 2901 1083 2946 Hieronymi
1108 2902 1152 2937 de
1176 2902 1295 2946 Praga
1319 2901 1653 2937 haeresiarcharum
1675 2900 1953 2946 praedictorum,

2074 3228 2080 3237 ‘
2072 3015 2093 3181 fiWV⁸=!-J
2085 2980 2094 2997 -e
2086 2954 2095 2961 ,ι
2080 2909 2087 2914 ’
2068 2843 2090 2874 Ἀ-
