2097 3466
308 255 353 291 82
986 249 1120 291 ANNO
1144 248 1245 293 nis

311 352 363 395 de
395 353 695 396 sacramenten
733 351 810 395 der
846 350 967 395 Kerk
1005 352 1069 395 als
1101 351 1349 395 dekmantel
1386 363 1493 394 voor
1529 351 1676 395 hunne
1710 348 1933 394 'boosheid.

314 420 538 464 Americus
560 420 635 463 wil
658 434 762 463 eene
785 420 1021 464 bedevaart
1043 434 1151 463 naar
1174 421 1308 463 Rome
1338 419 1447 462 doen
1467 434 1477 472 ;
1516 419 1567 462 de
1589 420 1748 463 andere
1769 418 1938 462 ketters

315 489 495 532 worden
518 501 626 532 naar
648 491 808 533 andere
831 490 988 546 heilige
1011 490 1206 545 plaatsen
1230 489 1470 546 gezonden.
1485 489 1596 533 Wat
1613 497 1665 532 er
1682 487 1939 545 aangnande

316 558 464 600 hunno
501 557 616 600 straf
647 560 763 601 meet
794 557 944 601 beslist
976 557 1170 609 worden,
1212 557 1355 600 werdt
1387 569 1471 600 3311
1499 556 1585 599 den
1622 570 1729 612 paus
1760 565 1940 612 everge-

316 625 448 668 laten.
479 625 551 668 Uit
575 625 657 668 den
696 625 822 668 mond
861 626 938 669 der
968 626 1136 669 ketters
1159 625 1277 668 heeft
1301 639 1398 668 men
1432 638 1683 677 vernmnen,
1707 625 1784 669 dat
1811 625 1857 668 'al
1883 623 1941 667 ode

315 693 536 736 Fransche
559 707 612 735 en
646 694 860 736 Luiksche
894 694 1043 737 steden
1067 694 1172 737 door
1203 694 1306 737 deze
1338 693 1540 750 dolingen
1565 692 1822 751 grootelijks
1844 705 1941 736 ver-

315 760 471 818 giftigd
492 762 592 819 ziju.
614 761 646 804 ’s
668 755 839 806 Pausen
862 761 1063 820 wijsheid
1085 766 1200 807 moet
1223 762 1374 806 daarin
1395 761 1649 819 verhelpen.

360 863 514 900 Domino
529 866 565 900 et
578 865 674 910 patri
688 860 886 901 reverendo
903 865 959 909 L„
977 864 1043 902 Dei
1059 866 1181 911 gratia
1197 877 1338 902 summo
1361 865 1537 911 pontifici,
1559 863 1711 901 ecclesia
1734 858 1942 900 Leodiensis

316 919 438 956 fideles
454 921 635 956 orationes
652 925 686 956 et
701 922 740 957 in
757 921 900 958 Christo
914 923 1055 958 debitae
1071 922 1306 967 subjectionis
1321 919 1577 958 obedientiam.

360 975 409 1010 Ut
424 975 644 1012 arbitramur
669 980 703 1012 et
725 988 781 1012 res
803 978 881 1021 ipsa
903 977 1076 1018 declarat,
1097 978 1234 1013 idcirco
1246 977 1372 1013 divina
1387 977 1575 1022 dispositio
1588 977 1626 1012 in
1641 984 1726 1012 arce
1742 970 1948 1012 catholicae

315 1030 487 1066 ecclesiae
510 1031 630 1066 sedem
665 1031 869 1066 Romanam
894 1032 1026 1076 posuit,
1058 1036 1101 1067 ut
1129 1033 1243 1076 ipsius
1272 1032 1498 1076 providentia
1526 1032 1599 1066 suis
1626 1031 1798 1066 membris
1828 1031 1942 1066 tutela

314 1092 530 1132 procuretur
545 1088 636 1124 etad
653 1099 732 1123 eam
748 1090 933 1133 refugium
949 1088 1118 1133 habeant,
1137 1089 1268 1134 quibus
1286 1089 1475 1135 surgentia
1491 1090 1587 1125 bella
1601 1087 1753 1124 exitium
1769 1085 1941 1121 minitan-

313 1146 385 1178 tur.
397 1142 516 1187 Igitur
529 1146 692 1178 veterum
704 1143 863 1179 hostium
877 1143 1118 1188 deprehensas
1127 1145 1269 1180 noviter
1283 1144 1433 1180 insidias
1448 1145 1494 1179 ad
1503 1148 1660 1180 vestram
1672 1142 1939 1189 paternitatem,

314 1197 373 1232 cui
401 1197 539 1233 credita
565 1201 617 1232 est
643 1198 849 1233 sollicitudo
880 1200 1044 1234 omnium
1072 1199 1321 1242 ecclesiarum,
1339 1199 1548 1243 deferimus,
1572 1203 1614 1234 ut
1637 1210 1762 1234 eorum
1791 1199 1942 1232 conatus

313 1255 432 1287 vestra
444 1251 645 1287 relidantur
655 1253 918 1297 industria,qui
932 1255 997 1289 sub
1010 1255 1128 1297 specie
1141 1254 1331 1299 religionis
1343 1254 1484 1289 animas
1496 1254 1716 1298 simplicium
1727 1254 1767 1290 in
1780 1264 1942 1290 errorem

314 1309 463 1350 ducunt,
483 1312 518 1344 et
533 1309 642 1343 unius
658 1308 870 1352 integritate
893 1309 990 1351 fidei,
1010 1321 1102 1353 quae
1129 1309 1255 1344 multis
1285 1309 1324 1344 in
1340 1308 1429 1344 locis
1445 1310 1638 1345 vulnerata
1653 1312 1717 1352 est,
1735 1307 1831 1344 sicut
1846 1307 1944 1352 apud

314 1375 379 1399 nos
402 1367 627 1408 compertum
652 1374 750 1398 nunc
773 1375 848 1399 esse
870 1367 1022 1407 constat,
1056 1368 1180 1399 sancta
1203 1363 1270 1399 Dei
1294 1365 1522 1400 convalescat
1554 1365 1722 1400 ecclesia.
1757 1365 1789 1399 A
1819 1363 1945 1398 Monte

316 1420 480 1454 Guimari
499 1418 557 1462 (1),
576 1430 647 1462 quo
664 1418 810 1453 nomine
826 1420 974 1462 quidam
991 1420 1092 1455 vicus
1106 1420 1144 1454 in
1157 1419 1315 1454 Francia
1331 1420 1479 1460 dicitur,
1497 1420 1675 1463 quaedam
1699 1419 1859 1455 haeresis
1875 1429 1941 1462 per

315 1475 472 1510 diversas
488 1480 668 1510 terrarum
685 1478 806 1519 partes
822 1475 1012 1510 defluxisse
1029 1475 1272 1520 cognoscitur,
1282 1487 1375 1519 quae
1391 1475 1480 1510 adeo
1494 1474 1596 1510 varia
1611 1478 1647 1510 et
1666 1470 1857 1518 multiplex
1874 1476 1939 1514 est,

314 1535 356 1566 ut
368 1531 433 1565 sub
449 1529 558 1565 unius
573 1532 672 1565 certo
685 1530 860 1564 vocabulo
880 1529 1030 1565 minime
1054 1530 1312 1574 comprehendi
1330 1541 1432 1574 posse
1450 1529 1627 1574 videatur,
1645 1522 1749 1574 cujus
1765 1527 1861 1574 apud
1876 1536 1942 1564 nos

317 1591 509 1622 sectatores
525 1585 673 1630 quidam
685 1585 830 1627 detecti,
845 1585 1003 1621 convicti
1020 1589 1055 1621 et
1069 1585 1223 1621 confessi
1249 1589 1345 1628 sunt,
1363 1585 1429 1621 hos
1456 1587 1566 1621 turba
1586 1586 1798 1621 turbulenta
1819 1587 1942 1629 raptos

311 1641 478 1677 incendio
512 1641 655 1676 tradere
681 1640 895 1684 deputavit3
921 1641 981 1675 sed
999 1652 1075 1683 nos,
1090 1640 1157 1675 Dei
1181 1642 1323 1676 favente
1353 1640 1616 1683 misericordia,
1634 1651 1725 1685 pene
1748 1647 1874 1676 omnes
1895 1639 1942 1674 ab

310 1696 462 1732 instanti
478 1694 668 1739 supplicio,
687 1695 730 1730 de
743 1695 830 1739 ipsis
842 1695 994 1730 meliora
1006 1699 1201 1740 sperantes,
1219 1696 1281 1731 vix
1296 1700 1419 1731 tamen
1436 1695 1648 1740 eripuimus,
1672 1707 1827 1740 quorum
1845 1706 1941 1730 unus

311 1752 372 1788 hic
389 1758 441 1787 est
457 1763 564 1795 quem
577 1751 623 1785 ad
639 1751 895 1795 paternitatem
907 1756 1064 1786 vestram
1080 1763 1145 1787 sua
1160 1750 1336 1796 petitione
1348 1751 1530 1787 destinare
1542 1748 1763 1786 curavimus.
1774 1748 1943 1786 Haeresis

312 1807 403 1842 haec
434 1805 586 1841 diversis
616 1804 787 1841 distincta
819 1809 871 1840 est
901 1806 1074 1850 gradibus
1088 1819 1097 1850 ς
1123 1807 1233 1842 habet
1264 1805 1362 1841 enim
1389 1806 1584 1848 auditores,
1609 1805 1672 1850 qui
1703 1805 1748 1840 ad
1779 1815 1941 1840 errorem

313 1861 508 1897 initiantur
525 1874 534 1905 3
561 1861 672 1896 habet
688 1861 884 1903 credentes,
903 1860 966 1904 qui
979 1865 1057 1905 jam
1073 1861 1214 1905 decepti
1231 1866 1316 1897 sunt
1332 1874 1341 1906 3
1367 1861 1476 1896 habet
1489 1861 1707 1896 christianos
1722 1871 1817 1903 suos,
1831 1859 1942 1895 habet

314 1918 528 1958 sacerdotes,
561 1916 670 1951 habet
699 1920 734 1951 et
765 1921 903 1951 ceteros
929 1917 1110 1960 praelatos
1136 1917 1230 1952 sicut
1261 1921 1295 1952 et
1322 1928 1398 1952 nos.
1430 1916 1548 1961 HuJus
1573 1915 1734 1952 haeresis
1763 1915 1941 1952 nefandae

314 1972 559 2016 blasphemiae
582 1975 677 2013 sunt,
695 1971 789 2015 quod
815 1971 854 2006 in
880 1971 1055 2016 baptismo
1081 1977 1227 2016 peccata
1251 1971 1389 2007 remitti
1412 1975 1533 2017 negat,
1551 1972 1646 2015 quod
1670 1975 1940 2006 sacramentum

315 2028 475 2072 corporis
491 2032 526 2063 et
541 2026 731 2072 sanguinis
759 2026 894 2061 Christi
922 2027 1030 2062 inane
1059 2031 1216 2072 reputat,
1230 2027 1326 2070 quod
1349 2038 1413 2070 per
1434 2026 1701 2071 impositionem
1721 2025 1942 2071 pontificalis

314 2095 442 2118 manus
458 2081 615 2117 conferri
632 2081 684 2116 nil
700 2085 891 2123 asseverat,
908 2083 1004 2126 quod
1022 2082 1205 2116 neminem
1222 2081 1400 2126 Spiritum
1433 2081 1607 2116 Sanctum
1629 2081 1795 2127 accipere
1826 2079 1941 2117 credit

315 2138 386 2173 nisi
404 2139 579 2173 bonorum
597 2148 747 2180 operum
761 2137 1059 2180 praecedentibus
1068 2137 1220 2180 meritis,
1231 2138 1326 2180 quod
1337 2136 1551 2181 conjugium
1563 2137 1722 2181 damnat,
1735 2136 1832 2180 quod
1844 2135 1941 2180 apud

315 2207 352 2230 56
375 2198 517 2229 tantum
541 2191 731 2228 ecclesiam
755 2191 972 2227 catholicam
997 2205 1070 2228 esse
1093 2192 1289 2237 praedicat,
1309 2193 1404 2236 quod
1428 2203 1534 2228 omne
1559 2196 1812 2236 juramentum
1841 2189 1942 2225 velut

316 2249 454 2285 crimen
464 2248 617 2292 judicat.
636 2246 682 2281 Et
696 2250 820 2282 tamen
836 2247 899 2290 qui
915 2247 1024 2292 huJus
1048 2247 1193 2283 sceleris
1217 2250 1411 2282 sectatores
1433 2251 1528 2288 sunt,
1547 2245 1785 2282 sacramentis
1807 2244 1942 2281 nostris

317 2305 399 2339 ficte
413 2303 684 2339 communicant
705 2303 751 2336 ad
768 2303 952 2346 nequitiae
967 2315 1052 2338 suae
1069 2304 1324 2338 velamentum.
1341 2302 1480 2338 Horum
1497 2302 1616 2337 adhuc
1629 2302 1774 2338 auditor
1787 2305 1865 2337 erat
1878 2300 1941 2336 hic

316 2360 517 2401 Americus,
535 2369 642 2402 quem
658 2357 740 2392 ideo
763 2358 808 2392 ad
831 2369 894 2393 vos
916 2358 1127 2402 direximus,
1146 2362 1186 2394 ut
1202 2362 1320 2394 vestro
1339 2358 1480 2403 judicio
1503 2359 1578 2394 Deo
1601 2361 1637 2394 et
1660 2361 1806 2405 53116136
1827 2355 1941 2402 ipsius

317 2414 489 2450 ecclesiae
502 2411 711 2455 satisfaciat,
723 2416 758 2448 et
769 2413 999 2457 sponsionem
1013 2425 1122 2458 quam
1134 2413 1221 2449 fecit
1240 2412 1355 2449 beatis
1370 2413 1553 2459 apostolis,
1571 2424 1655 2448 cum
1675 2412 1716 2449 in
1731 2411 1942 2449 discrimine

361 2606 406 2651 (1)
419 2607 528 2643 Forte
542 2607 668 2643 Monte
686 2606 840 2642 Limarii
857 2602 1138 2652 (Montdl'imart)
1149 2607 1238 2643 urbe
1255 2606 1395 2643 Galliae
1415 2606 1455 2642 in
1476 2605 1698 2651 Delphinatu
1714 2600 1940 2651 (Dauph'ind)

317 2662 363 2695 ad
387 2662 526 2697 radices
550 2661 663 2704 601115,
680 2661 778 2697 haud
808 2663 936 2706 procul
959 2674 980 2697 a
1005 2662 1183 2698 Rhodano
1198 2662 1322 2704 fluvio,
1341 2661 1438 2697 circa
1454 2669 1562 2706 quam
1594 2661 1725 2697 Petrus
1757 2661 1800 2696 de
1830 2658 1940 2695 Bruis

318 2715 423 2750 Lucii
444 2717 473 2750 ¹1
490 2724 651 2760 tempore
669 2728 809 2751 errores
839 2727 921 2752 suos
952 2716 1212 2761 disseminavit,
1228 2716 1291 2760 qui
1315 2726 1486 2761 magnam
1502 2727 1585 2751 cum
1601 2714 1793 2759 descriptis
1808 2714 1879 2750 hoc
1899 2713 1940 2749 in

317 2771 469 2815 epistola
485 2772 697 2807 affinitatem
719 2772 865 2807 habent.
895 2772 1003 2817 (Noot
1029 2784 1099 2807 van
1122 2772 1167 2807 de
1190 2771 1374 2818 uitgevers
1392 2772 1456 2807 der
1472 2771 1717 2816 Amplissima
1743 2768 1935 2813 collectio).

318 2844 356 2852 —
375 2828 418 2862 C.
441 2827 605 2863 Schmidt
620 2828 798 2872 (Histoire
814 2827 876 2862 des
896 2827 1082 2871 Cathares,
1101 2828 1180 2863 (1661
1205 2829 1232 2868 1,
1258 2827 1325 2862 blz.
1349 2827 1403 2872 32)
1426 2831 1506 2872 zegt
1529 2826 1770 2872 integendeel,
1794 2826 1856 2860 dat
1877 2825 1939 2860 het

315 2881 601 2917 Moncwimers
591 2894 632 2923 15,
652 2892 738 2918 eene
753 2881 875 2918 kleine
891 2881 1036 2928 vesting
1050 2894 1122 2918 van
1145 2881 1394 2926 Champagne,
1411 2882 1538 2955 alsdan
1552 2881 1707 2927 gelegen
1728 2880 1770 2917 in
1791 2879 1855 2917 het
1868 2878 1938 2916 bis-

313 2937 398 2972 dom
410 2935 662 2974 (111ὰί035531-
663 2932 810 2974 Mat-ne.
