2097 3466
801 239 935 274 ANNO
963 242 1062 274 140ss
1676 239 1739 272 415»

102 336 236 372 bilibus
263 335 522 379 questionibus,
549 345 619 377 que
646 333 754 367 saluti
784 333 997 376 plerumque
1025 334 1174 375 possunt
1201 331 1334 372 obesse,
1354 332 1520 375 prodesse
1537 343 1734 375 nunquam,

101 393 137 424 et
152 388 358 424 salubribus
382 389 595 424 veritatibus
625 387 763 422 aditum
792 387 1030 431 ii‘idulgendo.
1063 386 1163 420 Dabo
1188 385 1304 429 igitur
1332 387 1475 421 tandem
1504 387 1653 422 iussioni
1678 392 1738 421 tue

100 455 237 478 morem
253 447 290 478 et
306 444 400 487 quod
428 456 450 478 a
477 456 533 478 me
562 442 780 487 prestolaris,
797 442 924 485 lingua
950 453 1030 476 mea
1058 452 1162 476 suum
1182 440 1343 483 loquitur
1361 441 1535 477 iudicium
1554 454 1624 477 non
1642 448 1739 478 certe

100 499 336 535 diffinitiuum
352 503 416 534 aut
432 499 701 543 quomodolibet
717 497 1018 533 auctoritatinum
1039 525 1192 532 ......
1212 499 1222 538 (
1228 499 1268 538 1).

147 555 264 600 Super
278 555 348 598 hijs
364 567 433 599 que
449 555 584 590 recenti
608 567 650 589 ac
674 554 838 599 preclaro
863 553 1010 598 ingenio
1030 553 1073 588 de
1096 553 1166 588 hac
1190 552 1352 587 nouitate
1378 552 1688 596 magistralissimc
1705 556 1740 587 et

100 610 278 648 tutissime
294 609 505 650 disseruisti,
526 609 730 654 plenissime
747 608 956 650 consenti03
986 611 1022 643 et
1051 620 1143 649 eam,
1164 619 1272 651 quam
1292 606 1374 641 inde
1394 607 1533 642 traxisti
1552 607 1739 642 veritatem

100 665 214 702 veluti
231 665 491 700 sanctissimam
506 669 614 708 atque
638 663 914 699 saluberrimam
939 663 1096 707 suscipio
1113 662 1369 701 venerandam.
1387 666 1509 706 utpote
1527 662 1742 697 firmissimis

100 721 223 757 diurni
240 724 348 765 atque
361 719 537 755 naturalis
550 718 699 753 luminis
714 717 890 762 preceptis
904 717 1174 752 euidentissime
1187 716 1345 757 enixam,
1362 717 1419 751 cui
1436 720 1470 751 te
1484 718 1606 752 futuro
1622 717 1741 751 iudice

98 776 251 820 'antiqua
276 775 330 811 tui
354 775 524 817 auditorij
559 773 728 808 beniuola
759 784 800 807 a(-
830 772 1003 807 familiari
1028 771 1161 807 fiducia
1186 772 1298 807 fretus
1324 784 1393 815 que
1419 772 1593 816 cogitanti
1628 772 1738 807 michi

102 831 227 866 fauere
243 830 424 870 videntur,
444 840 540 864 nunc
557 828 709 872 prodere
726 827 866 862 institui
887 855 1040 862 ......
1059 829 1116 868 (2).

146 884 248 926 Vale,
267 887 468 930 preceptor,
493 887 529 918 et
561 894 630 927 que
661 883 758 917 voles
786 882 924 926 impera
950 881 1129 925 discipulo
1160 884 1224 917 tuo
1256 892 1444 925 nunquam
1473 883 1544 917 tuis
1573 883 1742 918 defuturo

101 939 293 986 preceptis,

453 1014 647 1057 Carlerius,
666 1015 745 1050 dccl
761 1014 807 1057 11,
822 1014 1097 1059 Verbandeling
1113 1015 1166 1049 29.

857 1162 979 1207 339.

163 1312 343 1372 (1466,)
379 1314 477 1356 Juli
504 1314 572 1364 19,
596 1313 750 1369 Rijsel.
775 1311 1017 1355 Antwoord
1036 1325 1121 1354 van
1142 1312 1225 1354 Jan
1245 1311 1297 1354 de
1315 1312 1497 1366 Econte,
1518 1312 1745 1356 kanunnik

103 1383 181 1427 der
212 1385 252 1428 S¹
275 1382 559 1426 Pieterskerk
581 1396 667 1425 van
691 1382 844 1438 Rijsel‚
872 1395 956 1424 aan
989 1381 1134 1438 zijnen
1169 1381 1457 1424 leermeester
1479 1382 1562 1425 den
1588 1383 1748 1425 Karne-

103 1451 328 1509 riJkschen
366 1450 504 1493 deken
539 1449 720 1501 Carlier,
763 1450 830 1492 die
862 1450 963 1492 hem
996 1449 1318 1505 geraadpleegd
1362 1449 1448 1492 had
1492 1463 1598 1493 over
1639 1464 1746 1493 eene

103 1520 339 1564 verdachte
362 1519 541 1575 stelling
558 1518 789 1575 gepredikt
820 1518 925 1561 door
947 1532 1085 1561 eenen
1121 1518 1298 1561 monnik
1321 1519 1578 1574 aangaande
1607 1519 1746 1562 Maria

104 1603 158 1633 en
181 1589 220 1633 S*
240 1590 324 1633 Jan
355 1588 437 1632 den
471 1588 742 1644 Evangelist.
774 1613 825 1620 —
862 1590 922 1632 De
954 1587 1182 1631 kanunnik
1207 1601 1292 1631 van
1317 1588 1454 1645 Rijsel
1483 1588 1613 1632 zendt
1646 1589 1746 1632 hem

102 1658 188 1717 vijf
206 1659 364 1702 redens
387 1661 518 1714 tegen
542 1657 610 1700 die
633 1657 827 1714 stelling.

147 1783 333 1828 Scriptum
352 1783 498 1818 domim*
512 1781 698 1816 ‚Iohannis
716 1781 761 1816 de
781 1781 926 1823 Econte‚
944 1791 1049 1816 sacre
1065 1779 1247 1825 theologie
1261 1780 1496 1824 professoris,
1515 1779 1743 1825 thesaurariy'

105 1839 251 1874 ecclesie
265 1840 387 1874 sancti
399 1837 506 1872 Petri
521 1837 742 1872 Insulensis.
763 1842 891 1871 contra
916 1836 1075 1870 dicentes
1099 1841 1270 1871 sanctum
1293 1834 1505 1870 Iohannem
1529 1836 1745 1880 Evanyelis-

104 1900 181 1930 tam
195 1895 335 1939 factum
351 1894 469 1938 fuisse
485 1892 610 1936 filium
638 1893 810 1937 Virqinis
834 1903 963 1926 verum
983 1897 1014 1926 et
1038 1891 1252 1926 naturalem
1275 1902 1342 1936 per
1367 1891 1747 1926 transsubstantiatio-

104 1960 189 1984 nem
203 1951 370 1993 corporis
379 1946 567 1982 Johannis
580 1950 620 1981 in
634 1959 767 1992 corpus
784 1946 923 1982 Christi
935 1949 973 1981 vi
987 1947 1184 1981 verborum
1197 1958 1220 1981 a
1238 1945 1382 1981 Christo
1396 1948 1436 1979 in
1450 1957 1556 1980 cruce
1564 1946 1747 1991 pendente

104 2004 330 2039 directorum
355 2006 470 2038 matri
493 2014 557 2037 suc
577 2003 742 2047 yloriose
765 2004 889 2038 Μανία
904 2005 1049 2046 viryini
1065 2002 1110 2036 de
1133 2003 1215 2047 ipso
1239 2001 1413 2037 Iohanne
1430 2013 1441 2036 .·
1459 2016 1474 2028 u
1494 2000 1648 2042 Mulier,
1667 2012 1745 2035 ecce

103 2059 208 2104 filius
225 2065 322 2094 tuus.
342 2075 358 2088 n

149 2136 365 2172 Doctissimo
389 2136 727 2178 virtuosissimoque
750 2135 898 2170 domino
922 2146 964 2169 ac
989 2134 1203 2170 honorando
1227 2134 1402 2179 magistro
1427 2136 1550 2167 nostro
1574 2131 1749 2176 magistro

105 2192 237 2237 Egidio
255 2190 420 2235 Carlerij,
439 2193 588 2235 egregio
605 2202 707 2225 sacre
733 2191 866 2234 pagine
891 2190 1085 2235 professori
1111 2201 1153 2224 ac
1176 2190 1313 2224 decano
1338 2194 1373 2223 et
1397 2188 1574 2223 canonico
1599 2187 1749 2222 ecclesie

106 2247 388 2290 Cameracensis,
407 2247 498 2280 bene
515 2245 646 2280 merito
662 2245 868 2288 preceptori
886 2256 965 2279 meo
983 2245 1250 2279 colendissimo,

150 2301 374 2345 Obsequiosa
389 2300 746 2336 recommendatione
764 2301 951 2344 premissa.
970 2299 1266 2334 Communicauit
1282 2299 1372 2333 mihi
1391 2303 1510 2333 vestra
1526 2297 1746 2336 humanitas,

105 2357 358 2392 colendissime
375 2356 425 2391 mi
443 2363 546 2400 pater
561 2360 596 2390 et
613 2362 814 2399 preceptor,
831 2356 1037 2391 euidentem
1054 2355 1358 2400 improbationem
1371 2355 1480 2389 unius
1493 2353 1749 2397 propositionis

105 2425 126 2448 a
142 2413 297 2448 veritate
313 2412 493 2447 catholica
512 2413 629 2446 aliene
652 2423 673 2446 a
696 2412 854 2454 quodam
881 2411 1110 2455 predicatore
1133 2412 1176 2446 ad
1202 2412 1377 2455 populum
1401 2410 1546 2454 publice
1569 2411 1747 2454 dogmati-

105 2473 193 2509 zate‚
211 2479 281 2512 que
297 2468 381 2502 talis
397 2473 449 2502 est
465 2468 560 2511 quod
579 2467 598 2501 J
603 2466 765 2501 ohannes
784 2467 1016 2511 Evangelista
1030 2467 1147 2501 factus
1161 2467 1229 2500 fuit
1244 2467 1339 2500 filius
1352 2467 1530 2501 naturalis
1544 2465 1748 2500 beatissime

105 2521 224 2556 Marie
240 2521 407 2565 virginis,
425 2521 571 2564 quando
589 2520 765 2554 Dominus
781 2520 874 2554 dixit
892 2522 998 2555 matri
1017 2530 1024 2555 :
1045 2520 1197 2562 Mulier,
1213 2531 1288 2554 ecce
1304 2520 1408 2564 filius
1425 2525 1519 2554 tuus.
1536 2520 1605 2560 Qui
1620 2520 1748 2554 funda-

107 2577 163 2612 uit
192 2589 228 2612 se
259 2577 296 2611 in
327 2576 395 2611 hoc
426 2576 522 2619 quod
554 2575 730 2610 Dominus
754 2575 910 2610 contulit
942 2575 1014 2610 illis
1037 2576 1158 2610 verbis
1181 2574 1353 2610 virtutem
1378 2574 1746 2609 transsubstantiandi

107 2644 239 2678 corpus
254 2632 433 2668 Johannis
451 2633 489 2667 in
505 2643 636 2676 corpus
652 2631 787 2666 Christi
805 2631 900 2666 sicut
923 2632 1044 2666 verbis
1059 2631 1385 2666 sacramentalibus
1409 2641 1538 2675 panem
1563 2630 1600 2665 in
1616 2641 1748 2674 corpus

152 2804 197 2845 (1)
222 2802 358 2846 Hierop
373 2803 502 2847 volgen
521 2800 759 2845 betuigingen
777 2812 848 2835 van
865 2800 1166 2835 bescheidenheid
1179 2811 1223 2834 en
1237 2800 1307 2835 ook
1325 2812 1394 2835 van
1407 2811 1541 2836 warine
1557 2800 1747 2845 vereering

108 2868 197 2892 voor
214 2857 354 2893 Carlier
365 2858 455 2892 door
471 2858 587 2899 zijnen
603 2867 804 2900 vroegeren
820 2855 976 2899 leerling
992 2855 1060 2889 Jan
1080 2854 1272 2890 Tinctoris.

150 2914 196 2955 (2)
215 2911 349 2956 Hierop
362 2912 459 2957 volgt
476 2924 563 2947 eene
576 2910 814 2956 godgeleerde
827 2910 1103 2955 verhandcliug.
