2097 3466
340 268 401 303 2:²6
1035 269 1166 305 ANNO
1193 271 1291 305 1373

339 364 469 419 schop
492 377 575 407 van
610 364 820 423 Trier(l),
850 367 914 407 tot
953 363 1004 406 de
1041 364 1253 421 hertogen
1291 378 1373 408 van
1413 365 1706 423 Luxemburg,
1733 365 1951 423 Limburg,

338 430 529 475 Brabant
551 445 604 474 en
627 432 771 484 Gulik,
799 435 860 475 tot
883 431 934 474 de
958 435 1134 474 vorsten
1164 446 1248 475 van
1282 433 1410 488 Berg,
1437 433 1579 485 Kleef,
1607 433 1776 483 Marke,
1801 433 1959 477 Kirch-

337 499 442 557 berg
479 516 532 544 en
570 501 813 558 Spanheim,
843 515 895 543 en
928 501 1083 543 verder
1105 504 1170 544 tot
1193 501 1232 543 al
1267 500 1377 556 ziJne
1406 514 1568 556 graven
1605 516 1657 544 en
1681 506 1953 558 getrouwen‚

335 582 402 611 om
424 569 514 613 hun
537 570 617 615 den
638 570 901 627 pauselijken
921 569 1176 624 inquisiteur
1192 570 1275 612 Jan
1299 568 1351 612 de
1373 570 1551 622 Boland,
1578 570 1854 627 predikheer,
1873 585 1956 615 aan

332 641 376 680 te
400 636 592 682 bevelen.
619 665 678 671 —
701 640 949 695 Aangezien
973 638 1025 680 de
1047 637 1306 693 predikheer
1330 639 1412 681 Jan
1436 638 1486 681 de
1518 639 1680 682 Boland
1713 640 1817 683 door
1848 653 1957 697 paus

334 706 569 763 Gregorius
593 709 656 751 XI
677 709 742 751 als
765 708 1020 763 inquisiteur
1043 707 1295 763 aangesteld
1318 707 1438 749 werd
1471 721 1575 750 over
1607 708 1658 751 de
1694 707 1955 752 bisdommen

334 776 469 826 Trier.
497 777 664 820 Keulen
689 791 741 820 en
765 777 888 829 Luik‚
926 777 967 818 in
990 777 1019 818 ’t
1042 774 1261 832 bijZonder
1293 789 1359 818 om
1382 775 1433 818 de
1457 777 1712 833 Beggarden
1736 790 1789 820 en
1812 777 1956 835 Begij-

333 857 417 887 nen
456 849 499 889 te
537 847 787 903 vervolgen,
826 845 981 888 rekent
1024 844 1076 887 de
1114 844 1259 887 keizer
1300 845 1376 888 het
1412 845 1507 888 zich
1544 849 1618 888 ten
1656 846 1817 900 plichte
1855 845 1954 890 dien

332 913 588 969 inquisiteur
605 915 680 958 het
703 914 946 959 uitoefenen
971 927 1054 956 van
1078 914 1164 970 ziJn
1182 911 1298 956 ambt
1321 915 1494 956 zooveel
1513 914 1717 972 mogelijk
1735 918 1778 958 te
1799 927 1954 971 verge-

329 984 637 1041 makkelijken.
665 985 848 1027 Daarom
881 987 995 1027 staat
1031 983 1090 1040 hij
1131 996 1213 1025 aan
1251 983 1333 1026 Jan
1373 983 1424 1026 de
1462 985 1626 1027 Boland
1665 986 1706 1028 al
1738 984 1789 1028 de
1826 998 1952 1028 voor-

329 1052 506 1096 rechten
530 1057 617 1104 toe,
640 1053 780 1095 welke
803 1053 915 1109 zijne
938 1054 1172 1095 voorzaten
1195 1051 1243 1093 of
1260 1052 1419 1095 andere
1438 1056 1615 1096 vorsten
1633 1054 1675 1096 in
1693 1053 1946 1112 Frankrijk,

329 1121 566 1177 Engeland,
589 1122 742 1174 Sicilie,
761 1123 932 1179 Spanje,
956 1121 1207 1177 Hongarije,
1225 1121 1375 1172 Polen,
1397 1121 1671 1174 Normandie,
1692 1123 1829 1174 Italie'‚
1851 1136 1945 1166 enz.

330 1191 415 1233 ooit
447 1205 529 1234 aan
552 1191 602 1233 de
637 1191 915 1246 inquisiteurs
948 1189 1225 1242 verleenden,
1253 1203 1306 1232 en
1345 1189 1407 1232 dit
1439 1191 1843 1247 niettegenstaande
1864 1191 1949 1235 alle

332 1263 490 1302 wetten
509 1259 555 1302 of
572 1259 829 1315 gebruiken‚
855 1259 920 1302 die
940 1273 987 1301 er
1008 1258 1174 1301 zouden
1200 1257 1378 1302 kunnen
1402 1259 1706 1316 tegenstrijdig
1729 1273 1812 1303 aan
1840 1259 1943 1318 ziJn.

329 1328 419 1370 Ook
437 1327 606 1371 beveelt
629 1329 680 1371 de
705 1329 851 1371 keizer
873 1342 954 1371 aan
982 1327 1033 1370 de
1051 1326 1385 1383 bovengemelde
1409 1328 1669 1381 overheden,
1692 1328 1766 1372 dat
1786 1329 1838 1386 zij
1863 1329 1946 1372 den

326 1396 584 1452 inquisiteur
621 1398 663 1440 in
701 1398 806 1440 alles
846 1400 1015 1440 moeten
1048 1395 1345 1448 bescherrnen‚
1389 1397 1523 1440 onder
1560 1397 1750 1440 anderen
1788 1398 1832 1440 in
1869 1398 1947 1442 het

328 1465 536 1509 bekomen
558 1480 642 1510 van
665 1466 740 1511 het
763 1466 892 1509 derde
915 1465 1112 1523 gedeelte
1134 1478 1218 1508 van
1240 1465 1291 1508 de
1312 1466 1631 1523 aangeslagene
1658 1465 1868 1509 roerende
1889 1479 1945 1510 en

326 1535 593 1578 onroerende
629 1535 845 1592 goederen
881 1535 957 1578 der
994 1534 1177 1586 ketterS‚
1216 1548 1270 1577 en
1307 1534 1381 1579 dat
1417 1536 1470 1593 zij
1512 1535 1640 1579 alwie
1677 1538 1807 1592 tegen
1844 1535 1944 1579 hem

322 1607 509 1660 opstaat,
537 1608 689 1661 streng
712 1605 755 1647 in
773 1604 988 1661 bedwang
1005 1606 1175 1647 moeten
1197 1603 1387 1648 houden.

363 1726 518 1763 Karolus
544 1731 704 1772 quartus,
737 1727 860 1763 divina
890 1728 1032 1764 favente
1062 1727 1263 1769 clementia,
1298 1726 1545 1762 Romanorum
1575 1727 1772 1772 imperator
1803 1737 1942 1773 semper

319 1789 492 1829 augustus
515 1787 551 1819 et
574 1784 741 1819 Bocmiae
763 1796 837 1826 rex,
856 1784 1120 1820 venerabilibus
1145 1785 1358 1820 Treverensi
1381 1784 1661 1829 archiepiscopo,
1677 1784 1770 1820 sacri
1794 1785 1938 1830 imperii

320 1851 384 1883 per
401 1840 553 1873 Galliam
577 1845 611 1874 et
634 1851 786 1883 regnum
810 1840 1017 1874 Arelatense
1033 1839 1364 1881 archicancellario,
1383 1839 1582 1874 illustribus
1606 1840 1936 1886 Lutzemburgensi,

322 1895 584 1939 Limburgensi,
616 1895 833 1930 Brabantiae
863 1898 898 1929 et
928 1894 1123 1929 Juljacensi
1155 1894 1323 1934 ducibus,
1359 1894 1582 1938 principibus
1612 1895 1865 1938 spectabilibus
1894 1897 1938 1931 de

319 1950 452 1991 Monte,
471 1951 514 1984 de
539 1951 680 1990 Cleven,
699 1950 742 1984 de
758 1950 919 1990 Marcha,
938 1950 981 1984 de
998 1949 1201 1993 Kirchberg
1216 1952 1251 1983 et
1275 1949 1318 1983 de
1335 1948 1484 1992 Vyenna
1499 1949 1556 1983 vel
1573 1947 1779 1992 Spanheim,
1798 1950 1936 1986 comiti-

319 2005 383 2039 bus
401 2005 472 2038 suis
489 2008 523 2039 et
540 2005 680 2048 imperii
698 2004 790 2039 sacri
811 2004 975 2039 fidelibus
991 2004 1142 2045 dilectis,
1161 2003 1316 2048 gratiam
1333 2015 1434 2038 suam
1451 2006 1485 2038 et
1502 2015 1607 2039 omne
1624 2005 1767 2039 bonum.

362 2060 555 2094 Commisso
572 2060 673 2094 nobis
690 2060 838 2094 coelitus
862 2059 1058 2102 imperialis
1073 2059 1183 2093 officii
1199 2058 1387 2103 regimine,
1406 2059 1464 2093 cui
1490 2059 1597 2093 dante
1613 2059 1765 2094 Domino
1781 2059 1934 2095 feliciter

316 2115 567 2158 praesidemus,
583 2115 768 2159 signanter
780 2115 948 2148 adversus
965 2114 1081 2148 hostes
1095 2114 1177 2148 fidei
1193 2118 1229 2148 ct
1245 2113 1497 2148 exterminium
1514 2113 1717 2149 haereticae
1732 2113 1930 2158 pravitatis,

315 2181 376 2203 nos
393 2170 493 2204 dcc-et
509 2170 607 2203 illam
625 2169 814 2204 sollicitam
839 2180 962 2202 curam
980 2180 1169 2212 apponere,
1197 2180 1261 2211 per
1285 2180 1391 2211 quam
1416 2169 1634 2204 orthodoxae
1655 2168 1738 2204 fidei
1761 2180 1931 2214 augmen-

313 2228 408 2258 tetur
434 2224 621 2259 sinceritas
647 2228 682 2259 et
713 2224 892 2267 quaelibet
918 2224 1033 2258 eidem
1065 2223 1247 2258 contraria
1277 2224 1375 2258 velut
1401 2223 1535 2258 zizania
1561 2224 1605 2258 de
1628 2223 1751 2259 tritico
1773 2224 1933 2259 totaliter

314 2279 524 2314 evellantur.

356 2333 449 2368 Sane
480 2345 561 2367 cum
592 2333 637 2368 ad
668 2334 948 2368 succurrendum
977 2333 1180 2368 animarum
1212 2328 1411 2376 periculum
1442 2332 1684 2368 sanctissimus
1715 2332 1754 2367 in
1786 2332 1928 2369 Christo

317 2392 417 2432 pater
436 2393 470 2423 et
493 2388 658 2423 dominus
682 2393 801 2423 noster
822 2389 988 2424 dominus
1010 2389 1205 2434 Gregorius
1222 2400 1313 2432 papa
1329 2389 1539 2423 undecimus
1554 2388 1763 2432 religiosum
1779 2388 1929 2423 fratrem

316 2444 515 2479 ,Iohannem
546 2444 589 2478 de
621 2445 770 2485 Boland,
804 2445 940 2479 ordinis
967 2444 1267 2488 praedicatorum,
1298 2444 1522 2488 capellanum
1554 2446 1715 2478 nostrum
1742 2442 1925 2484 dilectum,

311 2500 477 2540 instituit,
497 2499 677 2534 ordinavit
700 2503 735 2534 et
762 2499 846 2534 fecit
870 2499 1118 2542 inquisitorem
1135 2498 1336 2534 haereticae
1359 2498 1547 2542 pravitatis
1568 2509 1633 2542 per
1657 2498 1924 2539 Treverensem‚

313 2555 559 2590 Coloniensem
586 2559 621 2590 et
647 2554 879 2589 Leodiensem
901 2554 1090 2596 dioeceses,
1117 2558 1223 2598 prout
1249 2553 1317 2588 hoc
1344 2552 1559 2598 apostolicae
1586 2553 1712 2588 literae
1739 2553 1926 2588 manifeste

352 2734 395 2773 (1)
420 2733 542 2768 Zooals
558 2732 734 2768 Mosheim
758 2733 839 2768 doet
862 2731 1068 2777 opmerken,
1094 2735 1189 2767 moet
1213 2731 1274 2767 het
1297 2731 1380 2768 stuk
1404 2731 1474 2767 ook
1496 2734 1548 2767 tot
1571 2730 1639 2766 den
1662 2727 1923 2774 aarstbisschop

307 2797 375 2821 van
391 2788 528 2822 Keulen
541 2800 585 2823 en
599 2793 649 2823 tot
666 2789 734 2823 den
751 2788 915 2832 hisschop
928 2800 998 2822 van
1011 2787 1106 2823 Luik
1122 2789 1191 2830 zijn
1207 2787 1349 2832 gericht
1364 2789 1528 2831 geweest.
1547 2800 1564 2814 u
1579 2786 1757 2822 Videntur
1771 2785 1832 2820 hic
1849 2801 1865 2815 n
1878 2803 1922 2810 —-

304 2851 381 2886 zegt
408 2842 457 2885 hij
486 2848 520 2878 te
547 2843 648 2879 recht
671 2844 748 2885 (blz.
775 2846 849 2885 389,
880 2846 976 2886 noot)
999 2861 1042 2868 -—
1067 2858 1082 2871 u
1109 2842 1399 2886 archiepiscopus
1427 2841 1648 2877 Coloniensis
1675 2844 1710 2876 et
1735 2840 1921 2885 episcopus

302 2898 506 2933 Leodiensis
524 2900 707 2943 scriptoris
723 2899 811 2935 vitio
829 2911 903 2934 esse
926 2898 1059 2934 omissi.
1079 2898 1168 2940 Quis
1192 2898 1287 2932 enim
1305 2898 1444 2933 dubitet
1459 2897 1565 2933 etiam
1580 2897 1645 2932 hos
1667 2896 1920 2941 imperatorem

303 2953 542 2996 compellasse,
559 2965 668 2997 quum
681 2954 727 2990 ad
738 2965 863 2990 eorum
876 2964 1017 2998 quoque
1033 2952 1255 2998 provinciam
1268 2963 1380 2989 novus
1398 2951 1459 2989 hic
1473 2951 1666 2996 inquisitor
1679 2949 1885 2996 legaretur?
1900 2965 1916 2982 n
