2097 3466
801 233 933 268 ANNO
960 235 1059 268 1255
1686 235 1746 268 127

118 326 318 362 haereticos
333 325 378 361 ad
393 326 644 370 extirpandum
662 326 704 360 de
722 337 834 369 regno
851 326 927 370 ipso
943 328 1091 371 ejusque
1105 323 1271 359 districtu
1285 323 1503 358 haereticam
1520 324 1746 368 pravitatem,

118 381 274 426 exceptis
286 381 392 416 terris
408 381 530 417 dilecti
548 381 613 416 tilii
633 381 763 416 nobilis
786 381 855 415 viri
879 381 1035 416 Pictavii
1052 383 1087 415 et
1104 379 1255 414 Tolosae
1280 378 1433 418 comitis,
1453 378 1489 412 in
1514 379 1644 422 quibus
1665 379 1748 414 fidei

117 436 303 482 negotium
316 436 422 471 certis
435 435 594 480 personis
607 435 813 480 specialiter
823 438 878 470 est
893 435 1135 475 commissum,
1147 434 1213 468 sub
1226 445 1287 477 spe
1301 433 1474 467 mercedis
1487 437 1654 468 aeternae
1667 433 1751 468 totis

117 494 336 526 assumentes
352 491 550 531 affectibus,
566 490 617 524 sic
631 490 826 525 efficaciter
841 489 1007 534 prosequi
1025 489 1207 529 studeatis,
1225 492 1263 522 ut
1282 499 1344 532 per
1360 487 1598 522 solicitudinis
1613 491 1751 523 vestrae

116 545 345 590 prudentiam
369 546 413 580 de
430 545 590 589 predicto
614 557 726 589 regno
750 557 793 580 ac
816 547 893 589 ejus
909 545 1074 580 districtu
1101 543 1204 578 radix
1227 542 1428 587 iniquitatis
1453 543 1656 578 haereticae
1671 555 1750 577 suc·

117 600 260 635 cidatur
281 604 317 636 et
340 599 445 635 vinea
473 600 629 641 Domini,
648 600 895 635 exterminatis
922 599 1121 644 vulpeculis
1148 610 1239 642 quae
1264 598 1439 642 perversis
1455 599 1615 633 moribus
1631 599 1747 633 demo-

115 655 257 691 liuntur
271 656 433 696 eandem,
452 656 590 689 fruetus
615 656 741 690 afferat
757 655 956 690 catholicae
972 653 1150 698 puritatis,
1171 653 1342 688 facientes
1369 653 1469 688 vobis
1493 658 1685 697 quaternos
1712 658 1749 688 et

115 709 188 744 alia
203 709 348 754 scripta,
367 710 405 745 in
430 709 559 754 quibus
587 710 838 754 inquisitiones
866 711 982 745 factae
999 713 1124 745 contra
1140 708 1340 744 haereticos
1356 711 1392 743 et
1413 720 1598 752 processus
1621 711 1747 743 contra

114 763 209 808 ipsos
225 765 339 800 habiti
365 765 607 807 continentur,
626 778 647 800 a
664 765 883 809 quibuslibet
907 765 1153 801 detentoribus
1177 763 1366 809 assignari.
1395 763 1432 798 Si
1450 776 1537 808 quos
1561 768 1681 799 autem
1705 765 1749 799 de

113 819 291 863 pravitate
308 819 491 864 praedicta
509 820 706 864 culpabiles
723 820 934 855 inveneritis
946 820 1003 854 vel
1031 819 1182 854 infectos
1208 830 1269 853 seu
1283 818 1392 853 etiam
1405 818 1608 860 infamatos,
1623 822 1750 854 contra

113 874 220 919 ipsos,
239 875 308 910 nisi
332 875 526 911 examinati
544 876 706 911 absolute
722 876 834 911 velint
850 875 1028 911 mandatis
1051 875 1223 910 ecclesiae
1246 874 1403 916 obedire,
1422 887 1560 910 necnon
1577 879 1612 910 et
1628 887 1752 920 recep-

112 932 258 972 tatores,
287 931 490 966 defensores
525 934 560 966 et
594 932 751 966 fautores
784 943 921 972 corum,
949 933 1056 975 juxta
1079 931 1281 966 sanctiones
1305 930 1507 972 canonicas,
1533 930 1749 967 auctoritato

113 985 326 1028 apostolica,
370 986 558 1021 hominum
597 991 694 1022 metu
733 987 856 1022 divino
892 987 1013 1022 timori
1050 986 1260 1031 postposito,
1303 987 1494 1030 procedere
1533 987 1744 1031 procuretis,

114 1038 281 1075 invocato
309 1041 354 1075 ad
382 1041 461 1082 hoc,
494 1041 523 1076 si
560 1053 648 1086 opus
679 1042 799 1082 fuerit,
833 1042 970 1077 auxilio
1002 1042 1141 1076 brachii
1173 1041 1362 1083 secularis,
1393 1042 1673 1076 contradictores
1714 1046 1749 1077 et

114 1096 264 1131 rebelles
291 1108 355 1140 per
385 1108 555 1132 censuras
577 1097 848 1138 ecclesiasticas,
878 1097 1118 1141 appellatione
1147 1097 1352 1141 postposita,
1373 1097 1649 1140 eompescendo;
1675 1109 1746 1131 non

114 1151 339 1186 obstantibus
355 1152 536 1196 aliquibus
560 1152 675 1187 literis
698 1153 743 1187 ad
767 1164 998 1197 quoscunque
1021 1153 1110 1187 alios
1140 1152 1309 1196 (exceptis
1333 1152 1494 1186 locorum
1517 1152 1749 1194 dioecesanis)

115 1218 224 1252 super
235 1207 442 1252 hujusmodi
460 1208 604 1253 negotio
620 1209 665 1243 ab
682 1208 878 1252 apostolica
894 1209 975 1243 sede
991 1208 1150 1249 directis,
1169 1220 1258 1251 quas
1274 1207 1489 1242 auctoritate
1506 1207 1747 1251 praesentium

115 1272 342 1305 revocamus;
372 1274 437 1297 nec
469 1265 589 1298 tamen
620 1266 807 1306 praetextu
835 1262 1097 1297 commissionis
1128 1262 1333 1306 specialiter
1359 1262 1493 1296 eisdem
1528 1261 1749 1297 dioecesanis

111 1327 220 1360 super
252 1317 321 1352 hoc
343 1318 459 1352 factae
486 1329 689 1361 processum
718 1321 876 1353 vestrum
904 1317 943 1352 in
973 1317 1182 1353 eorumdem
1214 1317 1422 1351 civitatibus
1457 1319 1493 1351 et
1524 1316 1747 1352 dioecesibus

112 1373 279 1407 volumus
302 1373 482 1417 impediri.
498 1374 573 1408 Nec
589 1385 654 1417 per
669 1373 737 1408 hoc
754 1374 849 1417 quod
862 1373 945 1408 fidei
971 1373 1157 1418 negotium
1175 1373 1394 1417 generaliter
1410 1372 1448 1406 in
1461 1373 1621 1416 praefato
1634 1384 1747 1417 regno

111 1428 214 1463 vobis
229 1427 499 1467 committimus,
517 1428 787 1463 commissiones
816 1440 838 1462 a
866 1429 1027 1472 praefata
1053 1428 1135 1462 sede
1161 1427 1246 1471 ipsis
1270 1427 1394 1468 factas
1411 1426 1440 1460 si
1464 1427 1585 1461 forsan
1600 1427 1748 1462 illarum

111 1494 174 1518 seu
191 1482 376 1518 ordinaria
392 1483 505 1517 velint
521 1483 736 1518 auctoritate
748 1483 953 1527 procedere,
973 1482 1192 1518 intendimus
1210 1494 1390 1517 revocare.
1412 1481 1450 1516 Si
1475 1493 1559 1516 vero
1575 1481 1689 1525 aliqui
1703 1494 1747 1517 ex

114 1537 307 1573 haereticis
322 1537 420 1581 ipsis,
436 1537 619 1573 haeretica
631 1538 710 1572 labe
724 1537 865 1582 penitus
880 1539 1058 1583 abjurata,
1074 1537 1192 1572 redire
1208 1537 1389 1572 voluerint
1404 1537 1449 1571 ad
1466 1536 1744 1572 ecclesiasticam

112 1593 306 1634 unitatem,
344 1592 396 1628 eis
428 1594 535 1638 juxta
573 1593 727 1627 formam
765 1593 937 1628 eeclesiae
975 1591 1210 1627 absolutionis
1249 1591 1464 1627 beneficium
1502 1591 1747 1635 impendentes

110 1649 312 1694 injungatis
327 1649 472 1689 eisdem,
493 1648 588 1692 quod
604 1647 749 1692 injungi
778 1647 910 1682 talibus
939 1647 1142 1689 consuevit3
1160 1646 1304 1690 proviso
1329 1647 1489 1688 solerter,
1508 1658 1552 1681 ne
1575 1646 1745 1682 simulata

112 1704 344 1739 conversione
360 1704 509 1739 redeant
524 1703 774 1738 fraudulenter
790 1703 835 1736 ad
851 1703 1026 1737 vomitum
1042 1705 1078 1737 et
1093 1713 1155 1736 vos
1171 1701 1281 1736 immo
1298 1701 1416 1745 potius
1433 1701 1565 1745 seipsos
1581 1702 1745 1736 fallentes

111 1759 177 1793 sub
193 1758 279 1803 agni
307 1758 425 1802 specie
447 1762 576 1804 gerant
592 1759 729 1803 lupum.
750 1758 799 1793 Ut
826 1770 913 1803 ergo
941 1758 1122 1793 commissi
1149 1757 1249 1792 vobis
1276 1757 1385 1792 officii
1413 1757 1573 1792 debitum
1598 1757 1748 1792 liberius

112 1813 352 1857 exequamini,
378 1813 625 1849 committendi
664 1813 864 1855 citationes,
895 1813 1040 1849 testium
1063 1812 1358 1854 examinationes
1378 1824 1460 1847 eum
1488 1813 1531 1847 de
1562 1812 1744 1856 praedicto

112 1869 264 1905 erimine
287 1881 330 1904 ae
352 1869 465 1914 ipsius
489 1870 769 1906 circumstantiis
792 1870 968 1905 duxeritis
984 1870 1253 1913 inquirendum,
1272 1873 1307 1905 et
1323 1870 1583 1905 sententiorum
1607 1870 1742 1905 denun-

111 1925 290 1966 tiationes,
320 1936 409 1969 quas
439 1925 477 1960 in
504 1925 682 1970 quoslibet
708 1926 776 1960 hac
803 1926 847 1961 de
878 1937 986 1960 causa
1013 1925 1181 1967 tuleritiS,
1211 1926 1354 1969 plenam
1381 1925 1483 1960 vobis
1514 1924 1744 1960 concedimus

112 1980 330 2021 facultatem,
346 1992 417 2016 non
430 1981 604 2019 obstante.
623 1980 653 2015 si
670 1980 848 2025 religiosis
861 1981 1091 2024 quibuslibet,
1108 1981 1203 2024 quod
1227 1991 1419 2015 causarum
1440 1980 1497 2015 vel
1513 1979 1742 2024 negotiorum

112 2035 379 2070 commissiones
392 2035 540 2070 minime
553 2039 755 2076 teneantur,
774 2035 964 2079 suscipere,
984 2035 1150 2079 quodque
1166 2035 1471 2070 excommunicari
1495 2035 1551 2070 vel
1576 2033 1746 2070 interdici

113 2093 177 2125 aut
189 2090 356 2134 suspendi
374 2093 564 2134 nequeant,
591 2102 612 2124 a
639 2091 722 2125 sede
748 2090 944 2134 apostolica
968 2090 1014 2125 sit
1041 2090 1234 2125 indultum.
1267 2090 1335 2125 Sed
1367 2091 1452 2134 quia
1479 2090 1517 2125 in
1540 2093 1613 2125 tam
1644 2088 1749 2134 gravi

112 2144 264 2180 crimine
279 2157 361 2180 cum
375 2146 488 2181 multa
501 2149 641 2189 oportet
657 2146 798 2181 cautela
814 2146 970 2189 procedi,
990 2149 1029 2181 ut
1046 2146 1083 2180 in
1100 2158 1178 2181 reos
1194 2146 1270 2182 sine
1294 2146 1370 2182 ullo
1394 2145 1599 2190 proferatur
1621 2155 1744 2179 errore

112 2199 224 2234 durae
239 2211 281 2234 ac
297 2200 430 2244 dignae
453 2202 622 2236 severitas
640 2201 798 2242 ultionis,
817 2201 982 2235 volumus
995 2204 1030 2236 ct
1048 2202 1270 2242 mandamus,
1289 2205 1330 2236 ut
1346 2212 1408 2236 vos
1424 2201 1480 2235 vel
1504 2212 1592 2244 quos
1607 2200 1652 2234 ad
1676 2199 1746 2234 hoc

111 2254 287 2289 duxeritis
302 2255 534 2299 deputandos,
554 2255 590 2289 in
614 2255 879 2290 examinatione
903 2255 1059 2296 testium,
1079 2267 1166 2299 quos
1193 2255 1305 2300 recipi
1333 2267 1440 2300 super
1463 2255 1615 2289 crimine
1643 2266 1744 2299 prae-

111 2308 208 2343 dicto
240 2309 428 2354 ipsumque
455 2310 747 2355 contingentibus
775 2309 986 2354 oportuerit,
1013 2310 1214 2345 adhibeatis
1244 2311 1344 2345 vobis
1376 2311 1466 2345 duas
1494 2309 1680 2354 religiosas
1710 2313 1747 2345 et

111 2363 283 2398 discretas
316 2376 495 2408 personas,
528 2366 593 2400 sub
625 2377 778 2409 quarum
814 2365 1015 2409 praesentia
1041 2377 1106 2410 per
1136 2366 1232 2400 viros
1263 2366 1408 2401 idoncos
1435 2365 1589 2400 fideliter
1618 2376 1744 2400 eorum

111 2418 255 2453 testium
272 2419 432 2462 deposita
448 2419 733 2454 conscribantur.
762 2420 928 2454 Ceterum
952 2431 1034 2454 cuni
1058 2419 1171 2463 aliqui
1196 2419 1330 2455 fuerint
1348 2420 1538 2464 judicandi
1570 2418 1743 2453 haeretici

111 2473 168 2508 vel
192 2472 487 2509 incarcerationis
504 2485 617 2518 poena
638 2478 830 2518 perpetuae
846 2474 956 2509 alicui
979 2486 1044 2518 pro
1068 2473 1274 2518 hujusmodi
1292 2474 1443 2509 crimine
1467 2473 1676 2518 infligenda,
1695 2474 1741 2508 ad

111 2527 148 2562 id
175 2529 219 2563 de
245 2528 538 2564 dioecesanorum
563 2530 619 2564 vel
648 2529 867 2563 vicariorum
896 2541 1061 2570 suorum,
1091 2529 1121 2563 si
1153 2529 1238 2573 ipsi,
1271 2529 1491 2564 dioecesanis
1522 2529 1740 2570 absentibus,

112 2587 314 2627 praesentes
330 2584 476 2623 fuerint,
503 2584 653 2619 consilio
681 2584 892 2628 procedatis,
911 2587 950 2619 ut
975 2584 1011 2618 in
1029 2588 1148 2619 tantae
1172 2584 1492 2620 animadversionis
1509 2584 1651 2628 judicio
1668 2595 1740 2618 non

111 2639 354 2682 postponenda
368 2639 576 2683 pontificum
590 2638 786 2674 auctoritas
804 2639 1012 2674 intercedat.
1030 2639 1164 2674 Verum
1182 2643 1220 2674 ut
1244 2639 1427 2683 praedicta
1451 2638 1591 2683 possitis
1617 2639 1741 2674 utilius

111 2696 147 2728 et
161 2693 310 2728 liberius
326 2706 503 2735 exercere,
519 2695 619 2729 vobis
636 2694 814 2738 largiendi
831 2693 961 2738 viginti
979 2694 1034 2729 vel
1051 2694 1293 2739 quadraginta
1305 2695 1445 2730 dicrum
1462 2694 1738 2739 indulgentiam,

112 2748 250 2791 quoties
265 2752 507 2792 opportunum
531 2748 704 2789 videritis,
724 2749 889 2783 omnibus
907 2748 1172 2792 poenitentibus
1195 2754 1231 2784 et
1247 2750 1427 2791 confessis,
1446 2751 1507 2794 qui
1524 2751 1569 2785 ad
1585 2755 1740 2786 vestram

112 2804 405 2839 convocationem
430 2808 575 2848 propter
601 2804 669 2838 hoc
698 2803 911 2845 faciendam,
929 2804 1156 2845 accesserint,
1177 2805 1317 2848 plenam
1346 2809 1469 2840 tenore
1501 2805 1741 2850 praesentium

112 2859 340 2893 concedimus
368 2860 588 2894 facultatem.
617 2858 726 2893 Vobis
751 2858 927 2903 siquidem
955 2870 1020 2903 pro
1043 2858 1250 2903 hujusmodi
1276 2861 1420 2905 negotio
1443 2861 1690 2895 laborantibus
1707 2864 1743 2895 et

112 2915 278 2950 omnibus
309 2915 545 2958 personaliter
575 2914 674 2950 vobis
706 2913 951 2950 assistentibus
979 2913 1017 2949 in
1041 2915 1177 2957 eodem,
1211 2915 1312 2951 illam
1344 2919 1573 2959 peecatorum
1597 2916 1739 2952 veniam
