2097 3466
305 259 368 292 21ss
969 257 1101 294 ANNO
1128 259 1227 294 1369

305 356 370 389 sub
388 353 587 397 privatione
604 356 802 388 vestrorum
821 354 1107 398 privilegiorum,
1120 354 1273 400 jurium,
1297 354 1509 399 gratiarum,
1536 355 1754 397 libertatum,
1772 355 1802 390 si
1824 366 1923 393 man-

304 411 387 444 data
406 412 524 443 nostra
542 409 664 442 omnia
680 412 714 443 et
730 410 873 453 singula
890 421 960 443 non
978 410 1189 444 curaveritis
1205 409 1354 454 implere
1370 422 1451 445 eum
1468 411 1594 446 effectu
1611 423 1618 445 z

349 466 532 506 Quatenus
550 463 587 498 in
604 463 829 508 recipiendis,
848 465 1033 509 exigendis
1048 465 1253 510 hujusmodi
1278 465 1380 500 libris
1400 466 1600 511 vulgariter
1623 465 1775 510 scriptis,
1793 469 1923 503 tracta-

302 521 410 559 tibus,
430 518 665 559 sermonibus,
685 520 880 563 quaternis,
907 519 1053 561 eedulis,
1080 520 1262 555 codicibus
1278 523 1313 555 et
1329 521 1547 565 quibuslibet
1570 521 1787 563 hominibus,
1806 524 1923 566 cujus-

303 585 456 617 cumque
473 576 586 608 status
598 573 762 612 existant.
778 578 813 609 et.
825 574 1001 617 quoslibet
1014 575 1102 609 alios
1115 575 1225 610 libros
1238 587 1451 619 quocunque
1464 577 1568 611 modo
1581 577 1731 620 scriptos
1744 579 1924 621 suspectos

303 631 347 665 de
375 629 558 664 erroribus
585 629 622 663 in
651 629 871 664 continentia
898 630 1112 671 haeresium,
1142 632 1186 666 de
1217 631 1346 675 quibus
1377 631 1478 666 libris
1509 632 1648 666 occasio
1679 632 1922 675 praedicandi,

303 685 453 719 docendi
471 695 610 719 errores
626 684 814 728 accipitur,
834 696 897 728 per
914 686 1104 720 nonnullos
1120 685 1323 720 animarum
1340 687 1553 728 seductores,
1574 698 1637 730 per
1660 686 1921 731 inquisitorem,

301 740 532 784 inquisitores
559 751 620 774 seu
648 751 773 774 eorum
801 740 954 774 vicarios
980 743 1053 774 tam
1081 752 1102 775 a
1128 741 1289 784 personis
1316 742 1537 776 secularibus
1563 744 1599 776 et
1625 741 1864 785 regularibus,
1889 745 1926 778 et

303 795 458 830 maxime
485 805 507 828 a
533 794 655 838 laycis,
683 795 890 837 praesertim
920 807 1002 829 eum
1029 796 1140 839 laycis
1167 796 1354 839 utriusque
1381 808 1484 831 sexus
1511 797 1706 831 secundum
1735 796 1925 831 canonicas

301 848 503 883 sanctiones
534 849 641 883 etiam
673 849 775 883 libris
802 850 1013 891 vulgaribus
1044 850 1327 894 quibuscumque
1354 851 1397 885 de
1424 862 1526 885 saera
1557 851 1737 895 scriptura
1766 851 1820 886 uti
1852 842 1924 887 non

301 903 420 942 liceat,
439 903 706 945 examinandos,
725 916 769 939 ne
786 916 849 948 per
864 906 957 939 male
973 905 1154 940 intellecta
1170 906 1394 940 deducantur
1416 906 1454 940 in
1470 905 1647 941 haeresim
1671 906 1728 941 vel
1750 917 1921 947 errorem,

300 958 601 1002 quemadmodum
632 959 736 993 multi
769 959 950 1003 Beghardi
975 962 1010 994 et
1035 960 1220 1003 Beghinae
1251 960 1307 994 his
1337 961 1568 1004 temporibus,
1603 961 1694 1004 proh
1725 961 1850 996 dolor!
1884 960 1923 995 in

299 1024 439 1047 errores
465 1016 500 1048 et
525 1013 688 1048 haereses
715 1017 797 1048 sunt
821 1015 1024 1057 perductae,
1054 1014 1227 1049 assistatis
1254 1015 1387 1049 eisdem
1416 1015 1701 1059 inquisitoribus,
1731 1014 1923 1050 consilium

296 1070 331 1101 et.
354 1068 511 1101 favorem
535 1067 619 1101 totis
642 1067 779 1102 viribus
805 1069 1012 1113 devotisque
1040 1069 1218 1104 mentibus
1241 1069 1436 1104 efficaciter
1459 1070 1684 1113 impendatis,
1711 1070 1861 1105 rebelles
1885 1071 1924 1105 et

297 1122 540 1156 inobedientes
563 1123 628 1156 sub
657 1122 779 1165 poenis
802 1122 897 1157 infra
923 1123 1064 1166 scriptis
1095 1123 1290 1157 seeundum
1321 1124 1452 1167 stylum
1476 1123 1722 1167 Inquisitionis
1753 1126 1789 1159 et
1812 1123 1921 1158 infor-

297 1176 490 1211 mationem
508 1176 760 1219 inquisitorum
771 1189 832 1211 seu
849 1177 1083 1220 inquisitoris,
1094 1178 1303 1221 qualitatem
1320 1181 1354 1213 et
1371 1190 1553 1213 excessum
1570 1179 1732 1214 criminis
1744 1178 1917 1224 puniatis,

297 1234 332 1265 et
356 1231 399 1265 ad
417 1231 738 1274 praesentationem
756 1231 960 1275 hujusmodi
984 1232 1160 1266 librorum
1177 1233 1333 1274 realiter,
1352 1233 1592 1276 appellatione
1607 1236 1643 1269 et
1666 1233 1922 1277 provocatione

296 1289 444 1325 remota,
472 1286 565 1329 ipsos
589 1289 623 1321 et
650 1286 809 1330 ipsorum
833 1287 1028 1330 quemlibet
1051 1287 1273 1331 compellatis
1290 1299 1371 1321 cum
1392 1288 1521 1323 effectu
1538 1290 1751 1323 ceterorum.
1775 1288 1920 1329 Quanto

295 1340 440 1375 divinae
467 1343 556 1374 nutu
581 1341 822 1376 miserationis
848 1342 1051 1386 accepimus
1076 1353 1161 1385 prae
1185 1342 1269 1376 filiis
1298 1342 1487 1377 hominum
1515 1343 1668 1386 gradum
1695 1343 1860 1378 altiorem
1887 1345 1922 1379 et

296 1395 450 1430 feliciter
465 1395 678 1437 obtinemus,
696 1399 796 1431 tanto
813 1398 980 1431 debemus
998 1397 1159 1432 devotius
1175 1397 1328 1441 exequia
1344 1398 1579 1442 gratitudinis
1597 1398 1801 1433 inferentes.

341 1451 378 1484 Si
396 1450 538 1494 quando
556 1450 670 1494 igitur
684 1451 722 1485 in
740 1452 851 1486 nostri
868 1452 1061 1487 maledicos
1078 1452 1234 1487 nominis
1254 1452 1365 1486 nostri
1391 1452 1559 1486 culminis
1582 1452 1782 1487 exardescit
1797 1454 1918 1488 aucto-

297 1506 396 1545 ritas,
422 1506 452 1540 si
476 1507 591 1541 laesae
615 1506 811 1550 majestatis
834 1518 912 1541 reos
939 1506 977 1540 in
999 1506 1159 1550 personis
1176 1518 1301 1541 eorum
1325 1510 1361 1542 et
1383 1507 1581 1541 liberorum
1607 1517 1754 1541 suorum
1778 1506 1920 1541 exhere-

296 1562 440 1597 datione
478 1562 689 1596 damnamus
727 1562 922 1596 secundum
962 1561 1136 1596 canonica
1167 1565 1202 1596 et
1238 1562 1360 1605 legum
1396 1561 1578 1602 instituta,
1618 1561 1732 1597 multo
1774 1559 1920 1605 dignius

289 1618 495 1664 justiusque
522 1620 647 1652 contra
676 1616 740 1651 Dei
770 1617 1083 1660 blasphematores,
1114 1616 1270 1651 nominis
1298 1616 1443 1650 Domini
1471 1616 1583 1650 nostri
1611 1616 1695 1651 Jesu
1724 1615 1857 1651 Christi
1886 1617 1921 1650 et

297 1673 575 1718 gloriosissimae
602 1672 755 1716 virginis
778 1673 903 1707 matris
931 1674 1008 1716 ejus
1034 1673 1174 1707 Mariae
1197 1675 1232 1707 et
1256 1672 1456 1707 catholicae
1481 1672 1563 1706 fidei
1587 1673 1804 1707 detractores
1819 1682 1919 1706 exar-

294 1728 482 1764 deseimus.
503 1728 623 1768 Quare
638 1727 738 1762 vobis
755 1727 920 1762 omnibus
943 1730 978 1762 et
1001 1728 1154 1772 singulis
1181 1727 1400 1771 imponimus
1417 1727 1483 1761 sub
1508 1725 1631 1770 poenis
1654 1726 1749 1760 infra
1765 1725 1917 1769 seriptis,

292 1788 334 1819 nt
362 1783 567 1827 inquisitori
598 1795 640 1818 ac
670 1783 942 1827 inquisitoribus
977 1783 1252 1827 procedentibus
1280 1783 1477 1817 secundum
1508 1783 1640 1826 stylum
1671 1781 1921 1826 Inquisitionis

296 1843 421 1874 eontra
443 1839 614 1873 habentes
638 1840 726 1873 tales
741 1839 863 1880 libros,
883 1839 920 1873 in
937 1839 1067 1882 quibus
1091 1839 1360 1882 blasphematur
1384 1849 1514 1872 nomen
1532 1837 1675 1872 Domini
1700 1837 1812 1872 nost-ri
1835 1837 1920 1872 Jesu

299 1894 432 1929 Christi
455 1896 491 1928 et
505 1893 659 1938 virginis
682 1893 860 1938 gloriosae
876 1893 1001 1928 matris
1016 1895 1093 1937 ejus
1109 1893 1248 1928 Mariae
1265 1895 1300 1928 et
1322 1893 1408 1927 fides
1434 1892 1613 1927 catholica
1635 1891 1921 1927 Christianorum

298 1949 556 1993 vilependitur,
593 1948 822 1983 maledicitur
851 1960 912 1983 seu
952 1948 1236 1991 blasphematur,
1276 1947 1424 1981 realiter
1453 1950 1489 1982 et
1520 1947 1714 1982 efficaciter
1750 1946 1922 1981 assistatis

299 2004 460 2045 consilio,
480 2004 616 2039 auxilio
641 2006 675 2038 et
698 2004 831 2043 favore,
847 2005 887 2037 ut
903 2002 1077 2046 praedicti
1101 2002 1185 2036 libri
1210 2004 1484 2046 praesententur
1499 2004 1534 2036 et
1557 2004 1782 2045 praestentur
1805 2001 1920 2045 inqui-

296 2060 466 2094 sitoribus
482 2060 527 2094 ad
544 2058 825 2093 comburendum
842 2069 907 2101 per
923 2068 1165 2101 quoscumque
1188 2057 1400 2097 habeantur,
1420 2056 1669 2100 possideantur
1685 2059 1719 2092 et
1739 2056 1920 2092 detinean-

295 2118 367 2156 tur,
387 2125 601 2158 quocunque
625 2112 770 2148 nomine
793 2115 1017 2152 censeantur,
1035 2112 1109 2146 sive
1132 2123 1196 2155 per
1211 2112 1230 2146 J
1235 2112 1366 2146 udaeos
1389 2111 1462 2146 sive
1486 2123 1550 2155 per
1564 2112 1677 2146 malos
1702 2110 1922 2146 Christianos

295 2172 359 2204 aut.
375 2169 525 2214 gentiles
541 2181 602 2203 seu
620 2169 709 2203 alios
726 2168 929 2202 incredulos
946 2179 1188 2211 quoscunque,
1207 2170 1245 2201 ut
1269 2167 1326 2201 his
1343 2166 1509 2201 omnibus
1525 2166 1716 2201 destructis
1732 2168 1767 2201 et
1782 2165 1918 2206 deletis,

298 2236 429 2259 nomen
453 2223 598 2258 Domini
622 2222 733 2258 nostri
758 2222 841 2257 Jesu
860 2222 993 2257 Christi
1017 2222 1124 2266 longe
1146 2222 1288 2265 lateque
1311 2221 1535 2265 glorificetur
1558 2223 1593 2256 et
1616 2221 1660 2255 ad
1683 2219 1921 2255 reverentiam

298 2278 494 2323 majestatis
517 2289 603 2312 suae
626 2289 731 2312 omne
758 2289 872 2321 genus
895 2279 1066 2311 curvetur
1092 2275 1310 2316 coelestium,
1334 2275 1559 2310 terrestrium
1583 2277 1618 2310 et
1640 2275 1864 2310 infernorum
1887 2276 1922 2309 et

299 2333 415 2368 omnis
439 2333 568 2377 lingua
584 2333 811 2372 confiteatur,
834 2331 919 2375 quia
936 2331 1109 2366 Dominus
1125 2333 1245 2366 noster
1259 2330 1362 2365 Jesus
1379 2329 1541 2365 Christus
1558 2329 1623 2364 Dei
1639 2328 1735 2363 filius
1750 2330 1785 2363 et
1805 2327 1923 2372 gloria

296 2389 349 2421 est
366 2386 431 2421 Dei
445 2385 570 2430 patris

343 2442 458 2476 Porro
475 2453 519 2475 ne
535 2441 656 2476 debita
672 2441 836 2476 executio
855 2443 1007 2485 ,propter
1022 2441 1200 2476 defectum
1217 2440 1349 2475 notarii
1365 2451 1428 2475 seu
1445 2440 1678 2474 tabellionum
1695 2439 1733 2474 in
1748 2439 1805 2473 his
1825 2441 1860 2474 et
1882 2439 1922 2473 in

297 2496 379 2531 aliis
403 2496 484 2531 fidei
509 2495 662 2540 negotiis
701 2496 918 2539 exequendis
942 2495 1208 2539 quomodolibet
1230 2495 1340 2538 possit
1363 2493 1530 2538 impediri
1554 2505 1615 2528 seu
1640 2493 1828 2534 retardari,
1853 2492 1921 2528 tibi

300 2551 504 2595 inquisitori
521 2551 724 2590 Walthero,
750 2550 933 2585 Ludovico
957 2551 1000 2584 de
1024 2550 1150 2594 Caliga
1174 2553 1208 2585 et
1232 2550 1313 2584 aliis
1336 2550 1475 2584 duobus
1498 2548 1670 2583 fratribus
1700 2559 1764 2592 per
1785 2548 1921 2584 dictum

304 2606 534 2641 VValtherum
570 2605 796 2640 nominandis
831 2617 872 2640 ac
899 2604 1027 2640 ceteris
1053 2605 1327 2648 inquisitoribus
1354 2604 1391 2638 in
1414 2603 1662 2638 Allemanniae
1693 2602 1854 2647 partibus
1879 2614 1923 2637 ae

304 2660 431 2695 vestris
453 2660 714 2696 successoribus
741 2663 776 2695 et
802 2659 882 2694 aliis
910 2659 1182 2703 inquisitoribus
1205 2659 1249 2694 de
1273 2659 1446 2694 Caesarea
1468 2657 1664 2702 majestatis
1688 2660 1830 2692 nostrae
1852 2657 1920 2692 cle-

300 2715 434 2750 mentia
471 2715 509 2749 in
547 2716 706 2750 favorem
738 2714 820 2749 fidei
852 2715 1071 2749 orthodoxae
1109 2713 1338 2748 concedimus
1368 2716 1404 2748 et
1436 2714 1562 2747 damus
1599 2711 1848 2747 auctoritatem
1887 2713 1923 2746 et

301 2769 498 2812 plenariam
534 2773 742 2813 potestatem
770 2769 980 2804 tabelliones
1007 2780 1067 2803 seu
1102 2769 1262 2803 notarios
1289 2768 1450 2811 publicos
1481 2767 1635 2802 faciendi
1663 2777 1727 2810 pro
1762 2765 1921 2809 qualibet

299 2823 432 2858 diocesi
460 2824 607 2859 cuilibet
634 2827 792 2859 vestrum
819 2824 1011 2868 assignata,
1038 2835 1150 2857 unum
1195 2823 1369 2857 duntaxat
1396 2833 1460 2866 pro
1487 2824 1646 2865 tempore
1673 2832 1743 2864 quo
1769 2820 1859 2856 vivit
1885 2823 1921 2856 et

302 2879 487 2914 intendere
503 2882 616 2923 potest
631 2882 666 2914 et
687 2880 776 2917 vult.
795 2882 830 2914 et
854 2881 931 2922 post
952 2879 1021 2913 hoe
1044 2878 1157 2912 alium
1181 2877 1348 2912 similiter
1363 2876 1508 2912 creandi
1531 2878 1567 2911 et
1589 2875 1755 2916 faciendi,
1773 2875 1802 2909 si
1825 2875 1920 2910 diem

304 2934 474 2973 clauserit
496 2940 707 2976 extremum,
726 2935 782 2969 vel
807 2933 896 2968 alios
919 2934 964 2969 ad
991 2933 1236 2973 executionem
1260 2932 1368 2968 officii
1393 2931 1509 2982 ipsum
1537 2929 1698 2981 legitime
1721 2929 1921 2969 constiterit
