2097 3466
811 232 944 269 ANNO
970 234 1041 269 141
1053 234 1070 269 1
1691 235 1754 269 275

126 326 203 372 Ego
219 339 298 362 sum
315 328 472 363 salvator
486 327 686 369 hominum,
705 330 740 363 et
764 339 827 372 per
854 339 910 362 me
938 327 1111 362 videbunt
1139 326 1334 368 Christum,
1360 326 1453 360 sicut
1480 338 1544 370 per
1572 326 1755 362 Christum

126 383 283 418 Patrem.
311 383 379 418 Hic
407 383 488 418 dico
513 383 608 427 quod
633 383 663 417 si
691 383 729 417 in
757 382 824 418 isto
852 383 1130 424 censentiissem,
1149 382 1318 416 seductor
1347 393 1457 416 essem
1486 385 1522 416 et
1552 382 1756 417 contrarius

124 436 311 472 doctrinae
327 437 546 481 catholicae3
565 438 651 483 quia
666 437 892 483 Augustinus
906 438 995 473 dicit
1011 442 1046 473 et
1061 449 1184 472 omncs
1197 436 1366 472 catholici
1379 437 1542 472 doctores
1559 438 1752 478 affirmant,

124 494 266 528 tantum
284 492 466 528 Christum
483 494 560 528 fore
576 494 790 528 salvatorem
807 496 844 528 et
859 496 1017 528 actorem
1034 491 1171 528 salutis.
1192 492 1237 527 Et
1253 503 1438 535 nunquam
1455 491 1561 526 aliter
1577 491 1683 526 docui
1699 492 1755 526 vcl

123 546 314 582 affirmavi.
332 547 422 583 Item
438 548 554 583 eidem
570 548 710 583 delatus
722 560 800 583 sum
814 548 909 592 quod
922 547 1183 592 praedicassem
1196 545 1401 590 opinionem
1415 546 1572 591 Aegidii,
1588 546 1756 582 videlicet

124 603 221 647 quod
250 602 414 638 diabolus
438 603 596 638 finaliter
623 603 833 644 salvabitur,
852 603 913 638 sed
940 605 1027 638 tunc
1054 613 1126 637 non
1149 601 1220 637 erit
1245 601 1410 636 diabolus
1426 604 1461 636 et
1478 601 1755 645 superbissimus

125 657 272 693 Lucifer
286 657 356 693 erit
378 657 606 692 humillimus
622 661 658 693 et
680 658 776 703 quod
793 657 951 693 finaliter
966 669 1089 693 omncs
1112 656 1275 692 homines
1301 657 1550 691 salvabuntur.
1580 655 1647 690 Hic
1674 655 1756 690 dico

124 712 220 756 quod
241 712 312 748 ista
335 712 606 748 contrariantur
628 725 753 748 sacrae
769 713 970 757 scripturae
986 716 1022 747 et
1035 711 1221 748 doctrinae
1238 711 1320 747 fidei
1337 712 1548 753 catholicae,
1564 711 1649 756 quia
1669 710 1754 745 scri-

123 766 244 803 bitur:
268 767 378 803 Ibunt
404 767 430 802 ii
459 767 498 802 in
521 767 633 802 vitam
656 771 853 809 aeternam,
872 767 936 802 alii
963 770 1084 803 autem
1107 766 1146 801 in
1169 767 1291 812 ignem
1308 770 1506 802 aeternum.
1527 766 1565 801 Si
1589 778 1677 811 crgo
1694 777 1757 810 per

124 821 269 856 beatum
294 821 538 866 Augustinum
564 833 679 866 poena
706 823 884 857 malorum
903 826 1018 867 posset
1036 821 1145 863 finiri,
1165 822 1216 856 sic
1240 824 1354 866 potest
1381 825 1415 857 et
1438 821 1557 866 gloria
1581 822 1756 855 bonorum

124 875 236 911 finiri.
269 875 373 917 Quod
405 876 552 912 omnino
583 877 713 912 salsum
744 880 808 912 cst.
843 877 889 912 Et
914 877 953 912 in
979 876 1168 921 evangelio
1199 876 1354 912 dicitur:
1388 877 1469 911 Jam
1491 876 1679 922 judicatus
1705 878 1759 909 cst

123 931 300 967 diabolus.

169 1001 185 1014 «ι
203 986 293 1022 Item
310 987 405 1031 quod
421 987 689 1023 consentiissem
713 988 752 1022 in
775 988 844 1023 hoc
868 987 963 1031 quod
990 986 1155 1022 diabolus
1182 998 1254 1022 non
1276 987 1434 1031 portavit
1451 986 1634 1022 Christum
1651 997 1758 1030 super

124 1041 360 1086 pinnaculum
377 1042 513 1086 templi.
534 1043 603 1077 Hic
627 1044 784 1078 concedo
814 1043 910 1087 quod
935 1043 1005 1077 hoc
1031 1042 1155 1077 audivi
1178 1043 1223 1076 ab
1247 1054 1289 1077 eo
1306 1043 1402 1077 ultra
1425 1042 1614 1077 duodecim
1631 1053 1756 1083 annos,

125 1096 186 1131 sed
204 1097 461 1141 praetendebat
476 1097 725 1142 corporaliter.
747 1099 791 1133 Et
808 1101 996 1142 postquam
1011 1097 1080 1132 hoc
1095 1098 1140 1132 ab
1156 1109 1198 1132 eo
1221 1097 1357 1138 audivi,
1376 1108 1423 1131 an
1448 1097 1686 1142 corporaliter
1702 1097 1758 1132 vel

125 1150 366 1195 spiritualiter
380 1150 498 1196 ipsum
512 1153 669 1197 portavit
681 1153 856 1195 dubitavi,
872 1153 958 1196 quia
969 1152 1248 1187 determinatum
1259 1153 1304 1186 ab
1317 1152 1469 1187 ecclesia
1486 1164 1557 1187 non
1581 1151 1755 1187 intellexi.

171 1220 187 1234 u
205 1205 295 1241 Item
311 1207 451 1242 delatus
467 1211 519 1243 est
541 1207 637 1243 idem
664 1208 841 1252 Aegidius
869 1207 1034 1243 Cantoris
1061 1207 1099 1242 in
1127 1207 1403 1252 quadragesima
1431 1207 1616 1243 lacticinia
1643 1219 1757 1243 come-

124 1260 229 1297 disse.
248 1261 354 1303 Quod
369 1262 459 1297 mihi
473 1265 623 1299 constat.
644 1263 713 1299 Sed
729 1264 824 1308 quod
839 1263 954 1308 aliqui
970 1266 1162 1298 sectatores
1185 1266 1221 1298 et
1236 1262 1441 1298 sectatrices
1457 1264 1535 1307 ejus
1551 1262 1756 1298 continuas-

125 1319 205 1351 sent
220 1328 286 1352 nec
310 1320 440 1352 curant
450 1319 620 1363 jejunare
649 1319 792 1363 quando
819 1318 896 1354 sine
923 1321 1008 1353 nota
1034 1317 1205 1353 exteriori
1232 1318 1419 1353 comedere
1447 1320 1606 1361 possunt,
1624 1317 1693 1352 hoc
1720 1317 1758 1351 in

124 1371 276 1408 veritate
292 1372 377 1408 Jesu
396 1373 530 1409 Christi
547 1385 733 1418 nunquam
750 1375 795 1409 ab
811 1374 934 1418 aliquo
950 1373 1022 1409 alio
1038 1373 1186 1408 homine
1202 1373 1344 1417 percepi
1362 1385 1427 1408 nec
1451 1373 1574 1408 audivi
1597 1385 1758 1417 unquam

123 1427 245 1464 dicere
260 1429 305 1464 de
328 1429 451 1473 aliquo
476 1431 538 1473 qui
566 1441 692 1465 carnes
716 1429 816 1465 feriis
843 1429 950 1465 sextis
977 1430 1126 1465 auderet
1153 1430 1352 1471 comedere,
1371 1429 1457 1473 quia
1483 1430 1527 1464 de
1554 1430 1697 1464 statutis
1723 1432 1759 1464 et

125 1486 160 1519 et
176 1484 375 1528 praeceptis
390 1488 426 1520 et
448 1485 737 1521 ordinationibus
761 1485 933 1520 ecclesiae
956 1496 1028 1520 non
1052 1496 1181 1520 curare
1203 1487 1240 1520 et
1261 1485 1382 1519 dicere
1405 1485 1500 1528 quod
1527 1484 1644 1520 dictus
1672 1484 1759 1519 facit

125 1539 221 1583 quod
236 1539 422 1583 disposuit,
441 1543 476 1575 et
492 1539 572 1575 ideo
589 1552 660 1575 non
682 1552 771 1584 opus
794 1541 951 1575 formare
974 1540 1166 1581 orationes,
1184 1539 1235 1574 sic
1262 1539 1383 1574 dicere
1409 1542 1462 1574 est
1488 1539 1606 1574 facere
1633 1543 1758 1574 contra

124 1592 273 1628 ductum
290 1592 447 1637 Spiritus
464 1593 600 1634 Sancti,
620 1594 705 1638 quia
720 1595 764 1629 de
780 1595 891 1629 ductu
917 1593 1073 1638 Spiritus
1090 1593 1213 1630 Sancti
1229 1597 1282 1630 est
1305 1593 1477 1629 ecclesiae
1493 1594 1639 1630 obedire
1649 1596 1758 1638 juxta

124 1647 236 1682 illud:
256 1647 399 1683 Subditi
415 1652 526 1684 estote
542 1649 640 1684 omni
657 1649 837 1685 humanae
853 1652 1041 1684 creaturae
1057 1652 1202 1693 propter
1226 1650 1353 1684 Deum.
1373 1648 1444 1684 Sed
1470 1649 1500 1683 si
1527 1649 1617 1685 tales
1641 1649 1755 1694 aliqui

123 1706 219 1745 sunt,
236 1703 375 1748 decepti
392 1708 486 1740 sunt.
505 1705 594 1740 Item
611 1706 707 1750 quod
730 1717 802 1740 non
826 1708 956 1740 curant
982 1706 1026 1740 de
1053 1705 1285 1747 confessione,
1304 1706 1365 1740 sed
1392 1705 1509 1740 solum
1535 1706 1582 1740 ad
1609 1717 1754 1750 praeca—

119 1757 276 1792 vendum
304 1757 510 1793 vexationes
538 1760 730 1794 ostendunt
756 1772 792 1794 se
813 1760 1029 1804 quandoque
1055 1759 1233 1794 sacerdoti
1262 1759 1420 1794 venialia
1450 1761 1666 1802 confitendo,
1692 1761 1753 1796 scd

119 1811 288 1847 mortalia
305 1812 433 1857 gravia
449 1813 535 1857 ipsis
551 1814 764 1849 intulerunt.
781 1814 886 1855 Quod
901 1814 969 1849 hoc
986 1814 1116 1848 falsum
1131 1818 1184 1849 est
1199 1814 1242 1849 de
1258 1825 1411 1858 persona
1426 1826 1517 1857 mea,
1537 1815 1657 1850 sciunt
1672 1827 1751 1859 per-

118 1866 210 1902 fecte
222 1867 343 1911 plures
359 1868 488 1904 fratres
503 1873 700 1905 conventus
715 1869 798 1904 mei.
823 1869 900 1903 Hoc
917 1868 1024 1904 etiam
1041 1868 1115 1903 scio
1130 1880 1206 1904 esse
1221 1869 1351 1903 falsum
1375 1869 1418 1903 de
1446 1868 1518 1902 illis
1545 1868 1607 1913 qui
1634 1870 1749 1904 solent

118 1921 208 1956 mihi
221 1923 398 1958 confiteri.
417 1923 455 1957 Si
472 1928 592 1959 tamen
607 1924 721 1968 aliqui
737 1925 826 1959 tales
841 1928 936 1966 sunt,
956 1923 1030 1959 ficti
1046 1923 1207 1968 duplices
1223 1927 1306 1959 sunt
1321 1927 1356 1959 et
1371 1923 1522 1968 decepti,
1542 1927 1577 1959 et
1591 1924 1749 1969 Spiritus

119 1975 273 2012 Sanctus
288 1977 384 2021 fugit
398 1978 443 2012 ab
460 1978 511 2012 eis
521 1980 628 2023 juxto
644 1979 735 2013 illud
749 1990 757 2012 :
778 1978 934 2022 Spiritus
949 1978 1098 2022 effugiet
1115 1978 1251 2012 fictum.

163 2046 179 2060 n
197 2031 287 2066 Item
310 2032 509 2068 imitatores
524 2033 632 2078 hujus
647 2038 777 2075 sectae,
796 2036 904 2078 prout
926 2033 1035 2068 delati
1059 2038 1142 2067 sunt
1157 2033 1302 2067 domino
1327 2044 1418 2073 meo,
1438 2033 1596 2078 rigorem
1621 2035 1741 2079 poeni-

116 2086 250 2122 tentiae
265 2099 337 2123 non
353 2088 559 2129 admittunt,
577 2092 737 2124 tenentes
753 2089 848 2133 quod
872 2088 1004 2123 talibus
1029 2099 1100 2122 non
1124 2087 1340 2132 indigemus,
1361 2087 1429 2121 Hic
1450 2087 1550 2122 dico:
1572 2089 1610 2123 Si
1627 2090 1741 2134 aliqui

116 2142 205 2178 tales
220 2147 314 2186 sunt,
334 2143 487 2189 Spiritui
505 2144 636 2180 Sancto
660 2144 834 2179 cont-rarii
855 2148 949 2186 sunt,
968 2143 1030 2188 qui
1055 2144 1249 2188 perfectam
1266 2142 1524 2188 poenitentiam
1541 2144 1580 2179 iu
1596 2145 1741 2182 homine

115 2198 268 2242 perficit.

162 2269 179 2282 n
196 2253 284 2288 Item
301 2256 354 2289 est
377 2254 552 2297 quaedam
575 2254 670 2289 inter
693 2254 861 2290 mulieres
876 2254 1083 2299 hujusmodi
1099 2256 1226 2295 sectae,
1245 2264 1337 2297 quac
1354 2264 1424 2287 non
1441 2253 1617 2297 permittit
1639 2267 1676 2290 se
1697 2257 1742 2291 ab

116 2307 238 2352 aliquo
255 2308 435 2353 cognosci.
456 2309 609 2353 Propter
632 2309 727 2352 quod
742 2310 788 2344 ab
804 2308 885 2343 aliis
908 2308 1113 2353 praedictae
1129 2312 1244 2343 sectae
1262 2308 1393 2342 multas
1410 2308 1546 2351 patitur
1562 2310 1742 2345 molestias

115 2374 195 2398 eam
212 2363 492 2408 increpantibus,
510 2364 605 2408 quod
629 2375 701 2399 non
724 2364 839 2400 utitur
855 2366 938 2399 actu
955 2363 1111 2398 carnalis
1127 2363 1288 2407 copulae.
1300 2362 1398 2398 Istud
1415 2374 1599 2407 nunquam
1617 2376 1738 2408 pervc-

117 2417 171 2454 nit
186 2418 232 2453 ad
247 2429 353 2454 aures
368 2430 476 2453 meas.

163 2489 179 2503 n
203 2473 294 2508 Item
316 2473 475 2508 delatum
501 2477 554 2510 est
580 2475 726 2510 domino
750 2485 828 2509 meo
857 2473 1107 2509 Cameracensi
1134 2473 1230 2516 quod
1257 2472 1430 2517 Aegidius
1459 2473 1568 2508 habet
1594 2475 1741 2511 modum

116 2527 308 2572 specialem
332 2527 496 2570 coeundi,
527 2540 598 2563 non
626 2534 752 2564 contra
778 2532 957 2569 naturam,
987 2528 1084 2572 quali
1113 2527 1202 2562 dicit
1229 2527 1343 2561 Adam
1372 2527 1410 2561 in
1441 2527 1607 2571 paradiso
1635 2530 1743 2566 fuisso

118 2594 222 2618 usum
238 2596 246 2626 3
265 2583 406 2626 qualem
423 2585 568 2618 modum
586 2584 790 2628 praedictus
813 2584 925 2618 frater
941 2583 1162 2618 Wilhelmus
1179 2593 1250 2616 non
1265 2581 1439 2625 sequitur.
1460 2582 1528 2616 Hic
1551 2583 1632 2618 dico
1648 2586 1744 2627 quod

118 2649 244 2673 verum
259 2641 311 2672 est
327 2637 365 2672 in
378 2642 552 2682 quantum
575 2649 632 2672 me
655 2636 784 2681 tangit,
802 2636 888 2671 licet
910 2635 1086 2679 Aegidius
1102 2646 1164 2678 per
1178 2634 1418 2678 suspicionem
1441 2645 1543 2668 suam
1565 2635 1747 2680 aliquibus

119 2692 341 2728 contrarium
365 2691 468 2734 dixit,
495 2692 556 2736 qui
583 2691 692 2726 etiam
716 2691 761 2726 ad
788 2689 1032 2725 innocentiam
1057 2689 1214 2733 paradisi
1238 2700 1422 2733 nunquam
1448 2689 1621 2732 pervenit.
1641 2692 1746 2732 Quod

119 2757 184 2791 per
199 2747 331 2782 samam
347 2751 473 2783 contra
488 2748 624 2782 dictum
642 2746 836 2791 Aegidium
852 2746 1074 2780 laborantem
1092 2745 1199 2779 credo
1216 2755 1353 2778 verum.

165 2818 181 2832 n
198 2802 288 2838 Item
303 2802 419 2838 eidem
435 2803 594 2838 delatum
611 2806 663 2837 est
686 2802 781 2846 quod
803 2801 871 2836 sibi
899 2800 1054 2835 invicem
1078 2800 1212 2834 idioma
1230 2800 1417 2841 fabricant,
1444 2803 1565 2835 actum
1590 2803 1746 2838 carnalis

120 2858 270 2903 copulae
285 2862 416 2894 vocant
437 2857 710 2894 delectationem
728 2854 883 2900 paradisi
908 2855 965 2890 vel
987 2854 1059 2889 alio
1077 2853 1220 2889 nominc
1237 2853 1470 2894 aclivitatem,
1489 2858 1523 2888 et
1540 2853 1590 2888 sic
1614 2855 1658 2890 dc
1682 2857 1745 2891 tali

119 2915 202 2948 actu
233 2912 437 2954 libidinoso,
470 2911 551 2947 aliis
582 2922 654 2946 non
684 2908 982 2954 intelligentibus,
1015 2909 1105 2944 bcnc
1135 2908 1344 2951 loquuntur.
1376 2907 1444 2943 Hic
1474 2909 1556 2945 dico
1583 2911 1679 2954 quod
1708 2912 1745 2948 iu
