2097 3466
752 225 885 260 ANNO
913 227 1028 265 1336,
1057 223 1158 259 1338
1709 224 1772 258 187

523 320 742 365 raadplegen
763 332 770 354 :
796 320 898 359 Moll,
925 317 1294 363 Kerkqeschiedcnis,
1313 317 1391 352 decl
1409 317 1453 358 11,
1474 320 1509 351 3¹·
1528 317 1623 359 stuk,
1643 317 1709 358 blz,
1728 320 1770 353 65

520 387 564 410 en
592 378 645 415 66,
677 375 833 409 alsmede
858 374 983 409 Henne
1007 385 1052 408 en
1079 372 1265 413 Wauters,
1296 372 1462 406 Histoire
1487 371 1531 405 de
1559 371 1768 413 Bruxelles,

523 430 601 464 decl
619 430 645 469 Ι,
665 430 731 464 blz.
750 432 792 464 86
807 441 851 464 cn
869 432 922 463 87.
941 449 984 454 —
1002 430 1057 471 Bij
1076 429 1108 463 J.
1126 428 1296 462 Latonius
1310 439 1354 461 en
1371 428 1403 461 ,1.
1425 426 1653 471 Hoybergius
1669 426 1768 468 (Cor-

520 485 717 525 sendonca,
734 484 799 518 blz.
817 487 858 518 85
872 481 1304 527 01186)k0n1tge11eel‹lit
1319 482 1506 516 uittrcksel
1522 482 1575 516 uit
1590 481 1768 516 Henricus

522 539 565 573 de
583 538 752 574 Pomerio
769 539 941 581 letterlijk
967 550 1067 579 voor,
1086 549 1188 572 maar
1205 537 1484 581 toegesvhroven
1501 548 1570 571 aan
1587 537 1770 572 Johannes

521 605 590 628 van
611 594 793 634 Merhout,
812 606 880 628 vau
900 593 997 628 Dicst
1026 593 1183 635 (midden
1200 592 1264 626 der
1283 594 1337 626 15¹·
1354 593 1478 634 ccuw),
1498 592 1550 625 als
1567 591 1769 636 getrokken

522 649 576 683 uit
591 649 691 683 dicus
715 649 814 683 wcrk
831 661 837 682 :
858 649 938 682 Lib.
961 649 1005 681 de
1022 647 1260 681 mirabilibus
1286 646 1484 688 eventibus,
1503 659 1534 681 c.
1555 649 1628 681 125.
1648 666 1691 671 —
1710 646 1771 681 Uit

520 704 564 738 de
584 703 838 738 Corscndonca
862 703 953 747 giug
978 703 1069 737 later
1091 703 1248 737 dezelsde
1266 702 1380 746 plaats
1396 713 1483 736 over
1499 701 1535 736 in
1554 703 1596 736 Α.
1618 702 1768 746 Heylen,

522 758 752 794 Historia-clm
770 757 853 792 vcrlz
861 758 1063 802 amlelz'nye
1083 757 1250 802 nopencle
1267 757 1314 791 de
1326 757 1485 801 ketterye
1498 756 1566 790 cler·
1582 757 1769 791 Bloemar-

521 814 620 856 cline,
655 816 720 850 blz.
757 817 826 850 5-7.
858 834 902 839 —
935 815 1030 848 Over
1057 815 1125 849 den
1164 812 1480 857 merkwaardigen
1517 811 1696 847 Henricus
1726 813 1770 847 de

523 870 690 906 pomerio
728 872 768 905 of
804 870 966 905 chdrik
1007 870 1087 904 Van
1118 870 1187 905 den
1228 869 1415 914 Bogaerde
1454 869 1647 913 raadplege
1687 880 1768 904 mcn

522 927 620 960 Prof.
648 928 809 969 Acquoy,
837 926 905 960 Hac
930 925 1091 958 lzlooslcr
1114 930 1146 958 te
1170 923 1423 958 IVbzdesheim
1441 935 1485 958 en
1502 924 1579 967 ztjn
1605 923 1765 963 modoad,

520 980 598 1014 deel
621 980 666 1020 ΙΙ,
687 980 733 1014 bl.
753 982 898 1014 ‘214-236
923 991 966 1013 cn
993 981 1067 1013 209.
1085 998 1129 1003 —
1155 978 1217 1013 Uit
1241 978 1414 1013 officieele
1438 978 1647 1012 oorkonden
1678 978 1767 1012 door

519 1036 588 1069 den
626 1035 713 1069 hecr
760 1035 918 1069 Ruelens
953 1034 1103 1069 ontdekt
1146 1046 1210 1068 zou
1252 1033 1528 1068 Bloemaardinc
1567 1031 1765 1068 omstreeks

518 1093 602 1128 133ss
619 1093 653 1126 te
670 1090 814 1125 Brussel
831 1093 1023 1135 gestorven
1041 1093 1122 1134 zijn.

883 1224 1004 1268 190.

194 1352 308 1395 Vo'o'r
344 1364 399 1394 en
435 1365 496 1394 na
538 1351 675 1401 1336,
713 1352 917 1395 Brassel.
958 1350 1196 1394 Uittreksel
1233 1351 1295 1393 uit
1333 1351 1408 1393 het
1442 1350 1763 1405 Necroloyz'zcm

132 1420 297 1463 Vim'dis
323 1422 461 1464 Vallis
487 1435 569 1464 van
593 1421 674 1464 den
698 1421 925 1464 kanuunik
949 1422 1124 1464 Marcus
1143 1420 1364 1477 Mastelijn
1384 1420 1475 1476 (17⁸
1499 1422 1642 1474 eeuw)
1660 1432 1766 1461 over

123 1490 454 1535 Bloemaardine
477 1505 530 1533 en
554 1489 840 1535 Ruusbroec's
864 1491 991 1549 strijd
1015 1494 1149 1547 tegen
1174 1490 1278 1532 hare
1302 1489 1498 1546 ketterij.

515 1616 602 1662 Cap.
632 1617 691 1652 VI.
711 1615 897 1653 Rusbroch
906 1619 963 1650 ius
981 1615 1167 1650 haeresim
1184 1615 1402 1659 consutauit.

168 1698 301 1734 Eodem
319 1702 479 1744 tempore-
495 1711 578 1734 cum
596 1700 754 1735 haeresis
770 1700 947 1744 quaedam
965 1699 1163 1734 liberorum
1181 1697 1375 1742 spirituum
1389 1709 1411 1732 a
1427 1697 1609 1733 Clemente
1623 1697 1724 1740 Papa
1734 1695 1764 1729 V

121 1754 160 1789 in
177 1754 333 1789 concilio
350 1754 546 1790 Viennensi
563 1756 734 1791 damnata
758 1768 832 1790 sese
858 1754 1040 1790 Bruxellis
1058 1754 1231 1789 latissime
1249 1753 1479 1793 diffunderet,
1499 1753 1556 1787 vir
1573 1752 1638 1787 Dei
1655 1752 1764 1786 confi-

120 1810 209 1845 dens
235 1809 273 1844 in
302 1809 468 1851 Domino,
498 1811 594 1854 quod
622 1811 780 1846 charitas
805 1814 839 1846 et
863 1811 957 1845 zelus
983 1809 1078 1844 vires
1105 1808 1434 1849 subministrarent,
1465 1807 1595 1852 impias
1618 1819 1660 1842 ac
1685 1818 1764 1851 por-

121 1866 277 1900 tentosas
307 1864 495 1908 opiniones
525 1868 602 1900 tum
633 1878 732 1907 voce,
766 1869 843 1901 tum
876 1865 1020 1909 scriptis
1058 1863 1274 1899 confutauit.
1310 1863 1440 1898 Extitit
1469 1863 1578 1907 hujus
1606 1861 1766 1897 haeresis

121 1919 387 1965 promulgatrix
417 1921 553 1955 famosa
585 1921 762 1965 quaedam
800 1921 934 1956 mulier
974 1920 1249 1956 Blommardina
1280 1919 1437 1960 nomine,
1471 1930 1562 1963 quae
1591 1922 1764 1962 tanquam

121 1987 234 2011 novae
260 1976 448 2011 doctrinae
474 1977 659 2012 inuentrix
689 1977 870 2013 Bruxellis
894 1977 1103 2011 cathedram
1127 1975 1262 2010 meruit
1284 1978 1507 2019 argenteam,
1526 1986 1569 2009 ex
1592 1986 1663 2018 qua
1685 1985 1764 2009 exe-

120 2031 256 2066 cranda
277 2031 447 2076 dogmata
471 2033 515 2067 de
539 2032 667 2077 spiritu
696 2032 875 2067 libertatis
898 2036 933 2067 et
957 2043 1080 2066 amoro
1104 2042 1269 2070 venereO,
1297 2041 1403 2074 qucm
1433 2029 1510 2073 ipsa
1534 2028 1764 2072 seraphicum

120 2087 336 2131 appellabat,
355 2088 487 2122 docens
518 2087 683 2131 pluribus
708 2086 1030 2122 circumueniebat.
1059 2086 1269 2129 Tantaeque
1293 2083 1553 2119 aestimationis
1570 2084 1665 2127 apud
1681 2095 1764 2118 suos

119 2147 198 2177 erat
213 2142 419 2187 discipulos,
439 2146 480 2178 ut
496 2143 540 2177 ad
559 2143 739 2177 Dominici
757 2143 918 2187 corporis
940 2142 1146 2177 venerabile
1173 2144 1440 2176 sacramentum
1464 2151 1653 2175 accessura
1670 2140 1765 2175 inter

119 2198 209 2232 duos
225 2197 437 2242 seraphinos
453 2197 558 2243 gradi
577 2198 798 2233 crederetur.

469 2272 520 2306 M.
539 2271 766 2312 Mastelinus,
790 2270 1059 2315 Necroloffl'um
1094 2270 1237 2304 Hrz‘dz's
1271 2270 1401 2311 Vallis,
1421 2271 1486 2304 blz.
1506 2273 1560 2305 91.
1578 2289 1622 2295 —-
1646 2270 1763 2306 Reeds

513 2327 744 2372 gedeeltelijk
774 2327 1002 2372 aangehaald
1035 2328 1082 2370 bij
1117 2326 1267 2370 Heern,
1298 2324 1530 2360 Historische
1559 2324 1760 2360 verlzandc·

513 2382 614 2427 linqr:
633 2382 800 2426 nopende
817 2382 862 2416 de
877 2382 1039 2427 kellerye
1052 2382 1119 2415 der
1135 2381 1415 2421 Bloenzarilmo,
1436 2381 1501 2415 blz,
1520 2383 1551 2422 6,
1573 2383 1657 2416 noot
1674 2386 1704 2416 4.
1718 2401 1762 2407 —-

514 2436 697 2479 Mastelijn
729 2437 829 2481 volgt
856 2436 1038 2479 blijkbaar
1064 2436 1125 2471 het
1152 2435 1379 2470 handschrift
1410 2446 1480 2470 van
1513 2436 1692 2484 Henricus
1718 2437 1762 2473 de

515 2492 696 2528 Pomerio.

888 2625 997 2669 191.

182 2754 319 2804 1338,
347 2752 495 2809 April,
528 2753 672 2795 Trier.
696 2752 936 2795 Uittreksel
971 2753 1035 2795 uit
1066 2753 1118 2795 de
1152 2756 1349 2796 statuten
1384 2768 1468 2796 van
1492 2754 1566 2797 het
1589 2754 1763 2810 provin-

117 2824 225 2868 ciaal
258 2822 446 2867 Concilie
469 2835 553 2864 van
579 2821 716 2873 Trier‚
744 2820 973 2878 gehouden
1002 2822 1107 2865 door
1130 2822 1213 2865 den
1242 2822 1566 2879 aartsbisschop
1598 2823 1760 2866 Boude-

115 2893 238 2956 wiJn‚
265 2905 369 2937 over
390 2891 442 2939 de
475 2890 731 2950 Beggarden
764 2905 815 2937 en
850 2890 1010 2935 andere
1039 2891 1224 2937 ketters.
1266 2917 1304 2924 —-
1334 2891 1545 2938 Nieinand
1571 2907 1669 2952 mag
1703 2893 1755 2939 de
