<?xml version="1.0" encoding="UTF-8"?>
<!DOCTYPE html PUBLIC "-//W3C//DTD XHTML 1.0 Transitional//EN"
    "http://www.w3.org/TR/xhtml1/DTD/xhtml1-transitional.dtd">
<html xmlns="http://www.w3.org/1999/xhtml" xml:lang="en" lang="en">
 <head>
  <title>
</title>
<meta http-equiv="Content-Type" content="text/html;charset=utf-8" />
  <meta name='ocr-system' content='tesseract 3.04.00' />
  <meta name='ocr-capabilities' content='ocr_page ocr_carea ocr_par ocr_line ocrx_word'/>
</head>
<body>
  <div class='ocr_page' id='page_1' title='image "./corpusdocumentor01fruoft_0100.png"; bbox 0 0 2097 3466; ppageno 0'>
   <div class='ocr_carea' id='block_1_1' title="bbox 327 236 1329 271">
    <p class='ocr_par' dir='ltr' id='par_1_1' title="bbox 327 236 1329 271">
     <span class='ocr_line' id='line_1_1' title="bbox 327 236 1329 271; baseline -0.003 0"><span class='ocrx_word' id='word_1_1' title='bbox 327 241 367 271; x_wconf 65' lang='lat'>5⁴)</span> <span class='ocrx_word' id='word_1_2' title='bbox 943 236 1073 270; x_wconf 73' lang='lat' dir='ltr'>ANNO</span> <span class='ocrx_word' id='word_1_3' title='bbox 1101 237 1329 269; x_wconf 69' lang='grc'><strong>1133-1184</strong></span> 
     </span>
    </p>
   </div>
   <div class='ocr_carea' id='block_1_2' title="bbox 325 327 1938 446">
    <p class='ocr_par' dir='ltr' id='par_1_2' title="bbox 325 327 1938 446">
     <span class='ocr_line' id='line_1_2' title="bbox 325 327 1938 385; baseline -0.006 -7"><span class='ocrx_word' id='word_1_4' title='bbox 325 334 523 385; x_wconf 82' lang='lat' dir='ltr'>dachten,</span> <span class='ocrx_word' id='word_1_5' title='bbox 560 333 626 375; x_wconf 93' lang='lat' dir='ltr'>die</span> <span class='ocrx_word' id='word_1_6' title='bbox 647 346 729 375; x_wconf 82' lang='lat' dir='ltr'>aan</span> <span class='ocrx_word' id='word_1_7' title='bbox 761 332 813 375; x_wconf 91' lang='lat' dir='ltr'>de</span> <span class='ocrx_word' id='word_1_8' title='bbox 835 335 993 376; x_wconf 80' lang='lat' dir='ltr'>water·</span> <span class='ocrx_word' id='word_1_9' title='bbox 1027 345 1080 374; x_wconf 91' lang='lat' dir='ltr'>en</span> <span class='ocrx_word' id='word_1_10' title='bbox 1103 328 1342 385; x_wconf 82' lang='lat' dir='ltr'>vuurproef</span> <span class='ocrx_word' id='word_1_11' title='bbox 1361 329 1452 371; x_wconf 85' lang='lat' dir='ltr'>niet</span> <span class='ocrx_word' id='word_1_12' title='bbox 1473 327 1645 370; x_wconf 89' lang='lat' dir='ltr'>konden</span> <span class='ocrx_word' id='word_1_13' title='bbox 1669 327 1938 379; x_wconf 85' lang='lat' dir='ltr'>weerstaan,</span> 
     </span>
     <span class='ocr_line' id='line_1_3' title="bbox 326 401 756 446; baseline -0.005 -1"><span class='ocrx_word' id='word_1_14' title='bbox 326 402 502 446; x_wconf 82' lang='lat' dir='ltr'>werden</span> <span class='ocrx_word' id='word_1_15' title='bbox 524 401 756 444; x_wconf 86' lang='lat' dir='ltr'>verbrand.</span> 
     </span>
    </p>
   </div>
   <div class='ocr_carea' id='block_1_3' title="bbox 324 493 1942 758">
    <p class='ocr_par' dir='ltr' id='par_1_3' title="bbox 324 493 1942 758">
     <span class='ocr_line' id='line_1_4' title="bbox 368 493 1941 542; baseline -0.004 -9"><span class='ocrx_word' id='word_1_16' title='bbox 368 499 500 535; x_wconf 85' lang='lat' dir='ltr'>Eodem</span> <span class='ocrx_word' id='word_1_17' title='bbox 516 502 675 542; x_wconf 85' lang='lat' dir='ltr'>tempore</span> <span class='ocrx_word' id='word_1_18' title='bbox 693 497 796 533; x_wconf 88' lang='lat' dir='ltr'>multi</span> <span class='ocrx_word' id='word_1_19' title='bbox 814 497 983 533; x_wconf 86' lang='lat' dir='ltr'>haeretici</span> <span class='ocrx_word' id='word_1_20' title='bbox 1003 497 1178 532; x_wconf 82' lang='lat' dir='ltr'>combusti</span> <span class='ocrx_word' id='word_1_21' title='bbox 1194 499 1278 532; x_wconf 86' lang='lat' dir='ltr'>sunt</span> <span class='ocrx_word' id='word_1_22' title='bbox 1293 496 1331 530; x_wconf 91' lang='lat' dir='ltr'>in</span> <span class='ocrx_word' id='word_1_23' title='bbox 1348 495 1520 530; x_wconf 84' lang='lat' dir='ltr'>Flandria</span> <span class='ocrx_word' id='word_1_24' title='bbox 1534 506 1555 529; x_wconf 86' lang='lat' dir='ltr'>a</span> <span class='ocrx_word' id='word_1_25' title='bbox 1569 494 1771 530; x_wconf 85' lang='lat' dir='ltr'>Guillermo</span> <span class='ocrx_word' id='word_1_26' title='bbox 1788 493 1941 528; x_wconf 83' lang='lat' dir='ltr'>Remen-</span> 
     </span>
     <span class='ocr_line' id='line_1_5' title="bbox 324 548 1940 597; baseline -0.004 -9"><span class='ocrx_word' id='word_1_27' title='bbox 324 555 415 589; x_wconf 85' lang='lat' dir='ltr'>sium</span> <span class='ocrx_word' id='word_1_28' title='bbox 433 553 712 597; x_wconf 80' lang='lat' dir='ltr'>archiepiscopo,</span> <span class='ocrx_word' id='word_1_29' title='bbox 734 553 949 597; x_wconf 84' lang='lat' dir='ltr'>apostolicae</span> <span class='ocrx_word' id='word_1_30' title='bbox 963 553 1054 587; x_wconf 72' lang='lat' dir='ltr'>selis</span> <span class='ocrx_word' id='word_1_31' title='bbox 1070 553 1202 596; x_wconf 80' lang='lat' dir='ltr'>legato,</span> <span class='ocrx_word' id='word_1_32' title='bbox 1217 555 1252 586; x_wconf 89' lang='lat' dir='ltr'>et</span> <span class='ocrx_word' id='word_1_33' title='bbox 1275 564 1295 586; x_wconf 89' lang='lat' dir='ltr'>a</span> <span class='ocrx_word' id='word_1_34' title='bbox 1318 551 1488 594; x_wconf 87' lang='lat' dir='ltr'>Philippo</span> <span class='ocrx_word' id='word_1_35' title='bbox 1506 549 1782 585; x_wconf 83' lang='lat' dir='ltr'>Flandrensium</span> <span class='ocrx_word' id='word_1_36' title='bbox 1798 548 1940 583; x_wconf 78' lang='lat' dir='ltr'>comite.</span> 
     </span>
     <span class='ocr_line' id='line_1_6' title="bbox 326 601 1942 650; baseline -0.005 -6"><span class='ocrx_word' id='word_1_37' title='bbox 326 609 371 644; x_wconf 89' lang='lat' dir='ltr'>Hi</span> <span class='ocrx_word' id='word_1_38' title='bbox 389 609 555 643; x_wconf 80' lang='lat' dir='ltr'>dicebant</span> <span class='ocrx_word' id='word_1_39' title='bbox 570 609 691 643; x_wconf 83' lang='lat' dir='ltr'>omnia</span> <span class='ocrx_word' id='word_1_40' title='bbox 716 613 861 643; x_wconf 80' lang='lat' dir='ltr'>aeterna</span> <span class='ocrx_word' id='word_1_41' title='bbox 879 620 898 642; x_wconf 91' lang='lat' dir='ltr'>a</span> <span class='ocrx_word' id='word_1_42' title='bbox 916 608 989 641; x_wconf 88' lang='lat' dir='ltr'>Deo</span> <span class='ocrx_word' id='word_1_43' title='bbox 1006 612 1137 646; x_wconf 81' lang='lat' dir='ltr'>creata.</span> <span class='ocrx_word' id='word_1_44' title='bbox 1164 618 1294 650; x_wconf 86' lang='lat' dir='ltr'>corpus</span> <span class='ocrx_word' id='word_1_45' title='bbox 1310 610 1429 640; x_wconf 85' lang='lat' dir='ltr'>autem</span> <span class='ocrx_word' id='word_1_46' title='bbox 1452 605 1612 639; x_wconf 89' lang='lat' dir='ltr'>hominis</span> <span class='ocrx_word' id='word_1_47' title='bbox 1627 607 1663 639; x_wconf 89' lang='lat' dir='ltr'>et</span> <span class='ocrx_word' id='word_1_48' title='bbox 1679 603 1801 638; x_wconf 86' lang='lat' dir='ltr'>omnia</span> <span class='ocrx_word' id='word_1_49' title='bbox 1815 601 1942 637; x_wconf 84' lang='lat' dir='ltr'>transi-</span> 
     </span>
     <span class='ocr_line' id='line_1_7' title="bbox 325 658 1942 706; baseline -0.004 -8"><span class='ocrx_word' id='word_1_50' title='bbox 325 664 419 698; x_wconf 84' lang='lat' dir='ltr'>toria</span> <span class='ocrx_word' id='word_1_51' title='bbox 434 676 455 698; x_wconf 79' lang='lat' dir='ltr'>a</span> <span class='ocrx_word' id='word_1_52' title='bbox 468 662 718 706; x_wconf 87' lang='lat' dir='ltr'>Luciabelo(l)</span> <span class='ocrx_word' id='word_1_53' title='bbox 733 666 864 702; x_wconf 80' lang='lat' dir='ltr'>creata,</span> <span class='ocrx_word' id='word_1_54' title='bbox 884 662 1100 706; x_wconf 83' lang='lat' dir='ltr'>baptismum</span> <span class='ocrx_word' id='word_1_55' title='bbox 1116 663 1349 705; x_wconf 81' lang='lat' dir='ltr'>parvulorum</span> <span class='ocrx_word' id='word_1_56' title='bbox 1363 664 1397 695; x_wconf 85' lang='lat' dir='ltr'>et</span> <span class='ocrx_word' id='word_1_57' title='bbox 1414 659 1670 695; x_wconf 85' lang='lat' dir='ltr'>eucharistiam</span> <span class='ocrx_word' id='word_1_58' title='bbox 1688 658 1942 702; x_wconf 82' lang='lat' dir='ltr'>reprobabant,</span> 
     </span>
     <span class='ocr_line' id='line_1_8' title="bbox 325 713 1805 758; baseline -0.005 -5"><span class='ocrx_word' id='word_1_59' title='bbox 325 718 524 753; x_wconf 81' lang='lat' dir='ltr'>sacerdotes</span> <span class='ocrx_word' id='word_1_60' title='bbox 537 717 662 752; x_wconf 84' lang='lat' dir='ltr'>missas</span> <span class='ocrx_word' id='word_1_61' title='bbox 679 717 861 752; x_wconf 85' lang='lat' dir='ltr'>celebrare</span> <span class='ocrx_word' id='word_1_62' title='bbox 885 729 929 751; x_wconf 78' lang='lat' dir='ltr'>ex</span> <span class='ocrx_word' id='word_1_63' title='bbox 946 717 1101 751; x_wconf 81' lang='lat' dir='ltr'>avaritia</span> <span class='ocrx_word' id='word_1_64' title='bbox 1117 720 1151 750; x_wconf 84' lang='lat' dir='ltr'>et</span> <span class='ocrx_word' id='word_1_65' title='bbox 1167 715 1390 750; x_wconf 84' lang='lat' dir='ltr'>oblationum</span> <span class='ocrx_word' id='word_1_66' title='bbox 1404 713 1605 758; x_wconf 82' lang='lat' dir='ltr'>cupiditate</span> <span class='ocrx_word' id='word_1_67' title='bbox 1621 713 1805 748; x_wconf 80' lang='lat' dir='ltr'>dicebant.</span> 
     </span>
    </p>
   </div>
   <div class='ocr_carea' id='block_1_4' title="bbox 673 789 1944 892">
    <p class='ocr_par' dir='ltr' id='par_1_4' title="bbox 673 789 1944 892">
     <span class='ocr_line' id='line_1_9' title="bbox 673 789 1944 836; baseline -0.005 -7"><span class='ocrx_word' id='word_1_68' title='bbox 673 795 877 830; x_wconf 76' lang='lat' dir='ltr'>Chronicon</span> <span class='ocrx_word' id='word_1_69' title='bbox 897 792 1091 829; x_wconf 74' lang='lat' dir='ltr'>Gzcz&#39;llelmi</span> <span class='ocrx_word' id='word_1_70' title='bbox 1119 792 1163 826; x_wconf 82' lang='lat' dir='ltr'>de</span> <span class='ocrx_word' id='word_1_71' title='bbox 1188 792 1337 836; x_wconf 69' lang='lat' dir='ltr'>IVanyis</span> <span class='ocrx_word' id='word_1_72' title='bbox 1367 792 1444 824; x_wconf 83' lang='lat' dir='ltr'>sive</span> <span class='ocrx_word' id='word_1_73' title='bbox 1475 790 1520 824; x_wconf 83' lang='lat' dir='ltr'>de</span> <span class='ocrx_word' id='word_1_74' title='bbox 1544 790 1754 834; x_wconf 70' lang='lat' dir='ltr'>Nanyiaco,</span> <span class='ocrx_word' id='word_1_75' title='bbox 1771 790 1819 834; x_wconf 93' lang='lat' dir='ltr'>bij</span> <span class='ocrx_word' id='word_1_76' title='bbox 1853 789 1944 824; x_wconf 90' lang='lat' dir='ltr'>Dom</span> 
     </span>
     <span class='ocr_line' id='line_1_10' title="bbox 711 845 1452 892; baseline -0.005 -9"><span class='ocrx_word' id='word_1_77' title='bbox 711 850 887 892; x_wconf 84' lang='lat' dir='ltr'>Bouquet,</span> <span class='ocrx_word' id='word_1_78' title='bbox 906 848 1066 888; x_wconf 63' lang='lat' dir='ltr'>Rectam,</span> <span class='ocrx_word' id='word_1_79' title='bbox 1085 847 1164 882; x_wconf 84' lang='lat' dir='ltr'>deel</span> <span class='ocrx_word' id='word_1_80' title='bbox 1180 845 1264 888; x_wconf 87' lang='lat' dir='ltr'>XX,</span> <span class='ocrx_word' id='word_1_81' title='bbox 1283 846 1354 882; x_wconf 88' lang='lat' dir='ltr'>blz.</span> <span class='ocrx_word' id='word_1_82' title='bbox 1371 848 1452 881; x_wconf 82' lang='lat'>741.</span> 
     </span>
    </p>
   </div>
   <div class='ocr_carea' id='block_1_5' title="bbox 1095 978 1179 1023">
    <p class='ocr_par' dir='ltr' id='par_1_5' title="bbox 1095 978 1179 1023">
     <span class='ocr_line' id='line_1_11' title="bbox 1095 978 1179 1023; baseline 0.024 -2"><span class='ocrx_word' id='word_1_83' title='bbox 1095 978 1179 1023; x_wconf 84' lang='lat'>53.</span> 
     </span>
    </p>
   </div>
   <div class='ocr_carea' id='block_1_6' title="bbox 326 1073 1945 1233">
    <p class='ocr_par' dir='ltr' id='par_1_6' title="bbox 326 1073 1945 1233">
     <span class='ocr_line' id='line_1_12' title="bbox 388 1073 1945 1162; baseline -0.004 -10"><span class='ocrx_word' id='word_1_84' title='bbox 388 1107 524 1158; x_wconf 82' lang='lat'>1183,</span> <span class='ocrx_word' id='word_1_85' title='bbox 546 1107 730 1150; x_wconf 73' lang='lat' dir='ltr'>Acrechc</span> <span class='ocrx_word' id='word_1_86' title='bbox 753 1120 808 1150; x_wconf 80' lang='lat' dir='ltr'>en</span> <span class='ocrx_word' id='word_1_87' title='bbox 832 1107 976 1150; x_wconf 72' lang='lat' dir='ltr'>elders</span> <span class='ocrx_word' id='word_1_88' title='bbox 992 1109 1040 1150; x_wconf 77' lang='lat' dir='ltr'>in</span> <span class='ocrx_word' id='word_1_89' title='bbox 1067 1073 1366 1150; x_wconf 67' lang='lat' dir='ltr'>Vlaanderen.</span> <span class='ocrx_word' id='word_1_90' title='bbox 1388 1105 1626 1149; x_wconf 85' lang='lat' dir='ltr'>Uittreksel</span> <span class='ocrx_word' id='word_1_91' title='bbox 1648 1103 1716 1148; x_wconf 84' lang='lat' dir='ltr'>uit</span> <span class='ocrx_word' id='word_1_92' title='bbox 1731 1103 1945 1162; x_wconf 83' lang='lat' dir='ltr'>Meyerus’</span> 
     </span>
     <span class='ocr_line' id='line_1_13' title="bbox 326 1174 1483 1233; baseline -0.001 -13"><span class='ocrx_word' id='word_1_93' title='bbox 326 1178 527 1220; x_wconf 76' lang='lat' dir='ltr'>Annales</span> <span class='ocrx_word' id='word_1_94' title='bbox 549 1176 707 1233; x_wconf 83' lang='lat'>(1561)</span> <span class='ocrx_word' id='word_1_95' title='bbox 730 1190 833 1219; x_wconf 83' lang='lat' dir='ltr'>over</span> <span class='ocrx_word' id='word_1_96' title='bbox 849 1176 1038 1218; x_wconf 87' lang='lat' dir='ltr'>dezelfde</span> <span class='ocrx_word' id='word_1_97' title='bbox 1060 1174 1483 1230; x_wconf 82' lang='lat' dir='ltr'>kettervervolging.</span> 
     </span>
    </p>
   </div>
   <div class='ocr_carea' id='block_1_7' title="bbox 326 1273 1945 1432">
    <p class='ocr_par' dir='ltr' id='par_1_7' title="bbox 326 1273 1945 1432">
     <span class='ocr_line' id='line_1_14' title="bbox 372 1273 1945 1323; baseline -0.003 -9"><span class='ocrx_word' id='word_1_98' title='bbox 372 1280 520 1314; x_wconf 87' lang='lat' dir='ltr'>Invenio</span> <span class='ocrx_word' id='word_1_99' title='bbox 543 1279 667 1314; x_wconf 91' lang='lat' dir='ltr'>eodem</span> <span class='ocrx_word' id='word_1_100' title='bbox 683 1290 777 1314; x_wconf 88' lang='lat' dir='ltr'>anno</span> <span class='ocrx_word' id='word_1_101' title='bbox 803 1278 1126 1323; x_wconf 87' lang='lat' dir='ltr'>(M.C.LXXXIII)</span> <span class='ocrx_word' id='word_1_102' title='bbox 1139 1290 1161 1313; x_wconf 86' lang='lat' dir='ltr'>a</span> <span class='ocrx_word' id='word_1_103' title='bbox 1177 1277 1347 1323; x_wconf 88' lang='lat' dir='ltr'>Philippo</span> <span class='ocrx_word' id='word_1_104' title='bbox 1373 1277 1505 1312; x_wconf 85' lang='lat' dir='ltr'>comite</span> <span class='ocrx_word' id='word_1_105' title='bbox 1518 1276 1688 1321; x_wconf 86' lang='lat' dir='ltr'>(Elsatio)</span> <span class='ocrx_word' id='word_1_106' title='bbox 1699 1279 1735 1312; x_wconf 84' lang='lat' dir='ltr'>et</span> <span class='ocrx_word' id='word_1_107' title='bbox 1766 1273 1945 1311; x_wconf 84' lang='lat' dir='ltr'>Guilelm0</span> 
     </span>
     <span class='ocr_line' id='line_1_15' title="bbox 327 1329 1944 1377; baseline -0.002 -8"><span class='ocrx_word' id='word_1_108' title='bbox 327 1333 524 1369; x_wconf 87' lang='lat' dir='ltr'>Remorum</span> <span class='ocrx_word' id='word_1_109' title='bbox 541 1333 798 1368; x_wconf 86' lang='lat' dir='ltr'>archistamine</span> <span class='ocrx_word' id='word_1_110' title='bbox 812 1333 984 1377; x_wconf 87' lang='lat' dir='ltr'>quosdam</span> <span class='ocrx_word' id='word_1_111' title='bbox 997 1332 1235 1377; x_wconf 86' lang='lat' dir='ltr'>deprehensos</span> <span class='ocrx_word' id='word_1_112' title='bbox 1251 1332 1452 1368; x_wconf 85' lang='lat' dir='ltr'>haereticos</span> <span class='ocrx_word' id='word_1_113' title='bbox 1464 1343 1592 1375; x_wconf 89' lang='lat' dir='ltr'>eosque</span> <span class='ocrx_word' id='word_1_114' title='bbox 1604 1329 1770 1367; x_wconf 83' lang='lat' dir='ltr'>Atrebati</span> <span class='ocrx_word' id='word_1_115' title='bbox 1784 1329 1944 1374; x_wconf 74' lang='lat' dir='ltr'>locisq&#39;ue</span> 
     </span>
     <span class='ocr_line' id='line_1_16' title="bbox 326 1387 1314 1432; baseline -0.001 -9"><span class='ocrx_word' id='word_1_116' title='bbox 326 1389 407 1424; x_wconf 89' lang='lat' dir='ltr'>aliis</span> <span class='ocrx_word' id='word_1_117' title='bbox 421 1389 546 1424; x_wconf 87' lang='lat' dir='ltr'>habita</span> <span class='ocrx_word' id='word_1_118' title='bbox 557 1388 765 1432; x_wconf 82' lang='lat' dir='ltr'>quaestione</span> <span class='ocrx_word' id='word_1_119' title='bbox 781 1387 966 1422; x_wconf 87' lang='lat' dir='ltr'>conuictos</span> <span class='ocrx_word' id='word_1_120' title='bbox 982 1391 1017 1422; x_wconf 89' lang='lat' dir='ltr'>et</span> <span class='ocrx_word' id='word_1_121' title='bbox 1032 1387 1110 1432; x_wconf 87' lang='lat' dir='ltr'>igni</span> <span class='ocrx_word' id='word_1_122' title='bbox 1127 1390 1314 1422; x_wconf 86' lang='lat' dir='ltr'>crematos.</span> 
     </span>
    </p>
   </div>
   <div class='ocr_carea' id='block_1_8' title="bbox 674 1462 1435 1508">
    <p class='ocr_par' dir='ltr' id='par_1_8' title="bbox 674 1462 1435 1508">
     <span class='ocr_line' id='line_1_17' title="bbox 674 1462 1435 1508; baseline -0.005 -10"><span class='ocrx_word' id='word_1_123' title='bbox 674 1464 854 1508; x_wconf 86' lang='lat' dir='ltr'>Meyerus,</span> <span class='ocrx_word' id='word_1_124' title='bbox 873 1462 1040 1498; x_wconf 72' lang='lat' dir='ltr'>Annales</span> <span class='ocrx_word' id='word_1_125' title='bbox 1056 1462 1278 1505; x_wconf 81' lang='lat' dir='ltr'>Flandriae,</span> <span class='ocrx_word' id='word_1_126' title='bbox 1296 1462 1361 1498; x_wconf 82' lang='lat' dir='ltr'>sol.</span> <span class='ocrx_word' id='word_1_127' title='bbox 1377 1464 1435 1497; x_wconf 86' lang='lat'>54.</span> 
     </span>
    </p>
   </div>
   <div class='ocr_carea' id='block_1_9' title="bbox 1092 1605 1180 1648">
    <p class='ocr_par' dir='ltr' id='par_1_9' title="bbox 1092 1605 1180 1648">
     <span class='ocr_line' id='line_1_18' title="bbox 1092 1605 1180 1648; baseline 0 0"><span class='ocrx_word' id='word_1_128' title='bbox 1092 1605 1180 1648; x_wconf 84' lang='lat'>54.</span> 
     </span>
    </p>
   </div>
   <div class='ocr_carea' id='block_1_10' title="bbox 326 1729 1949 1924">
    <p class='ocr_par' dir='ltr' id='par_1_10' title="bbox 326 1729 1949 1924">
     <span class='ocr_line' id='line_1_19' title="bbox 390 1729 1948 1788; baseline -0.003 -10"><span class='ocrx_word' id='word_1_129' title='bbox 390 1731 525 1781; x_wconf 83' lang='lat'>1183,</span> <span class='ocrx_word' id='word_1_130' title='bbox 553 1730 738 1774; x_wconf 71' lang='lat' dir='ltr'>Atrecht</span> <span class='ocrx_word' id='word_1_131' title='bbox 764 1743 819 1773; x_wconf 75' lang='lat' dir='ltr'>en</span> <span class='ocrx_word' id='word_1_132' title='bbox 860 1731 1158 1775; x_wconf 69' lang='lat' dir='ltr'>Vlaanderen.</span> <span class='ocrx_word' id='word_1_133' title='bbox 1194 1729 1527 1786; x_wconf 82' lang='lat' dir='ltr'>Aanteekening</span> <span class='ocrx_word' id='word_1_134' title='bbox 1559 1744 1643 1774; x_wconf 82' lang='lat' dir='ltr'>van</span> <span class='ocrx_word' id='word_1_135' title='bbox 1675 1730 1758 1773; x_wconf 92' lang='lat' dir='ltr'>den</span> <span class='ocrx_word' id='word_1_136' title='bbox 1784 1729 1948 1788; x_wconf 76' lang='lat' dir='ltr'>Jezuiet</span> 
     </span>
     <span class='ocr_line' id='line_1_20' title="bbox 326 1799 1949 1856; baseline -0.001 -13"><span class='ocrx_word' id='word_1_137' title='bbox 326 1801 500 1843; x_wconf 88' lang='lat' dir='ltr'>Buzelin</span> <span class='ocrx_word' id='word_1_138' title='bbox 523 1814 627 1842; x_wconf 78' lang='lat' dir='ltr'>over·</span> <span class='ocrx_word' id='word_1_139' title='bbox 648 1799 838 1842; x_wconf 86' lang='lat' dir='ltr'>dezelfde</span> <span class='ocrx_word' id='word_1_140' title='bbox 860 1799 1280 1856; x_wconf 83' lang='lat' dir='ltr'>kettervervolging.</span> <span class='ocrx_word' id='word_1_141' title='bbox 1300 1824 1356 1830; x_wconf 97' lang='lat'><strong>—</strong></span> <span class='ocrx_word' id='word_1_142' title='bbox 1377 1799 1446 1856; x_wconf 86' lang='lat' dir='ltr'>Hij</span> <span class='ocrx_word' id='word_1_143' title='bbox 1470 1799 1684 1844; x_wconf 84' lang='lat' dir='ltr'>vermeldt</span> <span class='ocrx_word' id='word_1_144' title='bbox 1701 1799 1792 1842; x_wconf 80' lang='lat' dir='ltr'>niet</span> <span class='ocrx_word' id='word_1_145' title='bbox 1808 1800 1949 1843; x_wconf 84' lang='lat' dir='ltr'>alleen</span> 
     </span>
     <span class='ocr_line' id='line_1_21' title="bbox 327 1867 1565 1924; baseline -0.002 -12"><span class='ocrx_word' id='word_1_146' title='bbox 327 1870 378 1912; x_wconf 93' lang='lat' dir='ltr'>de</span> <span class='ocrx_word' id='word_1_147' title='bbox 395 1869 710 1924; x_wconf 77' lang='lat' dir='ltr'>brandstapels,</span> <span class='ocrx_word' id='word_1_148' title='bbox 738 1882 857 1912; x_wconf 80' lang='lat' dir='ltr'>maar</span> <span class='ocrx_word' id='word_1_149' title='bbox 880 1870 960 1911; x_wconf 90' lang='lat' dir='ltr'>ook</span> <span class='ocrx_word' id='word_1_150' title='bbox 985 1870 1036 1912; x_wconf 91' lang='lat' dir='ltr'>de</span> <span class='ocrx_word' id='word_1_151' title='bbox 1057 1871 1218 1912; x_wconf 83' lang='lat' dir='ltr'>water·</span> <span class='ocrx_word' id='word_1_152' title='bbox 1241 1883 1294 1911; x_wconf 91' lang='lat' dir='ltr'>en</span> <span class='ocrx_word' id='word_1_153' title='bbox 1316 1867 1565 1923; x_wconf 83' lang='lat' dir='ltr'>vuurproef.</span> 
     </span>
    </p>
   </div>
   <div class='ocr_carea' id='block_1_11' title="bbox 328 1973 1953 2239">
    <p class='ocr_par' dir='ltr' id='par_1_11' title="bbox 328 1973 1953 2239">
     <span class='ocr_line' id='line_1_22' title="bbox 371 1973 1951 2019; baseline -0.001 -11"><span class='ocrx_word' id='word_1_154' title='bbox 371 1977 477 2009; x_wconf 89' lang='lat' dir='ltr'>Anno</span> <span class='ocrx_word' id='word_1_155' title='bbox 493 1976 653 2018; x_wconf 79' lang='lat' dir='ltr'>sequenti</span> <span class='ocrx_word' id='word_1_156' title='bbox 671 1976 781 2019; x_wconf 80' lang='lat'>(1183)</span> <span class='ocrx_word' id='word_1_157' title='bbox 797 1975 897 2009; x_wconf 87' lang='lat' dir='ltr'>venit</span> <span class='ocrx_word' id='word_1_158' title='bbox 925 1975 1137 2009; x_wconf 82' lang='lat' dir='ltr'>Atrebatum</span> <span class='ocrx_word' id='word_1_159' title='bbox 1162 1973 1351 2008; x_wconf 86' lang='lat' dir='ltr'>Remensis</span> <span class='ocrx_word' id='word_1_160' title='bbox 1369 1973 1531 2018; x_wconf 82' lang='lat' dir='ltr'>pontifex</span> <span class='ocrx_word' id='word_1_161' title='bbox 1546 1973 1744 2009; x_wconf 84' lang='lat' dir='ltr'>Wilelmus</span> <span class='ocrx_word' id='word_1_162' title='bbox 1765 1973 1951 2016; x_wconf 85' lang='lat' dir='ltr'>multaque</span> 
     </span>
     <span class='ocr_line' id='line_1_23' title="bbox 328 2027 1952 2073; baseline -0.001 -10"><span class='ocrx_word' id='word_1_163' title='bbox 328 2030 468 2064; x_wconf 89' lang='lat' dir='ltr'>occulte</span> <span class='ocrx_word' id='word_1_164' title='bbox 485 2041 567 2063; x_wconf 90' lang='lat' dir='ltr'>cum</span> <span class='ocrx_word' id='word_1_165' title='bbox 585 2030 755 2073; x_wconf 88' lang='lat' dir='ltr'>Philippo</span> <span class='ocrx_word' id='word_1_166' title='bbox 772 2029 904 2064; x_wconf 87' lang='lat' dir='ltr'>comite</span> <span class='ocrx_word' id='word_1_167' title='bbox 926 2029 1108 2063; x_wconf 74' lang='lat' dir='ltr'>disseruit.</span> <span class='ocrx_word' id='word_1_168' title='bbox 1131 2029 1176 2062; x_wconf 88' lang='lat' dir='ltr'>Et</span> <span class='ocrx_word' id='word_1_169' title='bbox 1198 2033 1286 2063; x_wconf 85' lang='lat' dir='ltr'>tunc</span> <span class='ocrx_word' id='word_1_170' title='bbox 1302 2029 1466 2063; x_wconf 85' lang='lat' dir='ltr'>mulieris</span> <span class='ocrx_word' id='word_1_171' title='bbox 1489 2028 1679 2063; x_wconf 84' lang='lat' dir='ltr'>cuiusdam</span> <span class='ocrx_word' id='word_1_172' title='bbox 1694 2028 1830 2064; x_wconf 86' lang='lat' dir='ltr'>indicio</span> <span class='ocrx_word' id='word_1_173' title='bbox 1845 2027 1952 2062; x_wconf 84' lang='lat' dir='ltr'>multi</span> 
     </span>
     <span class='ocr_line' id='line_1_24' title="bbox 329 2083 1952 2128; baseline -0.001 -10"><span class='ocrx_word' id='word_1_174' title='bbox 329 2096 392 2128; x_wconf 87' lang='lat' dir='ltr'>per</span> <span class='ocrx_word' id='word_1_175' title='bbox 415 2085 570 2118; x_wconf 86' lang='lat' dir='ltr'>ditiones</span> <span class='ocrx_word' id='word_1_176' title='bbox 586 2085 728 2119; x_wconf 71' lang='lat' dir='ltr'>comitis</span> <span class='ocrx_word' id='word_1_177' title='bbox 754 2085 942 2118; x_wconf 83' lang='lat' dir='ltr'>haereseos</span> <span class='ocrx_word' id='word_1_178' title='bbox 965 2084 1123 2119; x_wconf 85' lang='lat' dir='ltr'>accusati</span> <span class='ocrx_word' id='word_1_179' title='bbox 1147 2088 1231 2119; x_wconf 86' lang='lat' dir='ltr'>sunt</span> <span class='ocrx_word' id='word_1_180' title='bbox 1258 2084 1503 2127; x_wconf 86' lang='lat' dir='ltr'>compertique</span> <span class='ocrx_word' id='word_1_181' title='bbox 1529 2087 1609 2127; x_wconf 82' lang='lat' dir='ltr'>post</span> <span class='ocrx_word' id='word_1_182' title='bbox 1635 2095 1749 2127; x_wconf 83' lang='lat' dir='ltr'>aquae</span> <span class='ocrx_word' id='word_1_183' title='bbox 1765 2083 1952 2118; x_wconf 86' lang='lat' dir='ltr'>bullientis</span> 
     </span>
     <span class='ocr_line' id='line_1_25' title="bbox 329 2140 1949 2183; baseline -0.001 -10"><span class='ocrx_word' id='word_1_184' title='bbox 329 2140 506 2182; x_wconf 75' lang='lat' dir='ltr'>ignitique</span> <span class='ocrx_word' id='word_1_185' title='bbox 529 2141 615 2174; x_wconf 85' lang='lat' dir='ltr'>ferri</span> <span class='ocrx_word' id='word_1_186' title='bbox 639 2141 831 2174; x_wconf 86' lang='lat' dir='ltr'>iudicium.</span> <span class='ocrx_word' id='word_1_187' title='bbox 856 2141 906 2173; x_wconf 90' lang='lat' dir='ltr'>Ac</span> <span class='ocrx_word' id='word_1_188' title='bbox 933 2140 977 2174; x_wconf 89' lang='lat' dir='ltr'>de</span> <span class='ocrx_word' id='word_1_189' title='bbox 1002 2140 1181 2182; x_wconf 78' lang='lat' dir='ltr'>plerisque</span> <span class='ocrx_word' id='word_1_190' title='bbox 1206 2140 1256 2174; x_wconf 83' lang='lat' dir='ltr'>ita</span> <span class='ocrx_word' id='word_1_191' title='bbox 1283 2144 1465 2183; x_wconf 84' lang='lat' dir='ltr'>sumptum</span> <span class='ocrx_word' id='word_1_192' title='bbox 1490 2142 1542 2174; x_wconf 80' lang='lat' dir='ltr'>est</span> <span class='ocrx_word' id='word_1_193' title='bbox 1564 2140 1782 2183; x_wconf 85' lang='lat' dir='ltr'>supplicium</span> <span class='ocrx_word' id='word_1_194' title='bbox 1807 2143 1849 2174; x_wconf 78' lang='lat' dir='ltr'>ut</span> <span class='ocrx_word' id='word_1_195' title='bbox 1872 2149 1949 2174; x_wconf 89' lang='lat' dir='ltr'>cor-</span> 
     </span>
     <span class='ocr_line' id='line_1_26' title="bbox 330 2194 1953 2239; baseline 0 -11"><span class='ocrx_word' id='word_1_196' title='bbox 330 2207 416 2238; x_wconf 80' lang='lat' dir='ltr'>pora</span> <span class='ocrx_word' id='word_1_197' title='bbox 434 2196 586 2230; x_wconf 76' lang='lat' dir='ltr'>flammis</span> <span class='ocrx_word' id='word_1_198' title='bbox 600 2196 881 2236; x_wconf 88' lang='lat' dir='ltr'>absumerenter,</span> <span class='ocrx_word' id='word_1_199' title='bbox 899 2196 993 2229; x_wconf 87' lang='lat' dir='ltr'>bona</span> <span class='ocrx_word' id='word_1_200' title='bbox 1016 2195 1054 2228; x_wconf 89' lang='lat' dir='ltr'>in</span> <span class='ocrx_word' id='word_1_201' title='bbox 1071 2195 1297 2229; x_wconf 82' lang='lat' dir='ltr'>sacerdotum</span> <span class='ocrx_word' id='word_1_202' title='bbox 1315 2207 1355 2230; x_wconf 85' lang='lat' dir='ltr'>ac</span> <span class='ocrx_word' id='word_1_203' title='bbox 1381 2194 1556 2238; x_wconf 86' lang='lat' dir='ltr'>principis</span> <span class='ocrx_word' id='word_1_204' title='bbox 1580 2195 1837 2239; x_wconf 85' lang='lat' dir='ltr'>possessionem</span> <span class='ocrx_word' id='word_1_205' title='bbox 1859 2194 1953 2230; x_wconf 83' lang='lat' dir='ltr'>veni·</span> 
     </span>
    </p>
   </div>
   <div class='ocr_carea' id='block_1_12' title="bbox 330 2256 1622 2336">
    <p class='ocr_par' dir='ltr' id='par_1_12' title="bbox 330 2256 1622 2336">
     <span class='ocr_line' id='line_1_27' title="bbox 330 2256 1622 2336; baseline -0.001 -7"><span class='ocrx_word' id='word_1_206' title='bbox 330 2256 425 2285; x_wconf 45' lang='lat' dir='ltr'><strong>rent·</strong></span> <span class='ocrx_word' id='word_1_207' title='bbox 677 2295 710 2328; x_wconf 78' lang='lat' dir='ltr'>J.</span> <span class='ocrx_word' id='word_1_208' title='bbox 727 2294 888 2336; x_wconf 86' lang='lat' dir='ltr'>Buzelin,</span> <span class='ocrx_word' id='word_1_209' title='bbox 908 2292 1070 2327; x_wconf 72' lang='lat' dir='ltr'>Annales</span> <span class='ocrx_word' id='word_1_210' title='bbox 1090 2293 1434 2336; x_wconf 73' lang='lat' dir='ltr'>Gallo-Flandriae,</span> <span class='ocrx_word' id='word_1_211' title='bbox 1450 2294 1521 2328; x_wconf 84' lang='lat' dir='ltr'>blz.</span> <span class='ocrx_word' id='word_1_212' title='bbox 1542 2296 1622 2328; x_wconf 73' lang='lat'>249.</span> 
     </span>
    </p>
   </div>
   <div class='ocr_carea' id='block_1_13' title="bbox 1102 2434 1188 2479">
    <p class='ocr_par' dir='ltr' id='par_1_13' title="bbox 1102 2434 1188 2479">
     <span class='ocr_line' id='line_1_28' title="bbox 1102 2434 1188 2479; baseline 0.023 -2"><span class='ocrx_word' id='word_1_213' title='bbox 1102 2434 1188 2479; x_wconf 88' lang='lat'>55.</span> 
     </span>
    </p>
   </div>
   <div class='ocr_carea' id='block_1_14' title="bbox 331 2559 1953 2755">
    <p class='ocr_par' dir='ltr' id='par_1_14' title="bbox 331 2559 1953 2755">
     <span class='ocr_line' id='line_1_29' title="bbox 393 2559 1953 2616; baseline -0.002 -11"><span class='ocrx_word' id='word_1_214' title='bbox 393 2563 678 2612; x_wconf 81' lang='grc'><em>1183-1184,</em></span> <span class='ocrx_word' id='word_1_215' title='bbox 717 2561 902 2605; x_wconf 68' lang='grc' dir='ltr'>Αίνθσήι</span> <span class='ocrx_word' id='word_1_216' title='bbox 933 2575 988 2604; x_wconf 74' lang='lat' dir='ltr'>en</span> <span class='ocrx_word' id='word_1_217' title='bbox 1019 2563 1224 2614; x_wconf 70' lang='lat' dir='ltr'>leporem.</span> <span class='ocrx_word' id='word_1_218' title='bbox 1265 2561 1505 2604; x_wconf 84' lang='lat' dir='ltr'>Uittreksel</span> <span class='ocrx_word' id='word_1_219' title='bbox 1543 2561 1604 2604; x_wconf 91' lang='lat' dir='ltr'>uit</span> <span class='ocrx_word' id='word_1_220' title='bbox 1641 2560 1692 2603; x_wconf 93' lang='lat' dir='ltr'>de</span> <span class='ocrx_word' id='word_1_221' title='bbox 1722 2559 1953 2616; x_wconf 63' lang='lat' dir='ltr'>⁴Brugsche</span> 
     </span>
     <span class='ocr_line' id='line_1_30' title="bbox 335 2627 1953 2688; baseline -0.002 -14"><span class='ocrx_word' id='word_1_222' title='bbox 335 2631 572 2687; x_wconf 58' lang='lat' dir='ltr'>Chronq&#39;jke</span> <span class='ocrx_word' id='word_1_223' title='bbox 593 2645 683 2675; x_wconf 78' lang='grc' dir='ltr'>υαη</span> <span class='ocrx_word' id='word_1_224' title='bbox 715 2632 990 2674; x_wconf 68' lang='grc' dir='ltr'>Παεηείενεη</span> <span class='ocrx_word' id='word_1_225' title='bbox 1013 2631 1170 2688; x_wconf 74' lang='grc'>(1725)</span> <span class='ocrx_word' id='word_1_226' title='bbox 1194 2644 1299 2674; x_wconf 83' lang='lat' dir='ltr'>over</span> <span class='ocrx_word' id='word_1_227' title='bbox 1319 2630 1394 2673; x_wconf 84' lang='lat' dir='ltr'>het</span> <span class='ocrx_word' id='word_1_228' title='bbox 1417 2630 1654 2685; x_wconf 85' lang='lat' dir='ltr'>vervolgen</span> <span class='ocrx_word' id='word_1_229' title='bbox 1678 2640 1763 2672; x_wconf 84' lang='lat' dir='ltr'>van</span> <span class='ocrx_word' id='word_1_230' title='bbox 1785 2627 1953 2672; x_wconf 83' lang='lat' dir='ltr'>ketters</span> 
     </span>
     <span class='ocr_line' id='line_1_31' title="bbox 331 2697 1953 2755; baseline 0 -15"><span class='ocrx_word' id='word_1_231' title='bbox 331 2699 374 2741; x_wconf 90' lang='lat' dir='ltr'>in</span> <span class='ocrx_word' id='word_1_232' title='bbox 399 2701 673 2743; x_wconf 74' lang='lat' dir='ltr'>Vlaanderen</span> <span class='ocrx_word' id='word_1_233' title='bbox 707 2700 810 2742; x_wconf 85' lang='lat' dir='ltr'>door</span> <span class='ocrx_word' id='word_1_234' title='bbox 841 2700 922 2744; x_wconf 89' lang='lat' dir='ltr'>den</span> <span class='ocrx_word' id='word_1_235' title='bbox 955 2698 1275 2755; x_wconf 77' lang='lat' dir='ltr'>aartsbisschop</span> <span class='ocrx_word' id='word_1_236' title='bbox 1301 2712 1384 2742; x_wconf 81' lang='lat' dir='ltr'>van</span> <span class='ocrx_word' id='word_1_237' title='bbox 1408 2699 1567 2748; x_wconf 84' lang='lat' dir='ltr'>Reims,</span> <span class='ocrx_word' id='word_1_238' title='bbox 1596 2698 1647 2740; x_wconf 90' lang='lat' dir='ltr'>de</span> <span class='ocrx_word' id='word_1_239' title='bbox 1668 2697 1953 2753; x_wconf 84' lang='lat' dir='ltr'>bisschoppen</span> 
     </span>
    </p>
   </div>
   <div class='ocr_carea' id='block_1_15' title="bbox 374 2903 843 2947">
    <p class='ocr_par' dir='ltr' id='par_1_15' title="bbox 374 2903 843 2947">
     <span class='ocr_line' id='line_1_32' title="bbox 374 2903 843 2947; baseline 0.004 -10"><span class='ocrx_word' id='word_1_240' title='bbox 374 2904 420 2947; x_wconf 94' lang='lat'>(1)</span> <span class='ocrx_word' id='word_1_241' title='bbox 436 2903 605 2938; x_wconf 85' lang='lat' dir='ltr'>Lucifero</span> <span class='ocrx_word' id='word_1_242' title='bbox 622 2907 657 2938; x_wconf 86' lang='lat' dir='ltr'>et</span> <span class='ocrx_word' id='word_1_243' title='bbox 674 2904 843 2939; x_wconf 65' lang='lat' dir='ltr'>diabolo?</span> 
     </span>
    </p>
   </div>
   <div class='ocr_carea' id='block_1_16' title="bbox 2032 0 2097 1865">
    <p class='ocr_par' dir='ltr' id='par_1_16' title="bbox 2032 0 2097 1865">
     <span class='ocr_line' id='line_1_33' title="bbox 2032 0 2097 1865; baseline 0 0"><span class='ocrx_word' id='word_1_244' title='bbox 2032 0 2097 1865; x_wconf 95' lang='lat' dir='ltr'> </span> 
     </span>
    </p>
   </div>
  </div>
 </body>
</html>
