2097 3466
804 244 938 280 ANNO
965 245 1066 279 1472
1695 245 1757 277 427

111 342 181 381 que
208 336 246 371 in
271 336 474 372 illis-multi
499 340 583 373 sunt
606 337 691 373 boni
716 349 781 374 nec
808 339 914 374 facile
938 338 989 382 hij
1015 339 1060 373 ab
1078 336 1150 372 illis
1165 335 1436 375 discernuntur.
1455 339 1489 372 et
1505 335 1760 380 quodpropter

109 391 276 428 triticum
290 391 425 426 zizania
441 404 555 436 usque
571 393 616 428 ad
631 405 784 429 messem
801 393 1000 429 dimittitur
1021 420 1174 428 ......
1193 393 1250 434 (1).

156 448 209 482 Ex
226 446 393 482 omnibus
411 447 593 491 premissis
611 452 761 493 apparet
780 449 938 493 qualiter
957 449 1023 483 hec
1040 448 1110 483 duc
1127 446 1344 491 principales
1357 446 1576 481 asserciones
1592 446 1759 491 magistri

109 501 286 537 ,Iohannis
304 502 446 543 Leonis,
467 503 585 546 prima
602 504 646 539 dc
664 504 847 539 occisione
861 507 895 538 ct
912 502 1175 548 persecutione,
1193 504 1276 542 etc..
1294 502 1451 536 secunda
1467 502 1511 536 dc
1528 501 1670 542 merite,
1688 505 1758 536 ete.

111 569 193 592 cum
210 557 350 592 duabus
367 558 674 601 propositionibus
692 560 729 594 in
750 559 814 594 illa
836 559 986 594 inclusis
1004 557 1190 602 implicite,
1210 560 1293 591 sunt
1310 556 1346 591 in
1365 558 1433 591 fido
1447 568 1608 598 erronee,
1627 560 1754 591 contra

110 624 249 648 sacram
267 613 484 657 scripturam
505 618 541 650 et
556 615 721 650 doctores
738 619 881 651 sanctos
899 626 963 659 per
981 613 1171 649 ecclesiam
1185 613 1413 657 approbatos,
1428 613 1647 653 scandaloso,
1666 612 1758 647 sedi-

112 669 206 705 ciose
221 672 257 704 et
273 669 415 713 piarum
433 670 581 705 aurium
598 671 784 706 offensiue.

157 724 232 759 Hec
259 725 325 758 sub
347 724 584 767 correctione,
614 729 652 761 ut
685 726 723 761 in
752 725 946 771 principio,
981 725 1097 770 posita
1124 727 1208 760 sunt
1232 736 1296 768 per
1319 735 1376 759 me
1402 723 1573 768 Egidium
1592 724 1757 767 Carlerij‚

111 780 288 816 decanum
305 779 455 815 ecclesie
475 782 758 824 Cameracensis,
781 785 816 817 et
834 781 920 816 huic
937 781 1072 825 scripto
1089 783 1272 816 annotata.

463 858 660 901 Carlerius,
683 859 762 895 deel
779 859 807 901 Ι,
826 857 1091 901 verhandeling
1109 859 1140 892 8.

874 974 999 1019 350.

185 1103 300 1149 Vo'o'r
327 1104 583 1150 November
608 1105 745 1157 1472,
773 1103 1033 1160 Kamerq'jk.
1060 1102 1244 1146 Oordeel
1276 1115 1362 1145 van
1395 1101 1479 1144 den
1512 1101 1760 1159 Kamerijk-

112 1175 246 1219 schen
281 1175 423 1218 deken
459 1174 640 1226 Carlier,
680 1188 731 1231 op
763 1187 989 1230 aanvraag
1020 1187 1106 1216 van
1142 1173 1295 1229 eenige
1329 1171 1586 1228 geloovigen
1621 1172 1760 1228 uitge-

110 1245 281 1297 bracht,
309 1258 413 1289 over
436 1245 513 1288 het
538 1244 767 1301 afwerpen
791 1258 878 1287 van
902 1257 983 1288 een
1017 1243 1347 1287 Christusbeeld
1369 1243 1411 1286 in
1435 1243 1538 1286 deze
1562 1242 1674 1286 stad.
1704 1268 1760 1275 —

110 1317 332 1372 Degeneu,
355 1314 422 1357 die
456 1314 580 1357 zulks
607 1314 742 1357 onder
766 1328 844 1358 een
879 1314 1092 1358 verkeerd
1126 1314 1431 1358 voorwendsel
1466 1313 1635 1356 hebben
1659 1311 1760 1356 dur-

111 1399 194 1429 ven
216 1385 343 1436 doen,
381 1385 555 1427 moeten
590 1384 802 1427 verdacht
823 1383 1005 1426 worden
1039 1384 1084 1427 in
1116 1384 1206 1427 hun
1242 1383 1391 1440 geloof
1407 1398 1462 1426 en
1495 1383 1660 1426 zouden
1695 1382 1761 1425 als

110 1453 325 1511 dusdanig
346 1451 454 1497 voor
475 1453 528 1496 de
545 1452 961 1509 geloofsrechtbank
984 1456 1157 1498 moeten
1181 1453 1379 1511 gedaagd
1401 1453 1597 1497 worden.

157 1580 292 1617 Contra
307 1578 574 1625 yconomachos
593 1579 643 1613 ad
659 1580 885 1613 instantiam
902 1577 1121 1624 aliquorum
1136 1579 1326 1624 fidelium.

154 1655 265 1693 Casus
289 1661 343 1693 est
365 1657 461 1691 talis.
493 1655 611 1691 Tanto
629 1660 806 1699 tempore,
832 1656 876 1690 de
901 1655 1006 1690 cuius
1032 1656 1209 1691 memoria
1230 1656 1421 1691 hominum
1445 1668 1518 1691 non
1542 1656 1676 1698 existit,
1695 1656 1765 1691 fuit

109 1713 265 1757 quedam
296 1723 387 1747 crux
417 1711 562 1755 lapidea
591 1710 678 1746 satis
710 1711 869 1745 formosa
899 1709 969 1745 sita
1008 1710 1112 1745 iuxta
1142 1711 1405 1746 monasterium
1439 1710 1563 1746 Sancti
1598 1711 1763 1755 Sepulcri

111 1767 394 1808 Cameracensis,
413 1767 451 1802 in
467 1778 539 1810 qua
556 1769 633 1801 erat
651 1767 807 1809 quedam
826 1777 957 1810 ymago
976 1765 1111 1800 Christi
1137 1767 1180 1801 de
1205 1767 1373 1811 sepulcro
1397 1766 1594 1810 surgentis,
1612 1767 1764 1801 honesto

110 1823 240 1859 decore
256 1824 467 1867 composita,
485 1833 555 1865 que
571 1821 847 1857 transeuntibus
866 1826 944 1857 erat
960 1821 999 1856 in
1023 1821 1214 1858 Dominice
1230 1823 1407 1867 passionis
1424 1827 1458 1858 et
1482 1823 1764 1859 resurrectionis

110 1879 375 1914 monimentum
393 1881 428 1913 et
444 1877 647 1922 peregrinis
663 1878 837 1921 prebebat
853 1877 1026 1913 ducatum
1042 1891 1051 1921 3
1070 1889 1159 1921 quas
1178 1878 1388 1923 ymaginem
1406 1878 1546 1914 scilicet
1562 1883 1597 1914 et
1614 1890 1761 1914 crucem

110 1934 259 1978 quidam
283 1934 383 1969 iussu
412 1933 602 1968 cuiusdam
631 1934 696 1968 sub
723 1936 891 1977 pretextu
908 1933 1175 1968 iurisdictionis
1203 1935 1427 1969 contentiose
1451 1935 1645 1970 asserentis
1668 1934 1765 1979 ipsas

112 2003 188 2027 esse
214 1990 253 2026 in
280 1990 534 2025 iurisdictione
560 2001 638 2032 sua,
673 1990 803 2025 abbate
833 1994 868 2025 et
900 1993 1086 2025 conuentu
1123 1991 1257 2035 prefati
1294 1994 1503 2036 monasterij
1538 1992 1765 2027 contrarium

110 2046 326 2088 dicentibus,
354 2048 632 2089 prostrauerunt
662 2045 921 2087 irreuerenter,
940 2045 1198 2090 ignominiose,
1215 2046 1328 2090 impie
1353 2051 1387 2081 et
1409 2047 1672 2091 blasphemose,
1691 2059 1765 2083 non

109 2102 227 2137 solum
242 2113 400 2144 erucem,
418 2100 479 2135 sed
497 2103 532 2135 et
551 2100 763 2145 ymaginem
788 2100 903 2144 ipsam
929 2101 1197 2145 disrumpentes
1220 2101 1453 2136 membratim
1477 2102 1621 2143 faciem,
1642 2103 1766 2138 oculos

111 2162 146 2193 et
162 2169 267 2193 nares
284 2157 456 2201 peciatim
474 2157 698 2201 frangentes,
717 2155 844 2191 Judeis
871 2156 1106 2198 crudeliores,
1132 2161 1174 2191 ut
1202 2150 1322 2201 prima
1346 2157 1440 2192 facie
1463 2159 1674 2203 apparebat,
1700 2159 1764 2202 qui

110 2214 241 2250 faciem
267 2213 416 2249 Domini
444 2214 559 2258 alapis
588 2212 813 2254 ceciderunt,
843 2213 958 2257 sputis
985 2213 1240 2256 deturparunt,
1268 2225 1341 2248 non
1365 2218 1488 2249 tamen
1513 2215 1762 2259 disruperunt,

109 2270 197 2314 quia
221 2270 397 2313 scriptum
428 2273 505 2305 est:
537 2283 552 2296 ιι
572 2268 621 2303 Os
652 2279 728 2303 non
751 2267 1005 2302 comminuetis
1030 2280 1074 2303 ex
1098 2279 1139 2302 eo
1157 2281 1194 2311 „3
1221 2269 1265 2303 ad
1290 2279 1446 2311 quorum
1465 2270 1659 2313 pernitiem
1677 2270 1766 2305 facit

110 2330 252 2370 tempus
268 2337 414 2360 sacrum
432 2337 502 2368 quo
518 2325 586 2359 hec
604 2325 782 2366 fecerunt,
805 2324 945 2359 scilicet
969 2325 1171 2368 septimana
1195 2324 1444 2368 penitentialis
1467 2326 1759 2371 quadragesime,

111 2380 326 2416 ammonitio
355 2381 519 2415 fidelium
544 2392 588 2415 ne
604 2380 694 2415 talia
711 2381 993 2420 committerent,
1013 2380 1073 2415 sed
1098 2391 1119 2414 a
1143 2380 1256 2424 ceptis
1280 2380 1505 2422 desisterent,
1525 2382 1583 2416 cui
1602 2382 1764 2425 acquies-

110 2447 194 2471 cere
208 2436 420 2476 noluerunt,
439 2435 620 2479 oppositio
637 2433 798 2470 cirotece
815 2435 924 2470 ferrie
942 2435 986 2469 ad
1001 2446 1114 2469 unum
1129 2435 1322 2469 brachium
1341 2446 1405 2478 per
1421 2447 1531 2479 quam
1548 2437 1766 2471 videbantur

111 2491 306 2536 protestari
322 2492 367 2526 de
384 2492 479 2526 facto
505 2491 574 2525 hoc
589 2490 640 2525 eis
664 2490 766 2525 licite
784 2493 820 2525 et
843 2491 1006 2533 potentia
1029 2490 1186 2525 seculari
1209 2502 1248 2525 se
1265 2490 1358 2525 velle
1380 2491 1489 2534 tueri,
1507 2491 1670 2526 dimissio
1687 2503 1767 2536 par·

110 2546 310 2582 ticularum
328 2544 436 2580 faciei
456 2548 492 2580 et
515 2544 628 2579 totius
652 2544 836 2589 ymaginis
861 2544 913 2579 sic
937 2544 1124 2579 diffamate
1147 2544 1263 2579 multo
1280 2548 1443 2588 tempore
1466 2546 1505 2579 in
1529 2545 1670 2589 plateiS,
1696 2557 1767 2589 que

111 2601 156 2636 ad
187 2600 468 2636 obstinationem
500 2603 664 2644 spectare
693 2599 874 2636 videntur.
910 2599 1002 2634 Nam
1035 2603 1070 2634 et
1100 2599 1144 2633 de
1170 2599 1374 2643 penitentia
1403 2611 1528 2634 eorum
1558 2600 1767 2635 nullatenus

112 2659 265 2697 constat,
291 2655 506 2699 quinymmo
523 2655 616 2690 collo
643 2658 792 2690 extenso
817 2655 891 2690 acsi
913 2654 1029 2690 nichil
1053 2654 1139 2688 mali
1165 2653 1335 2699 egissent,
1363 2655 1555 2690 ambulant
1579 2655 1765 2700 intrepidi,

113 2711 231 2746 securi
248 2716 399 2746 manent
417 2714 451 2745 et
471 2710 550 2745 sine
566 2711 716 2745 rubore.

159 2765 335 2806 Queritur
355 2769 479 2801 utrum
504 2765 564 2799 isti
590 2765 668 2805 hec,
689 2776 760 2808 que
784 2765 823 2800 in
840 2776 925 2800 casu
944 2768 1153 2807 narrantur,
1177 2765 1277 2800 licite
1301 2765 1422 2800 facere
1439 2768 1648 2809 potuerunt.
1679 2765 1766 2800 Item

159 2936 210 2977 (1)
228 2935 337 2980 Volgt
355 2947 441 2971 eene
459 2935 600 2972 nieuwe
616 2936 721 2972 reeks
737 2935 882 2972 citaten.
