2097 3466
303 254 365 289 ¹206
923 253 1054 291 ANNO
1080 253 1306 290 1365-1368

302 349 386 404 rijk
409 348 656 407 Frankrijk‚
683 363 786 394 over
808 351 882 394 het
904 351 1137 407 vervolgen
1161 350 1237 394 der
1259 350 1513 407 Beggarden
1535 364 1586 394 en
1610 350 1834 409 Begijnen.
1855 376 1914 386 —

301 417 359 460 De
382 431 486 473 paus
504 423 603 474 zegt
624 432 855 463 vernomen
875 424 917 463 te
939 419 1122 471 hebben,
1149 419 1222 462 dat
1244 420 1287 462 in
1306 419 1523 463 voormeld
1545 419 1799 477 koninkrijk
1819 419 1914 463 veel

300 485 390 528 dier
425 486 593 530 ketters
624 491 667 531 te
688 487 846 531 vinden
869 489 954 545 zijn
987 492 1051 531 tot
1073 493 1199 544 groot
1230 487 1381 531 nadeel
1403 488 1480 531 der
1514 488 1908 545 rechtgeloovigen.

299 555 368 610 Hij
389 554 557 600 beveelt
578 557 666 600 hun
697 557 856 600 zonder
878 557 1024 600 uitstel
1049 560 1176 612 tegen
1211 557 1278 599 die
1300 556 1465 600 ketters
1486 571 1540 600 en
1576 558 1722 600 hunne
1748 556 1912 612 begun-

298 623 455 679 stigers
479 629 566 668 met
603 626 854 683 strengheid
892 630 936 669 te
973 625 1184 668 handelen
1224 639 1293 678 en,
1319 639 1396 669 zoo
1428 625 1597 682 noodig‚
1624 626 1676 670 de
1710 625 1814 682 hulp
1836 625 1914 668 der

297 692 566 751 wereldlijke
603 695 748 739 macht
780 696 823 738 in
866 699 908 738 te
949 708 1125 751 roepen.
1167 694 1255 736 Ten
1299 694 1423 738 einde
1465 694 1532 738 die
1573 694 1830 750 vervolging
1866 697 1911 737 te

297 761 738 820 vergemakkelijken‚
774 763 902 807 zendt
939 763 990 806 de
1027 777 1133 819 paus
1171 777 1252 807 aan
1294 763 1376 806 den
1415 762 1612 820 bisschop
1648 776 1733 806 van
1771 762 1911 819 Parijs

295 828 557 886 (Stephanus
578 831 660 890 IV)
697 846 801 875 eene
838 832 1063 876 instructie
1095 846 1199 876 over
1235 833 1286 876 de
1317 832 1657 889 woonplaatsen,
1685 830 1817 874 zeden
1856 844 1911 874 en

296 897 497 954 dolingen
535 900 626 943 dier
667 901 850 955 ketters‚
885 915 969 944 van
1011 901 1152 945 welke
1198 901 1424 946 instructie
1462 901 1579 944 ieder
1620 901 1794 944 hunner
1830 913 1942 943 een‘

295 966 495 1012 asschrift
512 970 577 1012 zal
600 968 809 1014 bekomen
827 970 906 1028 (l).

339 1089 524 1126 Universis
547 1092 835 1138 archiepiscopiS,
861 1093 1034 1138 episcopis
1057 1097 1093 1130 et
1115 1094 1389 1139 inquisitoribus
1411 1093 1614 1129 haereticae
1638 1091 1826 1138 pravitatis
1848 1101 1913 1136 per

295 1155 446 1188 regnum
465 1146 639 1182 Franciae
656 1149 869 1190 constitutis,
889 1149 934 1183 ad
950 1161 1038 1192 quos
1054 1153 1256 1193 praesentes
1272 1149 1510 1194 pervenerint.

337 1200 392 1235 Ad
408 1201 628 1236 audientiam
646 1205 803 1237 nostram
827 1203 896 1237 fide
919 1203 1030 1248 digna
1051 1204 1224 1239 relatione
1242 1204 1403 1248 pervenit
1425 1204 1520 1247 quod
1543 1203 1689 1247 quidam
1705 1201 1772 1237 filii
1796 1200 1913 1236 Belial

294 1255 481 1299 utriusque
497 1269 611 1299 sexus,
630 1258 691 1301 qui
717 1259 873 1303 Begardi
900 1271 961 1294 seu
986 1259 1142 1304 Beguini
1158 1260 1358 1304 vulgariter
1374 1262 1631 1304 nuncupantur
1653 1261 1689 1294 et
1710 1258 1775 1292 sub
1805 1257 1912 1292 ovina

293 1311 384 1354 pelle
407 1312 569 1356 lupinam
587 1313 764 1349 feritatem
780 1316 1014 1357 abscondunt,
1041 1315 1164 1350 multis
1190 1315 1373 1350 erroribus
1400 1315 1671 1350 detestabilibus
1697 1313 1850 1349 involuti
1873 1313 1912 1347 in

292 1366 441 1401 diversis
469 1368 686 1411 civitatibus,
717 1370 852 1412 castris,
878 1370 973 1405 villis
1001 1373 1036 1406 et
1059 1370 1147 1405 locis
1173 1371 1276 1415 regni
1305 1371 1481 1406 Franciae
1504 1371 1695 1412 latitantes,
1722 1368 1912 1404 nonnullos

292 1421 424 1463 fideles,
458 1424 668 1466 praesertim
698 1424 888 1468 simplices,
919 1437 940 1460 a
970 1425 1029 1460 via
1055 1425 1216 1461 veritatis
1239 1429 1400 1462 avertere
1426 1429 1462 1461 et
1490 1438 1611 1462 secum
1640 1425 1680 1461 in
1709 1425 1911 1470 gehennam

291 1477 435 1513 trahere
465 1479 675 1514 moliuntur.
709 1481 782 1515 Nos
811 1480 927 1525 igitur
957 1481 1157 1525 cupientes,
1192 1482 1287 1525 quod
1316 1482 1486 1517 adversus
1515 1482 1644 1517 talium
1674 1480 1911 1516 nefandorum

291 1533 485 1568 versutiam
502 1535 738 1578 periculosam
756 1536 908 1570 nimium
924 1537 1133 1581 opportunis
1156 1537 1323 1572 remediis
1346 1538 1511 1573 celeriter
1535 1540 1759 1579 occurratur,
1778 1536 1908 1571 discre-

290 1587 381 1622 tioni
412 1592 549 1623 vestrae
579 1592 703 1625 tenore
735 1591 975 1634 praesentium
1005 1591 1166 1627 districte
1196 1591 1446 1636 praecipiendo
1478 1593 1700 1634 mandamus,
1734 1593 1909 1635 quatenus

291 1643 442 1687 receptis
465 1644 722 1687 praesentibus,
742 1645 838 1680 omni
862 1658 964 1681 mora
986 1647 1137 1688 sublata,
1156 1650 1281 1682 contra
1304 1647 1486 1692 Begardos
1502 1647 1643 1682 eosdem
1666 1649 1702 1682 et
1725 1646 1909 1682 credentes

290 1698 448 1742 ipsorum
465 1699 647 1734 erroribus
670 1711 809 1734 necnon
833 1701 1000 1742 fautores,
1019 1701 1220 1736 defensores
1244 1704 1279 1736 et
1300 1704 1538 1746 receptatores
1562 1713 1686 1737 eorum
1711 1713 1794 1736 cum
1809 1699 1909 1736 omni

289 1753 490 1797 diligentia,
508 1754 746 1797 appellatione
769 1755 974 1799 postposita,
992 1756 1101 1791 vestri
1124 1756 1233 1790 officii
1256 1756 1417 1791 debitum
1440 1757 1568 1801 exequi
1594 1756 1779 1797 studeatis,
1805 1755 1906 1790 invo-

289 1811 369 1842 cato
392 1808 437 1842 ad
459 1808 539 1849 hoc,
564 1808 593 1842 si
617 1820 705 1853 opus
731 1809 851 1851 fuerit,
878 1810 1013 1845 auxilio
1037 1811 1176 1845 brachii
1200 1811 1382 1846 secularis
1402 1811 1462 1846 Sic
1484 1812 1599 1856 igitur
1622 1822 1730 1855 super
1751 1811 1820 1845 hoc
1843 1821 1906 1845 vos

287 1863 444 1897 reddatis
470 1863 626 1898 solicitos
653 1867 688 1899 et
714 1864 879 1906 intentos,
909 1866 1004 1909 quod
1031 1869 1173 1910 praeter
1198 1866 1472 1902 retributionem
1499 1866 1660 1902 divinam
1686 1868 1846 1901 nostram
1868 1867 1905 1900 et

288 1917 503 1959 apostolicae
519 1917 610 1952 sedis
626 1918 779 1961 gratiam
796 1919 1007 1954 mereamini
1022 1919 1169 1954 uberius
1185 1920 1356 1956 obtinere.

333 1971 381 2005 Ut
397 1975 516 2006 autem
537 1972 579 2007 de
600 1973 726 2007 talium
742 1973 841 2014 locis,
860 1974 945 2015 vita,
961 1975 1229 2011 conversatione
1245 1988 1287 2010 ac
1303 1975 1485 2011 erroribus
1501 1975 1577 2011 sitis
1593 1976 1698 2020 plene
1713 1973 1899 2010 informati

287 2030 322 2060 et
338 2029 462 2060 contra
477 2038 536 2061 eos
557 2028 749 2070 procedere
764 2028 892 2063 melius
906 2029 1065 2070 valeam,
1085 2031 1263 2073 quandam
1287 2030 1578 2066 informationem
1601 2041 1709 2074 super
1731 2029 1776 2064 iis
1799 2027 1903 2064 nobis

286 2081 454 2116 traditam
470 2082 665 2116 venerabili
692 2083 796 2117 fratri
819 2087 939 2118 nostro
963 2084 1126 2128 episcopo
1143 2085 1338 2120 Parisiensi
1361 2087 1426 2120 sub
1450 2087 1549 2121 bulla
1571 2088 1693 2121 nostra
1716 2083 1897 2120 transmit·

287 2135 406 2175 timus,
425 2137 527 2179 cujus
543 2137 682 2181 copiam
698 2138 831 2182 singuli
849 2142 1005 2174 vestrum
1022 2140 1198 2183 recipiant
1214 2141 1258 2175 ab
1275 2141 1411 2175 eodem.

332 2190 461 2224 Datum
478 2191 596 2233 Avin„
616 2192 665 2226 III
684 2204 764 2226 non.
785 2193 1014 2237 Septembris,
1033 2206 1127 2229 anno
1144 2195 1207 2230 ΙΙΙ.

633 2269 806 2305 Odoricus
837 2271 1060 2315 Raynaldus,
1094 2272 1256 2307 Annales
1287 2273 1521 2308 ecelesiastici
1551 2273 1596 2308 ad
1627 2283 1762 2307 annum
1794 2272 1896 2311 1365,

673 2331 711 2358 nr
729 2327 780 2365 17,
798 2325 876 2360 deel
892 2326 989 2368 XVI,
1009 2327 1073 2361 blz.
1093 2329 1155 2361 446
1171 2338 1215 2362 en
1233 2329 1306 2362 447.
1324 2347 1367 2352 —
1382 2327 1443 2363 Zie
1459 2327 1529 2362 ook
1544 2327 1732 2369 Mosheim‚
1751 2326 1816 2361 blz.
1836 2328 1898 2360 411

676 2390 721 2414 en
737 2379 831 2424 volg.

1030 2497 1152 2542 209.

349 2619 484 2671 1368,
521 2621 657 2678 April
682 2621 754 2671 15,
796 2622 948 2665 Rome.
990 2623 1068 2666 Bul
1106 2637 1190 2667 van
1228 2623 1428 2667 Urbanus
1461 2625 1500 2668 V
1537 2625 1707 2681 gericht
1742 2627 1809 2669 tot
1846 2626 1898 2669 de

285 2690 493 2744 prelaten,
521 2694 585 2734 tot
604 2691 655 2733 de
678 2695 854 2735 vorsten
886 2706 939 2734 en
961 2694 1026 2735 tot
1047 2692 1099 2735 de
1121 2694 1373 2749 regeerders
1405 2694 1480 2737 der
1511 2694 1715 2738 Duitsche
1739 2694 1895 2738 landen

283 2759 533 2814 aangaande
565 2759 640 2802 het
669 2760 902 2816 vervolgen
933 2760 1009 2803 der
1038 2761 1287 2805 kettersche
1320 2763 1591 2819 Beggarden.
1616 2789 1675 2795 —
1696 2765 1755 2807 De
1787 2777 1894 2820 paus

329 2924 374 2965 (1)
398 2924 457 2960 Dit
472 2925 554 2961 stuk
569 2925 707 2963 hebben
723 2929 781 2971 wij
801 2940 953 2974 nergens
968 2930 1223 2975 aangetroffen.
