<?xml version="1.0" encoding="UTF-8"?>
<!DOCTYPE html PUBLIC "-//W3C//DTD XHTML 1.0 Transitional//EN"
    "http://www.w3.org/TR/xhtml1/DTD/xhtml1-transitional.dtd">
<html xmlns="http://www.w3.org/1999/xhtml" xml:lang="en" lang="en">
 <head>
  <title>
</title>
<meta http-equiv="Content-Type" content="text/html;charset=utf-8" />
  <meta name='ocr-system' content='tesseract 3.04.00' />
  <meta name='ocr-capabilities' content='ocr_page ocr_carea ocr_par ocr_line ocrx_word'/>
</head>
<body>
  <div class='ocr_page' id='page_1' title='image "./corpusdocumentor01fruoft_0264.png"; bbox 0 0 2097 3466; ppageno 0'>
   <div class='ocr_carea' id='block_1_1' title="bbox 289 234 1229 277">
    <p class='ocr_par' dir='ltr' id='par_1_1' title="bbox 289 234 1229 277">
     <span class='ocr_line' id='line_1_1' title="bbox 289 234 1229 277; baseline -0.01 0"><span class='ocrx_word' id='word_1_1' title='bbox 289 243 352 277; x_wconf 78' lang='lat'>‘214</span> <span class='ocrx_word' id='word_1_2' title='bbox 972 234 1102 270; x_wconf 62' lang='lat' dir='ltr'>ANNO</span> <span class='ocrx_word' id='word_1_3' title='bbox 1131 236 1229 269; x_wconf 70' lang='lat'>1360</span> 
     </span>
    </p>
   </div>
   <div class='ocr_carea' id='block_1_2' title="bbox 289 326 1906 429">
    <p class='ocr_par' dir='ltr' id='par_1_2' title="bbox 289 326 1906 429">
     <span class='ocr_line' id='line_1_2' title="bbox 335 326 1906 373; baseline -0.004 -3"><span class='ocrx_word' id='word_1_4' title='bbox 335 337 464 371; x_wconf 73' lang='lat' dir='ltr'>Datum</span> <span class='ocrx_word' id='word_1_5' title='bbox 483 335 601 368; x_wconf 80' lang='lat' dir='ltr'>Lucae</span> <span class='ocrx_word' id='word_1_6' title='bbox 619 344 713 367; x_wconf 81' lang='lat' dir='ltr'>anno</span> <span class='ocrx_word' id='word_1_7' title='bbox 730 331 873 367; x_wconf 81' lang='lat' dir='ltr'>Domini</span> <span class='ocrx_word' id='word_1_8' title='bbox 891 330 1154 369; x_wconf 72' lang='lat' dir='ltr'>MCCCLXIX,</span> <span class='ocrx_word' id='word_1_9' title='bbox 1175 328 1298 363; x_wconf 82' lang='lat' dir='ltr'>indict.</span> <span class='ocrx_word' id='word_1_10' title='bbox 1318 327 1396 369; x_wconf 69' lang='lat' dir='ltr'>VH,</span> <span class='ocrx_word' id='word_1_11' title='bbox 1416 330 1542 372; x_wconf 82' lang='lat' dir='ltr'>quarto</span> <span class='ocrx_word' id='word_1_12' title='bbox 1556 327 1634 362; x_wconf 83' lang='lat' dir='ltr'>idus</span> <span class='ocrx_word' id='word_1_13' title='bbox 1650 326 1762 369; x_wconf 78' lang='lat' dir='ltr'>Junii,</span> <span class='ocrx_word' id='word_1_14' title='bbox 1780 338 1906 373; x_wconf 86' lang='lat' dir='ltr'>regno-</span> 
     </span>
     <span class='ocr_line' id='line_1_3' title="bbox 289 385 1214 429; baseline -0.011 -2"><span class='ocrx_word' id='word_1_15' title='bbox 289 403 368 427; x_wconf 89' lang='lat' dir='ltr'>rum</span> <span class='ocrx_word' id='word_1_16' title='bbox 387 394 589 425; x_wconf 61' lang='lat' dir='ltr'>nostrorum</span> <span class='ocrx_word' id='word_1_17' title='bbox 606 400 700 422; x_wconf 84' lang='lat' dir='ltr'>anno</span> <span class='ocrx_word' id='word_1_18' title='bbox 718 387 854 426; x_wconf 75' lang='lat' dir='ltr'>xxm,</span> <span class='ocrx_word' id='word_1_19' title='bbox 875 385 1014 429; x_wconf 82' lang='lat' dir='ltr'>imperii</span> <span class='ocrx_word' id='word_1_20' title='bbox 1033 396 1116 419; x_wconf 74' lang='lat' dir='ltr'>vcro</span> <span class='ocrx_word' id='word_1_21' title='bbox 1134 385 1214 419; x_wconf 74' lang='lat' dir='ltr'>XV.</span> 
     </span>
    </p>
   </div>
   <div class='ocr_carea' id='block_1_3' title="bbox 635 459 1910 997">
    <p class='ocr_par' dir='ltr' id='par_1_3' title="bbox 635 459 1910 997">
     <span class='ocr_line' id='line_1_4' title="bbox 635 459 1908 504; baseline -0.002 -6"><span class='ocrx_word' id='word_1_22' title='bbox 635 463 824 500; x_wconf 71' lang='lat' dir='ltr'>Moslieim,</span> <span class='ocrx_word' id='word_1_23' title='bbox 844 462 908 495; x_wconf 79' lang='lat' dir='ltr'>blz.</span> <span class='ocrx_word' id='word_1_24' title='bbox 928 463 1083 499; x_wconf 71' lang='grc'><strong>343-350,</strong></span> <span class='ocrx_word' id='word_1_25' title='bbox 1103 461 1159 494; x_wconf 85' lang='lat' dir='ltr'>die</span> <span class='ocrx_word' id='word_1_26' title='bbox 1176 472 1216 494; x_wconf 89' lang='lat' dir='ltr'>er</span> <span class='ocrx_word' id='word_1_27' title='bbox 1239 460 1418 503; x_wconf 82' lang='lat' dir='ltr'>bijvoegt.:</span> <span class='ocrx_word' id='word_1_28' title='bbox 1439 473 1454 486; x_wconf 71' lang='grc' dir='ltr'>ιι</span> <span class='ocrx_word' id='word_1_29' title='bbox 1473 459 1627 503; x_wconf 78' lang='lat' dir='ltr'>Magnus</span> <span class='ocrx_word' id='word_1_30' title='bbox 1653 459 1908 504; x_wconf 81' lang='lat' dir='ltr'>inquisitorum</span> 
     </span>
     <span class='ocr_line' id='line_1_5' title="bbox 678 514 1909 561; baseline -0.002 -9"><span class='ocrx_word' id='word_1_31' title='bbox 678 523 710 553; x_wconf 84' lang='lat' dir='ltr'>et</span> <span class='ocrx_word' id='word_1_32' title='bbox 728 518 832 557; x_wconf 73' lang='lat' dir='ltr'>sacri,</span> <span class='ocrx_word' id='word_1_33' title='bbox 851 518 944 561; x_wconf 79' lang='lat' dir='ltr'>quod</span> <span class='ocrx_word' id='word_1_34' title='bbox 963 516 1159 550; x_wconf 82' lang='lat' dir='ltr'>nominant.</span> <span class='ocrx_word' id='word_1_35' title='bbox 1180 515 1287 549; x_wconf 85' lang='lat' dir='ltr'>officii</span> <span class='ocrx_word' id='word_1_36' title='bbox 1313 515 1450 549; x_wconf 65' lang='lat' dir='ltr'>amiens</span> <span class='ocrx_word' id='word_1_37' title='bbox 1473 515 1583 549; x_wconf 76' lang='lat' dir='ltr'>fucrit</span> <span class='ocrx_word' id='word_1_38' title='bbox 1607 527 1747 549; x_wconf 70' lang='lat' dir='ltr'>neeesse</span> <span class='ocrx_word' id='word_1_39' title='bbox 1763 518 1827 556; x_wconf 75' lang='lat' dir='ltr'>est,</span> <span class='ocrx_word' id='word_1_40' title='bbox 1847 514 1909 559; x_wconf 85' lang='lat' dir='ltr'>qui</span> 
     </span>
     <span class='ocr_line' id='line_1_6' title="bbox 676 569 1907 614; baseline -0.002 -7"><span class='ocrx_word' id='word_1_41' title='bbox 676 574 739 607; x_wconf 69' lang='lat' dir='ltr'>has</span> <span class='ocrx_word' id='word_1_42' title='bbox 758 573 894 607; x_wconf 68' lang='lat' dir='ltr'>litteras</span> <span class='ocrx_word' id='word_1_43' title='bbox 912 570 1135 614; x_wconf 75' lang='lat' dir='ltr'>imperatoris</span> <span class='ocrx_word' id='word_1_44' title='bbox 1153 570 1351 613; x_wconf 73' lang='lat' dir='ltr'>composuit</span> <span class='ocrx_word' id='word_1_45' title='bbox 1375 570 1538 613; x_wconf 76' lang='lat' dir='ltr'>idemque</span> <span class='ocrx_word' id='word_1_46' title='bbox 1562 570 1811 611; x_wconf 80' lang='lat' dir='ltr'>formularum,</span> <span class='ocrx_word' id='word_1_47' title='bbox 1831 569 1907 614; x_wconf 86' lang='lat' dir='ltr'>qui-</span> 
     </span>
     <span class='ocr_line' id='line_1_7' title="bbox 678 624 1909 671; baseline -0.002 -9"><span class='ocrx_word' id='word_1_48' title='bbox 678 629 743 662; x_wconf 70' lang='lat' dir='ltr'>bus</span> <span class='ocrx_word' id='word_1_49' title='bbox 754 626 992 671; x_wconf 59' lang='lat' dir='ltr'>jureconsulti</span> <span class='ocrx_word' id='word_1_50' title='bbox 1011 625 1197 660; x_wconf 70' lang='lat' dir='ltr'>calliditati</span> <span class='ocrx_word' id='word_1_51' title='bbox 1225 625 1410 659; x_wconf 86' lang='lat' dir='ltr'>hominum</span> <span class='ocrx_word' id='word_1_52' title='bbox 1432 626 1528 669; x_wconf 67' lang='lat' dir='ltr'>loges</span> <span class='ocrx_word' id='word_1_53' title='bbox 1545 625 1668 659; x_wconf 83' lang='lat' dir='ltr'>fallere</span> <span class='ocrx_word' id='word_1_54' title='bbox 1686 624 1909 669; x_wconf 85' lang='lat' dir='ltr'>cupientium</span> 
     </span>
     <span class='ocr_line' id='line_1_8' title="bbox 677 679 1908 724; baseline -0.002 -8"><span class='ocrx_word' id='word_1_55' title='bbox 677 684 884 720; x_wconf 84' lang='lat' dir='ltr'>occurrunt,</span> <span class='ocrx_word' id='word_1_56' title='bbox 902 680 1136 724; x_wconf 65' lang='lat' dir='ltr'>peritissimus</span> <span class='ocrx_word' id='word_1_57' title='bbox 1151 693 1159 721; x_wconf 70' lang='grc' dir='ltr'><strong>ς</strong></span> <span class='ocrx_word' id='word_1_58' title='bbox 1178 691 1259 714; x_wconf 79' lang='lat' dir='ltr'>nam</span> <span class='ocrx_word' id='word_1_59' title='bbox 1277 684 1310 713; x_wconf 88' lang='lat' dir='ltr'>et</span> <span class='ocrx_word' id='word_1_60' title='bbox 1328 679 1580 722; x_wconf 76' lang='lat' dir='ltr'>inquisitorum</span> <span class='ocrx_word' id='word_1_61' title='bbox 1599 679 1794 713; x_wconf 81' lang='lat' dir='ltr'>commodis</span> <span class='ocrx_word' id='word_1_62' title='bbox 1809 680 1908 714; x_wconf 89' lang='lat' dir='ltr'>miri-</span> 
     </span>
     <span class='ocr_line' id='line_1_9' title="bbox 679 734 1908 779; baseline 0 -8"><span class='ocrx_word' id='word_1_63' title='bbox 679 738 746 771; x_wconf 80' lang='lat' dir='ltr'>fica</span> <span class='ocrx_word' id='word_1_64' title='bbox 765 735 907 769; x_wconf 71' lang='lat' dir='ltr'>solertia</span> <span class='ocrx_word' id='word_1_65' title='bbox 926 735 1085 778; x_wconf 72' lang='lat' dir='ltr'>providet</span> <span class='ocrx_word' id='word_1_66' title='bbox 1110 737 1142 768; x_wconf 85' lang='lat' dir='ltr'>et</span> <span class='ocrx_word' id='word_1_67' title='bbox 1167 737 1219 768; x_wconf 79' lang='lat' dir='ltr'>tot</span> <span class='ocrx_word' id='word_1_68' title='bbox 1243 734 1468 768; x_wconf 72' lang='lat' dir='ltr'>cautionibus</span> <span class='ocrx_word' id='word_1_69' title='bbox 1491 735 1652 779; x_wconf 73' lang='lat' dir='ltr'>singulas</span> <span class='ocrx_word' id='word_1_70' title='bbox 1669 738 1786 778; x_wconf 80' lang='lat' dir='ltr'>partes</span> <span class='ocrx_word' id='word_1_71' title='bbox 1801 736 1908 771; x_wconf 83' lang='lat' dir='ltr'>edicti</span> 
     </span>
     <span class='ocr_line' id='line_1_10' title="bbox 679 788 1910 835; baseline 0.002 -10"><span class='ocrx_word' id='word_1_72' title='bbox 679 791 808 828; x_wconf 73' lang='lat' dir='ltr'>munit,</span> <span class='ocrx_word' id='word_1_73' title='bbox 828 795 863 823; x_wconf 89' lang='lat' dir='ltr'>ut</span> <span class='ocrx_word' id='word_1_74' title='bbox 883 790 941 824; x_wconf 65' lang='lat' dir='ltr'>vix</span> <span class='ocrx_word' id='word_1_75' title='bbox 959 791 1072 834; x_wconf 77' lang='lat' dir='ltr'>legem</span> <span class='ocrx_word' id='word_1_76' title='bbox 1089 789 1292 823; x_wconf 75' lang='lat' dir='ltr'>accuratius</span> <span class='ocrx_word' id='word_1_77' title='bbox 1309 793 1343 823; x_wconf 81' lang='lat' dir='ltr'>et</span> <span class='ocrx_word' id='word_1_78' title='bbox 1366 788 1506 823; x_wconf 71' lang='lat' dir='ltr'>cautius</span> <span class='ocrx_word' id='word_1_79' title='bbox 1522 790 1693 833; x_wconf 70' lang='lat' dir='ltr'>scriptam</span> <span class='ocrx_word' id='word_1_80' title='bbox 1710 801 1767 824; x_wconf 81' lang='lat' dir='ltr'>me</span> <span class='ocrx_word' id='word_1_81' title='bbox 1790 791 1910 835; x_wconf 82' lang='lat' dir='ltr'>legere</span> 
     </span>
     <span class='ocr_line' id='line_1_11' title="bbox 678 843 1908 888; baseline -0.002 -8"><span class='ocrx_word' id='word_1_82' title='bbox 678 846 916 880; x_wconf 83' lang='lat' dir='ltr'>meminerim.</span> <span class='ocrx_word' id='word_1_83' title='bbox 936 845 1066 878; x_wconf 83' lang='lat' dir='ltr'>Totum</span> <span class='ocrx_word' id='word_1_84' title='bbox 1088 843 1245 888; x_wconf 77' lang='lat' dir='ltr'>diploma</span> <span class='ocrx_word' id='word_1_85' title='bbox 1269 843 1508 887; x_wconf 79' lang='lat' dir='ltr'>eloquentiam</span> <span class='ocrx_word' id='word_1_86' title='bbox 1526 844 1640 888; x_wconf 78' lang='lat' dir='ltr'>magis</span> <span class='ocrx_word' id='word_1_87' title='bbox 1657 844 1761 879; x_wconf 84' lang='lat' dir='ltr'>aulae</span> <span class='ocrx_word' id='word_1_88' title='bbox 1778 844 1908 879; x_wconf 84' lang='lat' dir='ltr'>Roma-</span> 
     </span>
     <span class='ocr_line' id='line_1_12' title="bbox 679 898 1910 943; baseline -0.002 -8"><span class='ocrx_word' id='word_1_89' title='bbox 679 913 745 935; x_wconf 80' lang='lat' dir='ltr'>nae</span> <span class='ocrx_word' id='word_1_90' title='bbox 763 913 823 935; x_wconf 79' lang='lat' dir='ltr'>seu</span> <span class='ocrx_word' id='word_1_91' title='bbox 841 899 1045 943; x_wconf 83' lang='lat' dir='ltr'>pontificiae</span> <span class='ocrx_word' id='word_1_92' title='bbox 1062 911 1168 942; x_wconf 80' lang='lat' dir='ltr'>quain</span> <span class='ocrx_word' id='word_1_93' title='bbox 1188 900 1379 933; x_wconf 69' lang='lat' dir='ltr'>Caesareae</span> <span class='ocrx_word' id='word_1_94' title='bbox 1408 899 1499 942; x_wconf 67' lang='lat' dir='ltr'>sapit</span> <span class='ocrx_word' id='word_1_95' title='bbox 1516 902 1549 933; x_wconf 86' lang='lat' dir='ltr'>et.</span> <span class='ocrx_word' id='word_1_96' title='bbox 1573 899 1665 934; x_wconf 78' lang='lat' dir='ltr'>sacri</span> <span class='ocrx_word' id='word_1_97' title='bbox 1689 898 1824 935; x_wconf 81' lang='lat' dir='ltr'>ordinis</span> <span class='ocrx_word' id='word_1_98' title='bbox 1841 898 1910 937; x_wconf 83' lang='lat' dir='ltr'>viri</span> 
     </span>
     <span class='ocr_line' id='line_1_13' title="bbox 678 954 1544 997; baseline 0.001 -8"><span class='ocrx_word' id='word_1_99' title='bbox 678 955 884 990; x_wconf 81' lang='lat' dir='ltr'>lucubratio</span> <span class='ocrx_word' id='word_1_100' title='bbox 901 967 974 989; x_wconf 76' lang='lat' dir='ltr'>csse</span> <span class='ocrx_word' id='word_1_101' title='bbox 991 954 1143 988; x_wconf 73' lang='lat' dir='ltr'>videtur.</span> <span class='ocrx_word' id='word_1_102' title='bbox 1161 970 1176 983; x_wconf 69' lang='lat' dir='ltr'>n</span> <span class='ocrx_word' id='word_1_103' title='bbox 1196 954 1353 995; x_wconf 79' lang='lat' dir='ltr'>(Aldaar,</span> <span class='ocrx_word' id='word_1_104' title='bbox 1374 954 1438 988; x_wconf 85' lang='lat' dir='ltr'>blz.</span> <span class='ocrx_word' id='word_1_105' title='bbox 1457 955 1544 997; x_wconf 79' lang='lat'>350).</span> 
     </span>
    </p>
   </div>
   <div class='ocr_carea' id='block_1_4' title="bbox 1051 1069 1162 1113">
    <p class='ocr_par' dir='ltr' id='par_1_4' title="bbox 1051 1069 1162 1113">
     <span class='ocr_line' id='line_1_14' title="bbox 1051 1069 1162 1113; baseline 0.009 -1"><span class='ocrx_word' id='word_1_106' title='bbox 1051 1069 1162 1113; x_wconf 84' lang='lat'><strong>212.</strong></span> 
     </span>
    </p>
   </div>
   <div class='ocr_carea' id='block_1_5' title="bbox 286 1177 1924 2956">
    <p class='ocr_par' dir='ltr' id='par_1_5' title="bbox 286 1177 1924 2956">
     <span class='ocr_line' id='line_1_15' title="bbox 347 1177 1914 1233; baseline -0.003 -8"><span class='ocrx_word' id='word_1_107' title='bbox 347 1182 484 1230; x_wconf 77' lang='lat'><em>1369,</em></span> <span class='ocrx_word' id='word_1_108' title='bbox 513 1181 625 1222; x_wconf 75' lang='lat' dir='ltr'>szz&#39;</span> <span class='ocrx_word' id='word_1_109' title='bbox 650 1181 719 1229; x_wconf 87' lang='lat'>17,</span> <span class='ocrx_word' id='word_1_110' title='bbox 743 1180 908 1221; x_wconf 69' lang='lat' dir='ltr'>Laeca.</span> <span class='ocrx_word' id='word_1_111' title='bbox 937 1177 1067 1220; x_wconf 89' lang='lat' dir='ltr'>Bevel</span> <span class='ocrx_word' id='word_1_112' title='bbox 1089 1190 1173 1219; x_wconf 81' lang='lat' dir='ltr'>van</span> <span class='ocrx_word' id='word_1_113' title='bbox 1205 1177 1350 1220; x_wconf 84' lang='lat' dir='ltr'>keizer</span> <span class='ocrx_word' id='word_1_114' title='bbox 1382 1178 1515 1220; x_wconf 80' lang='lat' dir='ltr'>Karel</span> <span class='ocrx_word' id='word_1_115' title='bbox 1548 1178 1625 1229; x_wconf 95' lang='lat' dir='ltr'>IV,</span> <span class='ocrx_word' id='word_1_116' title='bbox 1653 1177 1824 1233; x_wconf 82' lang='lat' dir='ltr'>gericht</span> <span class='ocrx_word' id='word_1_117' title='bbox 1846 1178 1914 1221; x_wconf 78' lang='lat' dir='ltr'>tot</span> 
     </span>
     <span class='ocr_line' id='line_1_16' title="bbox 287 1245 1913 1304; baseline -0.004 -10"><span class='ocrx_word' id='word_1_118' title='bbox 287 1251 338 1294; x_wconf 90' lang='lat' dir='ltr'>de</span> <span class='ocrx_word' id='word_1_119' title='bbox 360 1249 638 1304; x_wconf 79' lang='lat' dir='ltr'>inquisiteurs</span> <span class='ocrx_word' id='word_1_120' title='bbox 663 1249 706 1291; x_wconf 92' lang='lat' dir='ltr'>in</span> <span class='ocrx_word' id='word_1_121' title='bbox 730 1248 780 1290; x_wconf 90' lang='lat' dir='ltr'>de</span> <span class='ocrx_word' id='word_1_122' title='bbox 804 1247 1005 1290; x_wconf 84' lang='lat' dir='ltr'>Duitsche</span> <span class='ocrx_word' id='word_1_123' title='bbox 1027 1245 1184 1288; x_wconf 82' lang='lat' dir='ltr'>landen</span> <span class='ocrx_word' id='word_1_124' title='bbox 1210 1247 1385 1290; x_wconf 77' lang='lat' dir='ltr'>Walter</span> <span class='ocrx_word' id='word_1_125' title='bbox 1407 1247 1590 1302; x_wconf 82' lang='lat' dir='ltr'>Kerling</span> <span class='ocrx_word' id='word_1_126' title='bbox 1613 1261 1665 1289; x_wconf 91' lang='lat' dir='ltr'>en</span> <span class='ocrx_word' id='word_1_127' title='bbox 1690 1245 1913 1303; x_wconf 87' lang='lat' dir='ltr'>Lodewijk</span> 
     </span>
     <span class='ocr_line' id='line_1_17' title="bbox 287 1314 1912 1374; baseline -0.002 -11"><span class='ocrx_word' id='word_1_128' title='bbox 287 1320 337 1363; x_wconf 91' lang='lat' dir='ltr'>de</span> <span class='ocrx_word' id='word_1_129' title='bbox 360 1319 507 1374; x_wconf 83' lang='lat' dir='ltr'>Caliga</span> <span class='ocrx_word' id='word_1_130' title='bbox 539 1317 728 1360; x_wconf 86' lang='lat' dir='ltr'>alsmede</span> <span class='ocrx_word' id='word_1_131' title='bbox 752 1320 815 1360; x_wconf 82' lang='lat' dir='ltr'>tot</span> <span class='ocrx_word' id='word_1_132' title='bbox 836 1316 886 1358; x_wconf 91' lang='lat' dir='ltr'>de</span> <span class='ocrx_word' id='word_1_133' title='bbox 908 1319 1022 1358; x_wconf 82' lang='lat' dir='ltr'>twee</span> <span class='ocrx_word' id='word_1_134' title='bbox 1055 1314 1386 1369; x_wconf 83' lang='lat' dir='ltr'>predikheeren,</span> <span class='ocrx_word' id='word_1_135' title='bbox 1413 1316 1481 1359; x_wconf 91' lang='lat' dir='ltr'>die</span> <span class='ocrx_word' id='word_1_136' title='bbox 1502 1316 1606 1358; x_wconf 88' lang='lat' dir='ltr'>door</span> <span class='ocrx_word' id='word_1_137' title='bbox 1639 1315 1814 1359; x_wconf 80' lang='lat' dir='ltr'>Walter</span> <span class='ocrx_word' id='word_1_138' title='bbox 1834 1316 1912 1373; x_wconf 73' lang='lat' dir='ltr'>vals</span> 
     </span>
     <span class='ocr_line' id='line_1_18' title="bbox 289 1383 1911 1440; baseline -0.004 -8"><span class='ocrx_word' id='word_1_139' title='bbox 289 1389 645 1432; x_wconf 85' lang='lat' dir='ltr'>kettermeesters</span> <span class='ocrx_word' id='word_1_140' title='bbox 668 1387 710 1428; x_wconf 92' lang='lat' dir='ltr'>in</span> <span class='ocrx_word' id='word_1_141' title='bbox 734 1384 923 1428; x_wconf 87' lang='lat' dir='ltr'>dezelfde</span> <span class='ocrx_word' id='word_1_142' title='bbox 944 1387 1164 1440; x_wconf 78' lang='lat' dir='ltr'>gewesten</span> <span class='ocrx_word' id='word_1_143' title='bbox 1192 1385 1333 1427; x_wconf 89' lang='lat' dir='ltr'>zullen</span> <span class='ocrx_word' id='word_1_144' title='bbox 1361 1384 1613 1440; x_wconf 78' lang='lat' dir='ltr'>aangestelcl</span> <span class='ocrx_word' id='word_1_145' title='bbox 1635 1383 1828 1434; x_wconf 80' lang='lat' dir='ltr'>worden,</span> <span class='ocrx_word' id='word_1_146' title='bbox 1857 1397 1911 1426; x_wconf 92' lang='lat' dir='ltr'>en</span> 
     </span>
     <span class='ocr_line' id='line_1_19' title="bbox 289 1451 1911 1511; baseline -0.004 -10"><span class='ocrx_word' id='word_1_147' title='bbox 289 1461 354 1501; x_wconf 81' lang='lat' dir='ltr'>tot</span> <span class='ocrx_word' id='word_1_148' title='bbox 371 1458 517 1500; x_wconf 90' lang='lat' dir='ltr'>hunne</span> <span class='ocrx_word' id='word_1_149' title='bbox 540 1456 769 1511; x_wconf 81' lang='lat' dir='ltr'>opvolgers</span> <span class='ocrx_word' id='word_1_150' title='bbox 792 1454 834 1495; x_wconf 90' lang='lat' dir='ltr'>in</span> <span class='ocrx_word' id='word_1_151' title='bbox 858 1454 930 1496; x_wconf 81' lang='lat' dir='ltr'>dat</span> <span class='ocrx_word' id='word_1_152' title='bbox 954 1451 1086 1502; x_wconf 80' lang='lat' dir='ltr'>ambt‚</span> <span class='ocrx_word' id='word_1_153' title='bbox 1110 1466 1212 1495; x_wconf 86' lang='lat' dir='ltr'>over</span> <span class='ocrx_word' id='word_1_154' title='bbox 1232 1453 1308 1496; x_wconf 79' lang='lat' dir='ltr'>het</span> <span class='ocrx_word' id='word_1_155' title='bbox 1331 1453 1540 1496; x_wconf 80' lang='lat' dir='ltr'>uitroeien</span> <span class='ocrx_word' id='word_1_156' title='bbox 1563 1453 1640 1495; x_wconf 86' lang='lat' dir='ltr'>der</span> <span class='ocrx_word' id='word_1_157' title='bbox 1661 1452 1911 1496; x_wconf 81' lang='lat' dir='ltr'>kettersche</span> 
     </span>
     <span class='ocr_line' id='line_1_20' title="bbox 290 1521 1912 1569; baseline -0.003 0"><span class='ocrx_word' id='word_1_158' title='bbox 290 1525 498 1569; x_wconf 85' lang='lat' dir='ltr'>sehriften</span> <span class='ocrx_word' id='word_1_159' title='bbox 523 1525 566 1567; x_wconf 89' lang='lat' dir='ltr'>in</span> <span class='ocrx_word' id='word_1_160' title='bbox 590 1525 640 1566; x_wconf 85' lang='lat' dir='ltr'>de</span> <span class='ocrx_word' id='word_1_161' title='bbox 658 1523 871 1566; x_wconf 79' lang='lat' dir='ltr'>volkstaal</span> <span class='ocrx_word' id='word_1_162' title='bbox 891 1536 943 1564; x_wconf 91' lang='lat' dir='ltr'>en</span> <span class='ocrx_word' id='word_1_163' title='bbox 963 1534 1065 1563; x_wconf 87' lang='lat' dir='ltr'>over</span> <span class='ocrx_word' id='word_1_164' title='bbox 1087 1522 1163 1564; x_wconf 80' lang='lat' dir='ltr'>het</span> <span class='ocrx_word' id='word_1_165' title='bbox 1181 1521 1414 1564; x_wconf 90' lang='lat' dir='ltr'>benoemen</span> <span class='ocrx_word' id='word_1_166' title='bbox 1440 1522 1517 1564; x_wconf 84' lang='lat' dir='ltr'>der</span> <span class='ocrx_word' id='word_1_167' title='bbox 1539 1522 1783 1564; x_wconf 79' lang='lat' dir='ltr'>notarissen</span> <span class='ocrx_word' id='word_1_168' title='bbox 1808 1521 1912 1564; x_wconf 85' lang='lat' dir='ltr'>door</span> 
     </span>
     <span class='ocr_line' id='line_1_21' title="bbox 289 1590 1911 1649; baseline -0.004 -11"><span class='ocrx_word' id='word_1_169' title='bbox 289 1595 340 1638; x_wconf 89' lang='lat' dir='ltr'>de</span> <span class='ocrx_word' id='word_1_170' title='bbox 363 1594 657 1649; x_wconf 79' lang='lat' dir='ltr'>inquisiteurs.</span> <span class='ocrx_word' id='word_1_171' title='bbox 678 1617 735 1623; x_wconf 92' lang='lat'>--</span> <span class='ocrx_word' id='word_1_172' title='bbox 754 1593 812 1634; x_wconf 88' lang='lat' dir='ltr'>De</span> <span class='ocrx_word' id='word_1_173' title='bbox 844 1591 989 1634; x_wconf 85' lang='lat' dir='ltr'>keizer</span> <span class='ocrx_word' id='word_1_174' title='bbox 1013 1590 1131 1632; x_wconf 83' lang='lat' dir='ltr'>heeft</span> <span class='ocrx_word' id='word_1_175' title='bbox 1154 1604 1407 1642; x_wconf 83' lang='lat' dir='ltr'>vernornen‚</span> <span class='ocrx_word' id='word_1_176' title='bbox 1435 1590 1509 1633; x_wconf 80' lang='lat' dir='ltr'>dat</span> <span class='ocrx_word' id='word_1_177' title='bbox 1531 1590 1664 1633; x_wconf 86' lang='lat' dir='ltr'>onder</span> <span class='ocrx_word' id='word_1_178' title='bbox 1686 1590 1737 1632; x_wconf 90' lang='lat' dir='ltr'>de</span> <span class='ocrx_word' id='word_1_179' title='bbox 1759 1590 1911 1633; x_wconf 88' lang='lat' dir='ltr'>leeken</span> 
     </span>
     <span class='ocr_line' id='line_1_22' title="bbox 290 1659 1911 1710; baseline -0.003 -3"><span class='ocrx_word' id='word_1_180' title='bbox 290 1665 366 1707; x_wconf 84' lang='lat' dir='ltr'>der·</span> <span class='ocrx_word' id='word_1_181' title='bbox 398 1663 602 1706; x_wconf 83' lang='lat' dir='ltr'>Duitsche</span> <span class='ocrx_word' id='word_1_182' title='bbox 641 1661 799 1704; x_wconf 83' lang='lat' dir='ltr'>landen</span> <span class='ocrx_word' id='word_1_183' title='bbox 831 1661 927 1703; x_wconf 87' lang='lat' dir='ltr'>veel</span> <span class='ocrx_word' id='word_1_184' title='bbox 960 1659 1208 1702; x_wconf 83' lang='lat' dir='ltr'>kettersche</span> <span class='ocrx_word' id='word_1_185' title='bbox 1233 1659 1459 1710; x_wconf 78' lang='lat' dir='ltr'>sehristen,</span> <span class='ocrx_word' id='word_1_186' title='bbox 1486 1660 1530 1702; x_wconf 91' lang='lat' dir='ltr'>in</span> <span class='ocrx_word' id='word_1_187' title='bbox 1565 1660 1616 1701; x_wconf 91' lang='lat' dir='ltr'>de</span> <span class='ocrx_word' id='word_1_188' title='bbox 1649 1659 1911 1702; x_wconf 81' lang='lat' dir='ltr'>moedertaal</span> 
     </span>
     <span class='ocr_line' id='line_1_23' title="bbox 288 1728 1913 1788; baseline -0.002 -13"><span class='ocrx_word' id='word_1_189' title='bbox 288 1733 568 1788; x_wconf 82' lang='lat' dir='ltr'>geschreven‚</span> <span class='ocrx_word' id='word_1_190' title='bbox 594 1732 637 1773; x_wconf 86' lang='lat' dir='ltr'>in</span> <span class='ocrx_word' id='word_1_191' title='bbox 660 1731 827 1786; x_wconf 87' lang='lat' dir='ltr'>omloop</span> <span class='ocrx_word' id='word_1_192' title='bbox 851 1730 957 1786; x_wconf 81' lang='lat' dir='ltr'>zijn;</span> <span class='ocrx_word' id='word_1_193' title='bbox 986 1728 1158 1770; x_wconf 79' lang='lat' dir='ltr'>daarom</span> <span class='ocrx_word' id='word_1_194' title='bbox 1194 1728 1362 1771; x_wconf 78' lang='lat' dir='ltr'>beveelt</span> <span class='ocrx_word' id='word_1_195' title='bbox 1396 1729 1454 1785; x_wconf 84' lang='lat' dir='ltr'>hij</span> <span class='ocrx_word' id='word_1_196' title='bbox 1480 1732 1553 1771; x_wconf 81' lang='lat' dir='ltr'>ten</span> <span class='ocrx_word' id='word_1_197' title='bbox 1578 1730 1797 1784; x_wconf 82' lang='lat' dir='ltr'>strengste</span> <span class='ocrx_word' id='word_1_198' title='bbox 1829 1741 1913 1771; x_wconf 82' lang='lat' dir='ltr'>aan</span> 
     </span>
     <span class='ocr_line' id='line_1_24' title="bbox 286 1797 1910 1855; baseline -0.004 -10"><span class='ocrx_word' id='word_1_199' title='bbox 286 1802 338 1845; x_wconf 91' lang='lat' dir='ltr'>de</span> <span class='ocrx_word' id='word_1_200' title='bbox 361 1800 783 1855; x_wconf 83' lang='lat' dir='ltr'>aartsbisschoppen‚</span> <span class='ocrx_word' id='word_1_201' title='bbox 808 1798 1108 1853; x_wconf 82' lang='lat' dir='ltr'>bissehoppen,</span> <span class='ocrx_word' id='word_1_202' title='bbox 1137 1811 1229 1840; x_wconf 89' lang='lat' dir='ltr'>enz.</span> <span class='ocrx_word' id='word_1_203' title='bbox 1260 1812 1313 1840; x_wconf 89' lang='lat' dir='ltr'>en</span> <span class='ocrx_word' id='word_1_204' title='bbox 1337 1812 1419 1840; x_wconf 80' lang='lat' dir='ltr'>aan</span> <span class='ocrx_word' id='word_1_205' title='bbox 1442 1798 1493 1840; x_wconf 88' lang='lat' dir='ltr'>de</span> <span class='ocrx_word' id='word_1_206' title='bbox 1517 1797 1709 1853; x_wconf 80' lang='lat' dir='ltr'>gansche</span> <span class='ocrx_word' id='word_1_207' title='bbox 1742 1799 1910 1853; x_wconf 80' lang='lat' dir='ltr'>geeste—</span> 
     </span>
     <span class='ocr_line' id='line_1_25' title="bbox 290 1867 1914 1927; baseline -0.003 -14"><span class='ocrx_word' id='word_1_208' title='bbox 290 1870 468 1927; x_wconf 83' lang='lat' dir='ltr'>lijkheid</span> <span class='ocrx_word' id='word_1_209' title='bbox 492 1868 641 1912; x_wconf 84' lang='lat' dir='ltr'>alsook</span> <span class='ocrx_word' id='word_1_210' title='bbox 657 1882 739 1911; x_wconf 82' lang='lat' dir='ltr'>aan</span> <span class='ocrx_word' id='word_1_211' title='bbox 764 1867 815 1910; x_wconf 93' lang='lat' dir='ltr'>de</span> <span class='ocrx_word' id='word_1_212' title='bbox 837 1868 1065 1923; x_wconf 80' lang='lat' dir='ltr'>hertogen‚</span> <span class='ocrx_word' id='word_1_213' title='bbox 1091 1871 1284 1918; x_wconf 80' lang='lat' dir='ltr'>vorsten,</span> <span class='ocrx_word' id='word_1_214' title='bbox 1308 1867 1614 1922; x_wconf 76' lang='lat' dir='ltr'>markgraven,</span> <span class='ocrx_word' id='word_1_215' title='bbox 1638 1879 1730 1909; x_wconf 91' lang='lat' dir='ltr'>enz.</span> <span class='ocrx_word' id='word_1_216' title='bbox 1754 1879 1806 1908; x_wconf 90' lang='lat' dir='ltr'>en</span> <span class='ocrx_word' id='word_1_217' title='bbox 1832 1879 1914 1908; x_wconf 85' lang='lat' dir='ltr'>aan</span> 
     </span>
     <span class='ocr_line' id='line_1_26' title="bbox 288 1934 1914 1995; baseline -0.004 -12"><span class='ocrx_word' id='word_1_218' title='bbox 288 1940 328 1983; x_wconf 84' lang='lat' dir='ltr'>al</span> <span class='ocrx_word' id='word_1_219' title='bbox 347 1939 398 1981; x_wconf 86' lang='lat' dir='ltr'>de</span> <span class='ocrx_word' id='word_1_220' title='bbox 415 1938 686 1995; x_wconf 83' lang='lat' dir='ltr'>wereldlijke</span> <span class='ocrx_word' id='word_1_221' title='bbox 709 1937 969 1985; x_wconf 82' lang='lat' dir='ltr'>overheden,</span> <span class='ocrx_word' id='word_1_222' title='bbox 997 1938 1070 1981; x_wconf 80' lang='lat' dir='ltr'>dat</span> <span class='ocrx_word' id='word_1_223' title='bbox 1093 1939 1144 1995; x_wconf 84' lang='lat' dir='ltr'>zij</span> <span class='ocrx_word' id='word_1_224' title='bbox 1171 1937 1300 1980; x_wconf 86' lang='lat' dir='ltr'>zulke</span> <span class='ocrx_word' id='word_1_225' title='bbox 1326 1935 1535 1978; x_wconf 78' lang='lat' dir='ltr'>schriften</span> <span class='ocrx_word' id='word_1_226' title='bbox 1556 1949 1638 1977; x_wconf 82' lang='lat' dir='ltr'>aan</span> <span class='ocrx_word' id='word_1_227' title='bbox 1663 1935 1713 1977; x_wconf 90' lang='lat' dir='ltr'>de</span> <span class='ocrx_word' id='word_1_228' title='bbox 1736 1934 1914 1989; x_wconf 89' lang='lat' dir='ltr'>inquisi-</span> 
     </span>
     <span class='ocr_line' id='line_1_27' title="bbox 289 2003 1916 2063; baseline -0.004 -12"><span class='ocrx_word' id='word_1_229' title='bbox 289 2012 408 2051; x_wconf 86' lang='lat' dir='ltr'>teurs</span> <span class='ocrx_word' id='word_1_230' title='bbox 430 2007 605 2050; x_wconf 67' lang='lat' dir='ltr'>Walter</span> <span class='ocrx_word' id='word_1_231' title='bbox 627 2006 826 2062; x_wconf 83' lang='lat' dir='ltr'>Kerling‚</span> <span class='ocrx_word' id='word_1_232' title='bbox 852 2006 1072 2063; x_wconf 70' lang='lat' dir='ltr'>LodewiJk</span> <span class='ocrx_word' id='word_1_233' title='bbox 1096 2007 1146 2049; x_wconf 90' lang='lat' dir='ltr'>de</span> <span class='ocrx_word' id='word_1_234' title='bbox 1171 2005 1319 2060; x_wconf 82' lang='lat' dir='ltr'>Caliga</span> <span class='ocrx_word' id='word_1_235' title='bbox 1341 2004 1387 2046; x_wconf 88' lang='lat' dir='ltr'>of</span> <span class='ocrx_word' id='word_1_236' title='bbox 1403 2018 1485 2047; x_wconf 86' lang='lat' dir='ltr'>aan</span> <span class='ocrx_word' id='word_1_237' title='bbox 1512 2004 1660 2045; x_wconf 88' lang='lat' dir='ltr'>hunne</span> <span class='ocrx_word' id='word_1_238' title='bbox 1682 2003 1916 2046; x_wconf 84' lang='lat' dir='ltr'>vicarissen</span> 
     </span>
     <span class='ocr_line' id='line_1_28' title="bbox 289 2072 1919 2129; baseline -0.003 -10"><span class='ocrx_word' id='word_1_239' title='bbox 289 2076 453 2120; x_wconf 90' lang='lat' dir='ltr'>zouden</span> <span class='ocrx_word' id='word_1_240' title='bbox 478 2076 586 2118; x_wconf 90' lang='lat' dir='ltr'>doen</span> <span class='ocrx_word' id='word_1_241' title='bbox 605 2075 822 2118; x_wconf 84' lang='lat' dir='ltr'>afleveren</span> <span class='ocrx_word' id='word_1_242' title='bbox 845 2088 913 2117; x_wconf 92' lang='lat' dir='ltr'>om</span> <span class='ocrx_word' id='word_1_243' title='bbox 935 2089 982 2117; x_wconf 82' lang='lat' dir='ltr'>ze</span> <span class='ocrx_word' id='word_1_244' title='bbox 1006 2075 1268 2129; x_wconf 79' lang='lat' dir='ltr'>aandachtig</span> <span class='ocrx_word' id='word_1_245' title='bbox 1290 2078 1334 2117; x_wconf 87' lang='lat' dir='ltr'>te</span> <span class='ocrx_word' id='word_1_246' title='bbox 1358 2072 1656 2116; x_wconf 87' lang='lat' dir='ltr'>onderzoeken</span> <span class='ocrx_word' id='word_1_247' title='bbox 1681 2085 1734 2115; x_wconf 88' lang='lat' dir='ltr'>en</span> <span class='ocrx_word' id='word_1_248' title='bbox 1758 2077 1800 2114; x_wconf 87' lang='lat' dir='ltr'>te</span> <span class='ocrx_word' id='word_1_249' title='bbox 1823 2085 1919 2114; x_wconf 85' lang='lat' dir='ltr'>ver-</span> 
     </span>
     <span class='ocr_line' id='line_1_29' title="bbox 290 2141 1921 2200; baseline -0.004 -11"><span class='ocrx_word' id='word_1_250' title='bbox 290 2145 500 2196; x_wconf 83' lang='lat' dir='ltr'>branden,</span> <span class='ocrx_word' id='word_1_251' title='bbox 539 2158 592 2187; x_wconf 89' lang='lat' dir='ltr'>en</span> <span class='ocrx_word' id='word_1_252' title='bbox 630 2144 703 2187; x_wconf 83' lang='lat' dir='ltr'>dat</span> <span class='ocrx_word' id='word_1_253' title='bbox 736 2144 788 2200; x_wconf 87' lang='lat' dir='ltr'>zij</span> <span class='ocrx_word' id='word_1_254' title='bbox 824 2144 905 2186; x_wconf 84' lang='lat' dir='ltr'>alle</span> <span class='ocrx_word' id='word_1_255' title='bbox 937 2144 1326 2200; x_wconf 79' lang='lat' dir='ltr'>wederspannigen</span> <span class='ocrx_word' id='word_1_256' title='bbox 1368 2142 1546 2198; x_wconf 83' lang='lat' dir='ltr'>volgens</span> <span class='ocrx_word' id='word_1_257' title='bbox 1580 2141 1657 2184; x_wconf 76' lang='lat' dir='ltr'>het</span> <span class='ocrx_word' id='word_1_258' title='bbox 1688 2141 1921 2186; x_wconf 67' lang='lat' dir='ltr'>rechtder</span> 
     </span>
     <span class='ocr_line' id='line_1_30' title="bbox 290 2208 1916 2269; baseline -0.004 -12"><span class='ocrx_word' id='word_1_259' title='bbox 290 2214 513 2269; x_wconf 82' lang='lat' dir='ltr'>Inquisitie</span> <span class='ocrx_word' id='word_1_260' title='bbox 545 2213 708 2256; x_wconf 84' lang='lat' dir='ltr'>zouden</span> <span class='ocrx_word' id='word_1_261' title='bbox 742 2211 936 2255; x_wconf 81' lang='lat' dir='ltr'>straffen.</span> <span class='ocrx_word' id='word_1_262' title='bbox 965 2214 1052 2254; x_wconf 86' lang='lat' dir='ltr'>Ten</span> <span class='ocrx_word' id='word_1_263' title='bbox 1077 2212 1200 2254; x_wconf 89' lang='lat' dir='ltr'>einde</span> <span class='ocrx_word' id='word_1_264' title='bbox 1233 2215 1276 2254; x_wconf 85' lang='lat' dir='ltr'>te</span> <span class='ocrx_word' id='word_1_265' title='bbox 1298 2211 1489 2253; x_wconf 82' lang='lat' dir='ltr'>beletten</span> <span class='ocrx_word' id='word_1_266' title='bbox 1522 2210 1597 2253; x_wconf 79' lang='lat' dir='ltr'>dat</span> <span class='ocrx_word' id='word_1_267' title='bbox 1631 2210 1690 2252; x_wconf 82' lang='lat' dir='ltr'>dit</span> <span class='ocrx_word' id='word_1_268' title='bbox 1721 2210 1829 2252; x_wconf 83' lang='lat' dir='ltr'>alles</span> <span class='ocrx_word' id='word_1_269' title='bbox 1860 2208 1916 2267; x_wconf 87' lang='lat' dir='ltr'>bij</span> 
     </span>
     <span class='ocr_line' id='line_1_31' title="bbox 291 2277 1921 2339; baseline -0.004 -13"><span class='ocrx_word' id='word_1_270' title='bbox 291 2283 454 2339; x_wconf 85' lang='lat' dir='ltr'>gebrek</span> <span class='ocrx_word' id='word_1_271' title='bbox 475 2296 558 2324; x_wconf 84' lang='lat' dir='ltr'>aan</span> <span class='ocrx_word' id='word_1_272' title='bbox 591 2282 834 2324; x_wconf 81' lang='lat' dir='ltr'>notarissen</span> <span class='ocrx_word' id='word_1_273' title='bbox 857 2281 1090 2336; x_wconf 79' lang='lat' dir='ltr'>vertraagd</span> <span class='ocrx_word' id='word_1_274' title='bbox 1114 2281 1161 2323; x_wconf 89' lang='lat' dir='ltr'>of</span> <span class='ocrx_word' id='word_1_275' title='bbox 1178 2279 1437 2323; x_wconf 89' lang='lat' dir='ltr'>belemmerd</span> <span class='ocrx_word' id='word_1_276' title='bbox 1461 2279 1624 2329; x_wconf 80' lang='lat' dir='ltr'>worde,</span> <span class='ocrx_word' id='word_1_277' title='bbox 1652 2279 1848 2321; x_wconf 77' lang='lat' dir='ltr'>verleent</span> <span class='ocrx_word' id='word_1_278' title='bbox 1869 2277 1921 2320; x_wconf 89' lang='lat' dir='ltr'>de</span> 
     </span>
     <span class='ocr_line' id='line_1_32' title="bbox 291 2346 1921 2406; baseline -0.004 -12"><span class='ocrx_word' id='word_1_279' title='bbox 291 2351 436 2394; x_wconf 86' lang='lat' dir='ltr'>keizer</span> <span class='ocrx_word' id='word_1_280' title='bbox 459 2365 541 2394; x_wconf 84' lang='lat' dir='ltr'>aan</span> <span class='ocrx_word' id='word_1_281' title='bbox 565 2351 616 2393; x_wconf 92' lang='lat' dir='ltr'>de</span> <span class='ocrx_word' id='word_1_282' title='bbox 639 2350 917 2406; x_wconf 85' lang='lat' dir='ltr'>inquisiteurs</span> <span class='ocrx_word' id='word_1_283' title='bbox 940 2350 1157 2392; x_wconf 83' lang='lat' dir='ltr'>volmacht</span> <span class='ocrx_word' id='word_1_284' title='bbox 1181 2363 1248 2392; x_wconf 90' lang='lat' dir='ltr'>om</span> <span class='ocrx_word' id='word_1_285' title='bbox 1281 2349 1324 2391; x_wconf 91' lang='lat' dir='ltr'>in</span> <span class='ocrx_word' id='word_1_286' title='bbox 1359 2348 1476 2390; x_wconf 86' lang='lat' dir='ltr'>ieder</span> <span class='ocrx_word' id='word_1_287' title='bbox 1509 2347 1670 2390; x_wconf 85' lang='lat' dir='ltr'>bisdom</span> <span class='ocrx_word' id='word_1_288' title='bbox 1708 2346 1921 2402; x_wconf 84' lang='lat' dir='ltr'>openbare</span> 
     </span>
     <span class='ocr_line' id='line_1_33' title="bbox 291 2414 1922 2475; baseline -0.004 -11"><span class='ocrx_word' id='word_1_289' title='bbox 291 2420 536 2464; x_wconf 83' lang='lat' dir='ltr'>notarissen</span> <span class='ocrx_word' id='word_1_290' title='bbox 559 2419 637 2462; x_wconf 86' lang='lat' dir='ltr'>der</span> <span class='ocrx_word' id='word_1_291' title='bbox 659 2419 881 2475; x_wconf 84' lang='lat' dir='ltr'>Inquisitie</span> <span class='ocrx_word' id='word_1_292' title='bbox 903 2433 985 2461; x_wconf 82' lang='lat' dir='ltr'>aan</span> <span class='ocrx_word' id='word_1_293' title='bbox 1009 2422 1051 2462; x_wconf 86' lang='lat' dir='ltr'>te</span> <span class='ocrx_word' id='word_1_294' title='bbox 1074 2419 1228 2462; x_wconf 78' lang='lat' dir='ltr'>stenen</span> <span class='ocrx_word' id='word_1_295' title='bbox 1252 2432 1307 2460; x_wconf 84' lang='lat' dir='ltr'>na</span> <span class='ocrx_word' id='word_1_296' title='bbox 1330 2417 1419 2459; x_wconf 91' lang='lat' dir='ltr'>hun</span> <span class='ocrx_word' id='word_1_297' title='bbox 1450 2430 1584 2459; x_wconf 90' lang='lat' dir='ltr'>eenen</span> <span class='ocrx_word' id='word_1_298' title='bbox 1612 2416 1688 2458; x_wconf 90' lang='lat' dir='ltr'>eed</span> <span class='ocrx_word' id='word_1_299' title='bbox 1712 2414 1922 2471; x_wconf 76' lang='lat' dir='ltr'>opgelegd</span> 
     </span>
     <span class='ocr_line' id='line_1_34' title="bbox 290 2483 1920 2542; baseline -0.005 -9"><span class='ocrx_word' id='word_1_300' title='bbox 290 2493 334 2533; x_wconf 84' lang='lat' dir='ltr'>te</span> <span class='ocrx_word' id='word_1_301' title='bbox 352 2488 537 2539; x_wconf 90' lang='lat' dir='ltr'>hebben,</span> <span class='ocrx_word' id='word_1_302' title='bbox 563 2502 769 2531; x_wconf 83' lang='lat' dir='ltr'>waarvan</span> <span class='ocrx_word' id='word_1_303' title='bbox 795 2484 992 2530; x_wconf 80' lang='lat' dir='ltr'>de&#39;vorm</span> <span class='ocrx_word' id='word_1_304' title='bbox 1015 2487 1156 2530; x_wconf 85' lang='lat' dir='ltr'>wordt</span> <span class='ocrx_word' id='word_1_305' title='bbox 1180 2499 1426 2542; x_wconf 81' lang='lat' dir='ltr'>opgegeven</span> <span class='ocrx_word' id='word_1_306' title='bbox 1450 2502 1458 2528; x_wconf 92' lang='lat'><strong>:</strong></span> <span class='ocrx_word' id='word_1_307' title='bbox 1481 2485 1547 2527; x_wconf 87' lang='lat' dir='ltr'>die</span> <span class='ocrx_word' id='word_1_308' title='bbox 1570 2484 1814 2527; x_wconf 82' lang='lat' dir='ltr'>notarissen</span> <span class='ocrx_word' id='word_1_309' title='bbox 1835 2483 1920 2526; x_wconf 89' lang='lat' dir='ltr'>zul-</span> 
     </span>
     <span class='ocr_line' id='line_1_35' title="bbox 291 2554 1922 2613; baseline -0.004 -13"><span class='ocrx_word' id='word_1_310' title='bbox 291 2558 361 2600; x_wconf 92' lang='lat' dir='ltr'>len</span> <span class='ocrx_word' id='word_1_311' title='bbox 396 2557 698 2613; x_wconf 83' lang='lat' dir='ltr'>getrouwheid</span> <span class='ocrx_word' id='word_1_312' title='bbox 720 2570 801 2599; x_wconf 84' lang='lat' dir='ltr'>aan</span> <span class='ocrx_word' id='word_1_313' title='bbox 825 2556 957 2599; x_wconf 84' lang='lat' dir='ltr'>Karel</span> <span class='ocrx_word' id='word_1_314' title='bbox 981 2557 1042 2599; x_wconf 92' lang='lat' dir='ltr'>IV</span> <span class='ocrx_word' id='word_1_315' title='bbox 1070 2570 1121 2598; x_wconf 92' lang='lat' dir='ltr'>en</span> <span class='ocrx_word' id='word_1_316' title='bbox 1156 2570 1235 2598; x_wconf 83' lang='lat' dir='ltr'>aan</span> <span class='ocrx_word' id='word_1_317' title='bbox 1267 2556 1378 2612; x_wconf 77' lang='lat' dir='ltr'>ziJne</span> <span class='ocrx_word' id='word_1_318' title='bbox 1412 2554 1640 2609; x_wconf 85' lang='lat' dir='ltr'>opvolgers</span> <span class='ocrx_word' id='word_1_319' title='bbox 1673 2565 1845 2595; x_wconf 88' lang='lat' dir='ltr'>zweren</span> <span class='ocrx_word' id='word_1_320' title='bbox 1869 2565 1922 2594; x_wconf 89' lang='lat' dir='ltr'>en</span> 
     </span>
     <span class='ocr_line' id='line_1_36' title="bbox 290 2621 1923 2680; baseline -0.004 -11"><span class='ocrx_word' id='word_1_321' title='bbox 290 2625 474 2669; x_wconf 90' lang='lat' dir='ltr'>beloven</span> <span class='ocrx_word' id='word_1_322' title='bbox 508 2626 559 2668; x_wconf 92' lang='lat' dir='ltr'>de</span> <span class='ocrx_word' id='word_1_323' title='bbox 583 2625 769 2669; x_wconf 87' lang='lat' dir='ltr'>stukken</span> <span class='ocrx_word' id='word_1_324' title='bbox 795 2625 871 2667; x_wconf 92' lang='lat' dir='ltr'>der</span> <span class='ocrx_word' id='word_1_325' title='bbox 902 2625 1124 2680; x_wconf 84' lang='lat' dir='ltr'>Inquisitie</span> <span class='ocrx_word' id='word_1_326' title='bbox 1157 2622 1445 2678; x_wconf 81' lang='lat' dir='ltr'>nauwkeurig</span> <span class='ocrx_word' id='word_1_327' title='bbox 1477 2625 1521 2664; x_wconf 77' lang='lat' dir='ltr'>te</span> <span class='ocrx_word' id='word_1_328' title='bbox 1554 2621 1789 2677; x_wconf 81' lang='lat' dir='ltr'>schrijVen,</span> <span class='ocrx_word' id='word_1_329' title='bbox 1817 2621 1923 2664; x_wconf 82' lang='lat' dir='ltr'>hare</span> 
     </span>
     <span class='ocr_line' id='line_1_37' title="bbox 294 2690 1924 2751; baseline -0.003 -14"><span class='ocrx_word' id='word_1_330' title='bbox 294 2695 518 2751; x_wconf 85' lang='lat' dir='ltr'>geheimen</span> <span class='ocrx_word' id='word_1_331' title='bbox 542 2699 689 2750; x_wconf 84' lang='lat' dir='ltr'>streng</span> <span class='ocrx_word' id='word_1_332' title='bbox 711 2697 755 2737; x_wconf 79' lang='lat' dir='ltr'>te</span> <span class='ocrx_word' id='word_1_333' title='bbox 787 2693 989 2736; x_wconf 82' lang='lat' dir='ltr'>bewaren</span> <span class='ocrx_word' id='word_1_334' title='bbox 1023 2707 1074 2735; x_wconf 89' lang='lat' dir='ltr'>en</span> <span class='ocrx_word' id='word_1_335' title='bbox 1101 2693 1256 2736; x_wconf 86' lang='lat' dir='ltr'>verder</span> <span class='ocrx_word' id='word_1_336' title='bbox 1278 2692 1383 2734; x_wconf 83' lang='lat' dir='ltr'>alles</span> <span class='ocrx_word' id='word_1_337' title='bbox 1413 2695 1456 2734; x_wconf 82' lang='lat' dir='ltr'>te</span> <span class='ocrx_word' id='word_1_338' title='bbox 1482 2690 1589 2733; x_wconf 85' lang='lat' dir='ltr'>doen</span> <span class='ocrx_word' id='word_1_339' title='bbox 1624 2693 1713 2733; x_wconf 84' lang='lat' dir='ltr'>wat</span> <span class='ocrx_word' id='word_1_340' title='bbox 1734 2692 1800 2733; x_wconf 78' lang='lat' dir='ltr'>tot</span> <span class='ocrx_word' id='word_1_341' title='bbox 1833 2690 1924 2732; x_wconf 89' lang='lat' dir='ltr'>hun</span> 
     </span>
     <span class='ocr_line' id='line_1_38' title="bbox 290 2757 1924 2818; baseline -0.003 -13"><span class='ocrx_word' id='word_1_342' title='bbox 290 2762 408 2806; x_wconf 82' lang='lat' dir='ltr'>ambt</span> <span class='ocrx_word' id='word_1_343' title='bbox 442 2762 638 2806; x_wconf 81' lang='lat' dir='ltr'>behoort.</span> <span class='ocrx_word' id='word_1_344' title='bbox 677 2764 735 2805; x_wconf 90' lang='lat' dir='ltr'>De</span> <span class='ocrx_word' id='word_1_345' title='bbox 768 2763 1046 2818; x_wconf 87' lang='lat' dir='ltr'>inquisiteurs</span> <span class='ocrx_word' id='word_1_346' title='bbox 1082 2776 1133 2804; x_wconf 87' lang='lat' dir='ltr'>en</span> <span class='ocrx_word' id='word_1_347' title='bbox 1168 2761 1315 2803; x_wconf 91' lang='lat' dir='ltr'>hunne</span> <span class='ocrx_word' id='word_1_348' title='bbox 1348 2761 1589 2803; x_wconf 82' lang='lat' dir='ltr'>notarissen</span> <span class='ocrx_word' id='word_1_349' title='bbox 1626 2758 1765 2801; x_wconf 88' lang='lat' dir='ltr'>zullen</span> <span class='ocrx_word' id='word_1_350' title='bbox 1799 2758 1841 2800; x_wconf 86' lang='lat' dir='ltr'>al</span> <span class='ocrx_word' id='word_1_351' title='bbox 1872 2757 1924 2800; x_wconf 90' lang='lat' dir='ltr'>de</span> 
     </span>
     <span class='ocr_line' id='line_1_39' title="bbox 290 2825 1924 2886; baseline -0.003 -13"><span class='ocrx_word' id='word_1_352' title='bbox 290 2832 472 2874; x_wconf 80' lang='lat' dir='ltr'>rechten</span> <span class='ocrx_word' id='word_1_353' title='bbox 516 2846 569 2874; x_wconf 92' lang='lat' dir='ltr'>en</span> <span class='ocrx_word' id='word_1_354' title='bbox 599 2831 888 2874; x_wconf 80' lang='lat' dir='ltr'>voorreehten</span> <span class='ocrx_word' id='word_1_355' title='bbox 921 2831 1139 2886; x_wconf 81' lang='lat' dir='ltr'>genieten,</span> <span class='ocrx_word' id='word_1_356' title='bbox 1167 2830 1234 2873; x_wconf 91' lang='lat' dir='ltr'>die</span> <span class='ocrx_word' id='word_1_357' title='bbox 1258 2830 1343 2872; x_wconf 89' lang='lat' dir='ltr'>hun</span> <span class='ocrx_word' id='word_1_358' title='bbox 1380 2829 1467 2872; x_wconf 83' lang='lat' dir='ltr'>ooit</span> <span class='ocrx_word' id='word_1_359' title='bbox 1498 2827 1543 2869; x_wconf 90' lang='lat' dir='ltr'>in</span> <span class='ocrx_word' id='word_1_360' title='bbox 1575 2827 1734 2870; x_wconf 81' lang='lat' dir='ltr'>andere</span> <span class='ocrx_word' id='word_1_361' title='bbox 1768 2825 1924 2869; x_wconf 85' lang='lat' dir='ltr'>landen</span> 
     </span>
     <span class='ocr_line' id='line_1_40' title="bbox 294 2895 1920 2956; baseline -0.004 -14"><span class='ocrx_word' id='word_1_362' title='bbox 294 2900 468 2943; x_wconf 86' lang='lat' dir='ltr'>werden</span> <span class='ocrx_word' id='word_1_363' title='bbox 493 2900 710 2953; x_wconf 83' lang='lat' dir='ltr'>verleend‚</span> <span class='ocrx_word' id='word_1_364' title='bbox 738 2899 1152 2956; x_wconf 80' lang='lat' dir='ltr'>niettegenstaande</span> <span class='ocrx_word' id='word_1_365' title='bbox 1179 2899 1263 2944; x_wconf 83' lang='lat' dir='ltr'>alle</span> <span class='ocrx_word' id='word_1_366' title='bbox 1296 2899 1459 2941; x_wconf 78' lang='lat' dir='ltr'>wetten</span> <span class='ocrx_word' id='word_1_367' title='bbox 1492 2896 1538 2947; x_wconf 83' lang='lat' dir='ltr'>of</span> <span class='ocrx_word' id='word_1_368' title='bbox 1559 2895 1920 2951; x_wconf 85' lang='lat' dir='ltr'>verordeningen‚</span> 
     </span>
    </p>
   </div>
  </div>
 </body>
</html>
