2097 3466
897 274 1030 310 ANNO
1060 277 1159 310 1512
1775 276 1836 308 5023

955 410 1074 456 417.

255 540 394 589 1512,
412 538 466 594 (s
492 536 828 596 Gravenlzaqe).
845 538 1083 582 Uittreksel
1103 538 1166 582 uit
1184 539 1260 581 het
1281 537 1521 594 Cataloqus
1539 538 1839 582 hereticorum

187 607 341 665 (1526)
352 621 457 650 over
475 607 557 649 den
576 607 726 651 ketter
743 608 939 651 Herman
957 622 1042 651 van
1064 607 1294 665 Rijswijck
1318 621 1371 650 en
1392 607 1504 664 zijne
1523 606 1834 663 verbranding.

188 702 245 708 —
267 678 339 733 Hij
366 690 458 719 was
482 676 544 719 uit
568 676 714 733 ziJ'nen
738 677 903 720 kerker
925 679 1136 733 ontsnapt
1156 691 1209 719 en
1234 677 1319 719 had
1337 676 1650 719 verscheidene
1672 676 1840 720 ketter-

188 746 291 789 sche
322 745 490 788 boeken
524 746 814 800 geschreven.
853 747 967 789 Door
1000 747 1085 789 den
1123 746 1382 802 inquisiteur
1412 745 1545 789 Jacob
1579 759 1664 788 van
1697 746 1843 801 Hoog-

188 818 357 859 straten
398 828 452 857 en
493 814 577 857 den
619 814 760 857 deken
805 815 938 859 Jacob
979 816 1175 872 Ruysch,
1221 814 1494 857 handelende
1533 827 1714 858 namens
1757 814 1840 857 den

185 884 386 940 bisschop
406 897 493 927 van
512 884 716 936 Utrecht‚
740 885 861 929 werd
883 885 941 943 hij
963 885 1028 928 als
1046 884 1272 927 hervallen
1294 884 1441 926 ketter
1473 883 1753 927 veroordeeld
1785 899 1839 927 en

185 968 268 997 aan
291 954 321 997 't
346 953 436 996 Hof
453 967 539 996 van
566 954 757 997 Holland
791 955 898 997 door
920 954 1009 997 hen
1046 953 1331 1010 uitgeleverd.
1361 951 1481 995 Voor
1513 953 1842 997 zonnenonder-

196 1037 314 1080 gang
336 1023 411 1066 liet
435 1022 498 1066 dit
521 1023 612 1066 Hof
629 1024 728 1067 hem
752 1027 841 1067 met
864 1024 977 1082 zijne
1001 1023 1169 1066 boeken
1192 1026 1258 1066 tot
1280 1022 1384 1066 asch
1406 1020 1696 1066 verbranden.

232 1129 321 1163 Item
341 1127 579 1162 Hermannus
597 1126 818 1171 [Rysswick]
844 1138 939 1161 anno
965 1128 1065 1168 1512,
1091 1129 1282 1170 postquam
1310 1128 1476 1160 euaserat
1500 1135 1664 1160 carceres
1688 1125 1841 1169 priores,

186 1183 319 1217 multos
336 1182 450 1217 libros
481 1181 698 1216 hereticales
723 1181 950 1224 conscripsit,
976 1192 1066 1224 quos
1091 1180 1130 1216 in
1153 1179 1290 1215 iudicio
1315 1179 1532 1214 constitutus
1555 1191 1679 1214 coram
1703 1180 1844 1215 duobus

185 1251 292 1275 cause
310 1242 462 1283 notarijs
478 1242 513 1273 et
538 1241 614 1272 toto
633 1237 818 1271 auditorio
841 1248 924 1271 suos
941 1240 976 1271 et
1000 1247 1111 1270 manu
1136 1247 1201 1271 sua
1225 1235 1449 1278 conscriptos
1472 1235 1714 1279 cognouit.1n
1738 1235 1843 1270 libris

185 1294 263 1330 istis
279 1298 464 1338 comperte
484 1294 588 1327 fuere
618 1292 733 1326 multe
758 1291 913 1332 hereses,
927 1296 1076 1335 propter
1091 1302 1180 1334 quas
1204 1294 1283 1334 post
1306 1294 1467 1324 maturas
1491 1289 1770 1325 deliberationes
1785 1290 1846 1325 de-

185 1361 293 1393 super
308 1348 464 1390 habitas,
483 1347 621 1383 iudicio
646 1346 947 1382 doctissimorum
973 1346 1138 1380 virorum
1164 1345 1338 1380 inuentus
1362 1344 1431 1379 fuit
1451 1345 1614 1389 relapsus
1637 1350 1672 1380 et
1699 1345 1846 1381 tandem

186 1414 252 1446 pro
268 1402 332 1437 tali
347 1402 613 1436 condemnatus
630 1411 694 1444 per
709 1400 860 1434 fratrem
877 1399 1055 1434 Jacobum
1075 1399 1118 1432 de
1134 1398 1388 1439 Hochstraten‚
1407 1408 1508 1432 sacre
1524 1398 1708 1443 theologie
1723 1399 1847 1433 docto-

187 1470 263 1493 rem
282 1462 317 1493 et
334 1457 592 1501 inquisitorem
606 1455 746 1491 ordinis
764 1455 1050 1499 predicatorum,
1066 1457 1101 1489 et
1119 1453 1307 1488 dominum
1323 1453 1501 1488 Jacobum
1519 1451 1695 1498 Ruyssch,
1715 1453 1846 1489 utrius-

185 1524 255 1556 que
277 1512 368 1547 iuris
398 1512 584 1547 doctorem
611 1515 646 1546 et
672 1510 854 1545 decanum
879 1509 1097 1554 Hagensem,
1127 1519 1148 1542 a
1174 1508 1480 1543 reuerendissimo
1504 1508 1652 1543 domino
1677 1508 1846 1553 episeopo

189 1572 415 1608 Traiectensi
434 1572 474 1606 in
494 1582 602 1606 causa
619 1570 684 1604 illa
700 1570 862 1604 iudicem
881 1569 1107 1613 delegatum.

234 1627 281 1663 Hi
296 1640 361 1663 sua
378 1627 576 1662 diffinitiva
593 1626 773 1661 sententia
791 1626 1005 1668 relinquunt
1023 1625 1232 1668 praefatum
1248 1623 1500 1658 Hermannum
1525 1619 1732 1665 magnificis
1754 1619 1847 1655 iudi-

187 1685 289 1719 cibus
304 1684 348 1718 de
363 1682 638 1719 solemnissima
655 1682 719 1716 illa
736 1680 860 1716 altiori
879 1681 983 1714 curia
1003 1679 1201 1714 Hollandie
1220 1682 1255 1713 et
1273 1678 1443 1714 Selandie
1455 1677 1533 1712 11110
1550 1675 1850 1711 consistorialiter

188 1739 432 1784 presentibus.
451 1738 522 1779 Qui
554 1748 599 1773 ex
629 1748 701 1781 quo
718 1737 762 1771 de
788 1740 864 1771 toto
883 1746 1055 1780 processu
1080 1733 1309 1777 inquisitoris
1334 1737 1368 1768 et
1391 1737 1595 1768 ceterorum
1613 1731 1849 1767 summariam

189 1795 297 1838 (quod
329 1793 435 1829 curia
470 1793 535 1828 illa
566 1792 605 1827 in
629 1792 813 1826 similibus
837 1790 1068 1826 tenacissime
1101 1790 1286 1830 obseruat)
1310 1792 1345 1823 et
1373 1787 1611 1822 sufficientem
1635 1791 1851 1830 acceperant

189 1850 449 1893 cognitionem,
471 1852 618 1883 maturo
635 1847 764 1882 habito
781 1846 938 1882 concilio
963 1857 1029 1880 sua
1051 1844 1293 1880 executoriali
1325 1843 1505 1878 sententia
1528 1842 1741 1877 iudicarunt
1764 1852 1851 1876 eun·

189 1906 271 1941 dem
299 1905 556 1940 Hermannum
582 1908 666 1939 ante
691 1903 776 1937 solis
801 1913 971 1937 occasum
1000 1901 1037 1936 in
1063 1900 1204 1936 cineres
1231 1899 1502 1934 resoluendum.
1529 1898 1611 1933 Non
1634 1897 1752 1932 solum
1775 1896 1852 1940 ipse

189 1959 400 1994 combustus
421 1962 487 2000 est,
508 1958 569 1993 sed
587 1962 622 1992 et
638 1956 724 1991 libri
742 1956 819 1991 eius
835 1968 917 1990 cum
936 1966 994 1990 eo.

235 2014 346 2049 Josue
362 2014 517 2058 septimo
537 2013 676 2047 dicitur
695 2023 702 2045 :
726 2013 865 2046 Cuncta
882 2023 952 2054 que
976 2010 1078 2045 illius
1103 2012 1220 2050 erant,
1240 2009 1326 2053 igne
1343 2010 1558 2050 consumpta
1573 2009 1668 2041 sunt.
1688 2006 1734 2040 Et
1748 2006 1852 2050 glosa

194 2069 353 2104 Leuitici
372 2081 406 2103 x.
429 2069 468 2103 in
486 2068 670 2113 principio
690 2079 697 2101 ε
728 2067 906 2111 Heretici,
924 2066 987 2110 qui
1014 2066 1175 2100 alienum
1198 2066 1324 2109 ignem
1346 2063 1487 2099 scilicet
1502 2073 1615 2107 praue
1631 2061 1795 2096 doctrine
1813 2060 1852 2095 in

195 2124 349 2160 ecclesia
366 2124 583 2165 accendunt,
602 2122 688 2166 igne
705 2122 830 2157 diuine
846 2121 996 2157 ultionis
1013 2122 1273 2156 absumuntur.

553 2199 758 2244 Cataloyzcs
787 2198 1046 2238 hereticorum,
1066 2200 1149 2238 etc.‚
1168 2195 1330 2231 Heretici
1354 2195 1398 2230 de
1421 2194 1528 2230 litera
1553 2193 1597 2228 H.
1622 2211 1666 2218 ·—
1681 2192 1743 2228 Zie
1766 2203 1852 2227 onze

603 2255 836 2299 voorgaande
854 2260 906 2289 nrs
924 2255 988 2288 400
1005 2264 1050 2287 θη
1065 2252 1146 2285 416.

969 2381 1088 2424 418.

266 2517 410 2567 1512,
437 2517 469 2558 'S
502 2513 819 2568 Gravenlzaye.
848 2511 907 2552 De
931 2508 1193 2565 predikheer
1218 2505 1416 2548 Andreas
1440 2503 1566 2559 Hugo
1601 2516 1685 2545 van
1718 2502 1850 2555 Delft,

205 2586 326 2643 prior
348 2599 436 2628 van
461 2584 540 2626 het
573 2582 769 2625 klooster
791 2585 834 2623 te
857 2580 888 2621 ’s
911 2577 1219 2633 Gravenhage,
1248 2575 1284 2618 is
1306 2574 1542 2618 terzelfder
1562 2572 1643 2631 tijd
1675 2573 1853 2629 inquisi-

204 2660 319 2699 teur.

251 2748 291 2782 P.
328 2748 428 2791 Mag.
459 2745 623 2780 Andreas
658 2744 824 2788 Hugonis
849 2743 892 2777 dc
925 2742 1032 2783 Delst,
1059 2744 1205 2775 sanctae
1228 2738 1434 2782 theologiae
1457 2737 1583 2771 doctor
1599 2739 1634 2771 et
1650 2734 1854 2770 haereticae

208 2802 402 2848 pravitatis
422 2800 630 2845 inquisitor,
650 2798 845 2834 conventui
862 2809 927 2832 suo
945 2794 1135 2842 [Hagensi]
1153 2793 1310 2838 praefuit
1329 2803 1425 2827 anno
1442 2791 1543 2826 1512.

563 2856 605 2890 B.
642 2855 695 2889 De
722 2854 879 2898 Jonghe,
906 2852 1082 2887 Desolata
1112 2852 1271 2885 Batavia
1296 2849 1515 2889 Domz'cana,
1542 2848 1608 2882 blz.
1635 2847 1714 2881 174.
1737 2865 1775 2871 —
1804 2847 1855 2881 Dc

608 2909 828 2954 predikheer
844 2909 1009 2944 Andreas
1030 2907 1136 2951 Hugo
1153 2917 1222 2940 van
1248 2904 1345 2939 Delft
1360 2903 1467 2938 stierf
1486 2908 1520 2937 te
1536 2903 1767 2946 Antwerpen‚
1785 2902 1855 2937 den

602 2968 623 3000 6
640 2965 761 3000 Mam-t
779 2965 875 3000 1526.
895 2963 1015 3006 (lbid.)
