2097 3466
302 254 364 284 3¹st
973 247 1102 282 ANNO
1130 248 1227 281 1462

302 344 511 386 vei-lieren
536 343 719 385 Atrecht
742 354 809 385 om
833 342 926 384 zich
945 340 996 383 de
1019 343 1160 382 eerste
1181 342 1225 382 te
1243 341 1398 397 Parijs,
1420 340 1472 382 de
1493 339 1660 383 tweede
1681 341 1726 383 te
1743 339 1917 384 Dowaai

302 416 345 455 te
368 426 475 468 gaan
501 410 745 466 vestingen,
772 410 916 452 omdat
937 410 988 466 zij
1014 413 1056 452 te
1081 409 1267 452 Atrecht
1287 409 1512 465 algemeen
1536 409 1695 464 gehaat
1718 408 1914 454 werden.

348 503 399 536 En
417 513 456 535 ce
474 504 597 543 temps,
615 499 742 539 Jehan.
761 509 911 541 evesque
927 498 1081 539 dArras,
1100 497 1249 533 environ
1265 498 1298 532 le
1309 499 1395 543 jour
1410 497 1453 532 de
1469 500 1549 532 tous
1563 497 1614 532 les
1630 495 1761 537 Saints,
1779 495 1857 531 vint
1871 506 1918 531 en

303 557 335 590 la
350 556 418 589 cite
431 555 573 589 d‘Arras
589 558 624 589 et
639 566 660 597 y
678 555 749 588 sust
762 564 867 588 receu
881 564 1018 587 comme
1028 552 1135 596 legat,
1149 555 1185 587 et.
1197 553 1284 587 allat
1300 564 1345 586 on
1356 563 1402 586 au
1418 552 1548 586 devant
1560 552 1603 586 de
1615 549 1679 585 lui.
1692 551 1737 585 Et
1747 549 1799 585 lui
1812 550 1919 594 illecq

303 610 431 647 arrive,
449 609 579 652 deposa
597 607 723 642 maitre
741 607 865 641 Pierre
881 607 928 640 du
948 606 1074 640 Hamel
1090 606 1215 641 d'estre
1234 617 1299 640 son
1315 605 1448 640 vicaire
1463 608 1499 640 et
1515 617 1560 640 ne
1583 605 1744 639 l'advoua
1760 603 1861 647 point
1874 604 1920 639 de

302 677 342 699 ce
358 664 441 707 qu'il
468 662 565 697 avoit.
592 662 657 696 fait
671 661 845 697 touchant
869 661 905 695 la
928 660 1122 701 vaulderie,
1141 660 1219 694 ains
1246 660 1298 694 lui
1314 660 1366 695 dit
1382 660 1468 703 qu'il
1491 659 1621 694 n‘avoit
1635 658 1737 703 point
1751 658 1833 694 bien
1854 658 1920 694 fait

302 719 378 753 d‘eu
394 718 495 753 avoir
511 718 590 751 nuls
607 716 672 751 fait
687 717 840 759 prendre
856 727 900 750 ne
917 715 1170 758 condampner,
1188 718 1224 750 et
1248 726 1317 759 que
1343 726 1384 749 ce
1407 713 1546 749 n'estoit
1560 713 1662 758 point
1677 713 1783 749 chose
1798 724 1918 757 vraye,

302 773 380 807 ains
395 772 499 807 estoit
514 783 584 806 une
601 771 706 805 chose
723 771 810 805 mise
825 782 897 804 sus.
917 770 959 804 Et
977 781 1021 804 en
1039 770 1074 804 la
1102 781 1269 813 presence
1293 769 1394 804 dudit
1424 769 1551 809 Jehan,
1582 779 1733 812 evesque
1763 768 1918 809 d'Arras,

302 828 404 862 dudit.
436 827 560 861 pierre
575 827 622 860 du
642 826 768 860 Hamel
784 837 820 859 se
837 825 914 859 vint
928 824 1091 868 plaindre
1106 824 1207 859 audit
1220 835 1370 867 evesque
1385 835 1461 868 ung
1477 826 1618 858 nomme
1635 822 1782 867 Huguet
1796 822 1921 867 Aubry

301 882 354 916 dit
379 894 398 915 a
429 882 676 921 Patrenostre3
702 880 819 922 lequel
849 879 1006 922 Huguet,
1032 889 1170 913 comme
1200 878 1270 921 chy
1293 878 1413 912 dessus
1440 880 1493 912 est
1515 876 1578 918 dit,
1604 876 1702 911 avoit
1723 878 1796 912 este
1821 875 1921 920 prins

302 948 439 971 comme
466 934 638 975 vauldois,
668 937 704 969 et
731 933 861 968 n'avait
890 934 998 968 voulu
1025 933 1104 968 rien
1129 933 1325 975 confesser3
1351 935 1386 967 et
1412 932 1466 966 dit
1491 931 1623 975 icelluy
1650 930 1797 975 Huguet
1821 930 1924 966 audit

302 1001 463 1033 evesque,
483 989 671 1033 qu'icelluy
689 988 817 1023 maitre
835 987 972 1028 pierre,
1000 988 1173 1031 l'evesque
1190 988 1234 1022 de
1251 988 1365 1022 Barut
1381 990 1416 1022 et
1432 986 1561 1021 maitre
1590 986 1743 1029 Jaoqlies
1765 985 1813 1020 du
1837 984 1922 1020 Bois

303 1045 468 1079 l'avoient
483 1043 659 1087 plusieurs
676 1043 743 1078 sois
758 1042 877 1078 induit
892 1045 927 1077 et
943 1043 1066 1077 voullu
1084 1042 1227 1077 induire
1252 1041 1337 1085 qu’il
1363 1041 1465 1076 disist
1491 1052 1560 1084 que
1582 1040 1756 1083 l'evesque
1778 1039 1923 1074 d‘Arras

303 1100 407 1135 estoit
422 1098 584 1133 vauldois
600 1103 633 1133 et
650 1098 828 1142 plusieurs
840 1098 974 1132 aultres
991 1097 1150 1132 notables
1166 1108 1253 1141 gens
1267 1109 1275 1138 3
1294 1099 1331 1131 et
1345 1108 1390 1130 en
1405 1096 1441 1130 13
1456 1106 1624 1139 presence
1647 1093 1750 1129 dudit
1771 1105 1923 1138 evesque

301 1155 355 1189 dit
371 1154 457 1188 ledit
475 1154 621 1197 Huguet
637 1152 814 1196 plusieurs
830 1152 1045 1195 injurieuses
1061 1152 1214 1195 parolles
1231 1153 1266 1186 et
1281 1150 1425 1185 villains
1441 1161 1580 1194 propOS,
1599 1160 1680 1184 sans
1696 1160 1736 1183 ce
1752 1159 1821 1193 que
1835 1147 1924 1184 ledit

302 1220 452 1252 evesque
469 1208 533 1242 l'en
548 1207 668 1250 punist
684 1218 728 1241 en
744 1206 852 1241 riens.

345 1263 503 1297 Envirou
520 1274 559 1297 ce
575 1266 688 1304 temps
704 1261 808 1296 estoit
824 1261 998 1304 I‘evesque
1012 1260 1055 1294 de
1072 1260 1187 1294 Barut
1203 1259 1406 1303 prisonnier
1420 1270 1465 1294 en
1482 1259 1711 1302 Bourgogne,
1727 1267 1773 1295 en
1788 1256 1824 1291 13
1838 1255 1924 1292 ville

303 1317 389 1351 dont
405 1317 431 1351 il
455 1316 558 1351 estoit
581 1315 675 1351 natis
686 1329 694 1357 ς
713 1319 747 1350 et
762 1315 882 1350 l'avoit
905 1326 951 1350 on
976 1315 1041 1350 fait
1066 1314 1268 1359 prisonnier
1284 1325 1375 1358 pour
1398 1313 1539 1358 seavoir
1555 1313 1639 1357 qu'il
1654 1311 1774 1347 l'avoit
1787 1315 1887 1348 meut
1901 1323 1924 1346 3,

303 1370 480 1405 soustenir
496 1371 528 1404 le
545 1370 610 1404 fait
634 1371 677 1404 de
700 1370 733 1403 la
751 1369 935 1403 vaulderie
951 1381 971 1403 a
988 1371 1111 1410 Arras,
1130 1373 1166 1404 et
1180 1369 1232 1403 lui
1256 1368 1404 1403 meetoit
1419 1379 1466 1402 on
1481 1379 1540 1402 sus
1564 1366 1649 1411 qu’il
1664 1376 1774 1410 avecq
1789 1366 1924 1401 aultres

304 1426 421 1460 l‘avoit
445 1425 512 1459 mis
535 1437 594 1459 sus
608 1438 616 1467 3
645 1425 688 1458 de
716 1424 870 1467 laquelle
895 1423 1017 1467 prison
1040 1427 1134 1458 asses
1162 1426 1231 1458 test
1261 1426 1364 1467 apres
1391 1422 1418 1456 il
1447 1422 1635 1465 eschappa,
1668 1423 1704 1456 et
1729 1431 1866 1455 comme
1896 1419 1924 1454 il

303 1479 485 1523 temoigna
500 1478 551 1513 lui
565 1489 696 1513 mesme
708 1477 844 1521 depuis,
863 1477 889 1511 il
905 1477 1082 1521 eschappa
1098 1477 1445 1511 miraculeusement.
1462 1476 1513 1510 De
1527 1475 1562 1509 la
1574 1474 1733 1509 maniere
1745 1473 1923 1517 d’esehap-

304 1546 367 1578 per
377 1536 415 1578 jo
428 1534 518 1568 m‘en
534 1533 612 1573 tais,
631 1535 801 1576 pourtant
818 1533 932 1575 que-je
946 1532 1022 1566 n'en
1036 1543 1129 1575 peux
1142 1531 1283 1575 seavoir
1295 1531 1430 1566 aultres
1444 1530 1567 1564 choses
1587 1540 1655 1572 que
1671 1540 1711 1563 ce
1738 1527 1800 1572 qui
1826 1527 1926 1563 vient

303 1589 404 1623 dudit
429 1599 591 1631 evesque.
612 1588 744 1630 Lequel
762 1598 923 1630 evesque,
941 1587 993 1620 lui
1017 1587 1203 1631 eschappe,
1219 1586 1289 1620 s'en
1301 1586 1374 1620 alla
1399 1596 1420 1619 a
1437 1584 1473 1618 St
1495 1584 1648 1627 ,lac-‚ques
1663 1594 1709 1618 en
1725 1582 1872 1624 Gallice,
1889 1584 1926 1618 et

303 1655 349 1677 au
364 1643 506 1677 revenir
517 1643 589 1677 fust
600 1645 725 1677 retenu
743 1642 947 1676 confesseur
961 1642 1005 1676 de
1021 1642 1056 1675 la
1072 1653 1183 1685 royne
1195 1640 1323 1682 Marie‚
1340 1641 1469 1675 femme
1481 1639 1543 1682 qui
1559 1639 1632 1674 fust
1647 1650 1668 1673 a
1682 1638 1828 1673 charles
1841 1637 1924 1673 VIIe

302 1699 346 1732 de
358 1710 397 1732 ee
411 1709 505 1738 nom,
520 1708 584 1740 roy
600 1697 642 1731 de
660 1697 834 1731 Franehe.

347 1752 456 1787 Audit
473 1764 519 1786 an
535 1763 650 1795 aussy,
670 1752 819 1786 environ
836 1752 872 1786 13
888 1750 1091 1791 Toussaint,
1111 1762 1147 1785 se
1164 1750 1292 1794 partist,
1305 1750 1449 1784 d'Arras
1461 1748 1591 1783 maitre
1603 1746 1780 1782 Mat-,thien
1795 1746 1922 1789 Paille,

304 1808 419 1851 lequel
437 1807 565 1842 s’estoit
581 1807 689 1841 mesle
705 1807 749 1841 de
764 1807 799 1840 la
816 1806 1012 1847 vaulderie,
1033 1809 1067 1841 et
1083 1806 1154 1840 3113
1166 1807 1356 1840 demourer
1371 1817 1393 1839 a
1417 1805 1532 1839 Paris.

348 1861 602 1896 Pareillement
629 1861 757 1896 maitre
780 1861 890 1896 Gilles
918 1861 1110 1905 Flamengs
1136 1872 1173 1895 se
1201 1859 1328 1904 parti-st
1352 1860 1507 1900 d’Arras,
1525 1858 1642 1902 lequel
1664 1869 1770 1901 aussy
1796 1856 1926 1892 s’estoit

304 1917 412 1951 mesle
428 1916 471 1951 de
487 1916 596 1950 ladite
613 1916 809 1956 vaulderie,
827 1918 863 1950 et
879 1916 948 1950 s'en
965 1915 1038 1950 alla
1061 1916 1251 1950 demourer
1268 1927 1289 1949 3
1307 1916 1450 1958 Douay3
1468 1916 1504 1948 et
1518 1912 1626 1948 disoit
1641 1923 1688 1947 on
1703 1923 1773 1956 que
1792 1910 1910 1947 c’estoi

306 1983 398 2015 pour
408 1982 447 2005 ce
464 1971 566 2014 qu'ils
584 1970 767 2005 n'estoient
785 1970 886 2013 point
906 1970 983 2004 bien
998 1969 1091 2004 aime
1104 1981 1125 2003 3
1138 1971 1249 2004 Arras
1265 1972 1300 2003 et
1313 1969 1368 2012 n'y
1381 1968 1531 2003 estoient
1542 1978 1692 2013 esseurs.

653 2047 853 2081 Memoires
871 2047 914 2079 de
929 2047 1085 2091 Jacques
1102 2045 1152 2079 clu
1172 2045 1307 2090 Clercq,
1325 2046 1403 2080 deel
1419 2045 1482 2085 ΙΙΙ,
1501 2045 1566 2078 blz.
1586 2046 1739 2079 190·191.
1764 2063 1808 2068 —
1831 2043 1926 2078 Over

695 2101 763 2134 den
779 2099 944 2143 bisschop
961 2111 1029 2133 van
1044 2099 1193 2134 Atrecht
1205 2110 1247 2133 en
1263 2099 1305 2133 de
1321 2099 1387 2139 rol,
1406 2098 1463 2132 die
1479 2098 1528 2140 hij
1545 2097 1582 2132 in
1603 2098 1646 2132 de
1671 2097 1816 2141 geheele
1836 2097 1925 2132 zaak

698 2155 762 2190 der
786 2155 1009 2189 Waldenzen
1035 2155 1132 2189 heeft
1147 2154 1324 2198 gespeeld,
1340 2153 1391 2187 zie
1409 2153 1472 2188 Ch.
1492 2152 1674 2194 Fierville,
1689 2152 1740 2186 Le
1751 2151 1926 2186 cardinal

694 2211 865 2254 Jouffroy
883 2215 914 2244 et
930 2221 997 2244 son
1015 2215 1140 2254 temps,
1159 2210 1224 2244 blz.
1243 2211 1354 2243 26-33.
1376 2209 1586 2243 Gedurende
1601 2208 1645 2243 de
1667 2207 1926 2253 vervolgingen

694 2277 767 2299 was
782 2265 826 2299 de
838 2264 1003 2308 bissehop
1016 2263 1071 2299 uit
1086 2263 1236 2298 Atrecht
1251 2262 1413 2307 afwezig.

1055 2376 1152 2421 327
1161 2406 1173 2421 .

368 2482 504 2531 1462.
530 2479 732 2524 Januarz'
750 2480 794 2530 6,
815 2479 1017 2523 Atrecht.
1039 2477 1273 2521 Uittreksel
1295 2478 1357 2521 uit
1376 2477 1427 2520 de
1443 2477 1618 2534 kronijk
1641 2491 1724 2521 van
1741 2479 1924 2537 Jaeques

306 2554 369 2595 Du
402 2552 552 2606 Clercq
594 2565 698 2594 over
736 2550 787 2593 de
829 2549 1123 2606 dagvaarding
1153 2547 1259 2591 νὸὁι·
1299 2550 1331 2592 ’s
1373 2548 1558 2604 konings
1600 2549 1850 2592 Parlement
1878 2551 1923 2593 te

307 2620 446 2676 Parijs
470 2633 554 2662 van
593 2619 676 2662 den
714 2617 912 2674 bisschop
949 2631 1034 2660 van
1071 2618 1294 2668 Beirouth‚
1328 2617 1410 2659 den
1443 2617 1580 2660 deken
1612 2631 1698 2660 van
1718 2615 1919 2666 Atrecht,

308 2686 390 2730 den
409 2688 664 2742 inquisiteur
682 2688 738 2730 Le
757 2689 989 2730 Broussart
1011 2700 1063 2728 en
1082 2700 1199 2728 meer
1215 2686 1376 2728 andere
1398 2685 1651 2742 geestelijke
1669 2699 1722 2728 en
1740 2683 1924 2727 wereld-

308 2756 411 2813 lijke
434 2770 664 2812 personen,
705 2769 772 2798 om
804 2756 897 2798 zich
934 2758 1170 2811 tegenover
1209 2755 1334 2810 Hugo
1372 2754 1528 2810 Emery
1555 2752 1740 2811 (Aubry)
1762 2751 1924 2809 gezegd

308 2826 588 2868 Patrenostre
610 2829 654 2868 te
677 2824 1051 2879 rechtvaardigen.
1079 2848 1134 2854 —
1157 2823 1358 2866 Gemelde
1394 2823 1519 2878 Hugo
1556 2821 1794 2877 beklaagde
1829 2821 1923 2864 zich

309 2907 410 2936 over
431 2893 737 2949 bedreigingen
760 2907 815 2936 en
839 2892 1213 2948 geldafpersingen
1237 2891 1279 2933 in
1304 2891 1387 2934 den
1409 2890 1583 2934 kerker.
