2097 3466
744 232 875 268 ANNO
904 234 1014 271 1372,
1035 234 1135 267 1:373
1707 234 1771 268 225

136 330 329 374 Bzovius'
351 330 557 374 Annales
585 329 876 373 ecclesiastici
895 343 998 372 over
1021 329 1073 371 de
1106 326 1384 382 verbreiding
1406 340 1493 370 van
1516 326 1569 370 de
1591 327 1767 385 ketterij

135 400 214 443 der
249 399 505 456 Beggarden
544 413 598 441 en
636 398 940 450 Fratricellen,
979 396 1184 441 Wiclef’s
1217 396 1511 452 volgelingen,
1540 399 1606 440 tot
1638 396 1682 440 in
1720 397 1773 440 de

135 469 416 526 Rijnlanden‚
444 468 630 511 Holland
662 482 716 510 en
736 466 945 518 Brabzmt,
974 465 1108 509 nadat
1131 465 1182 521 zij
1209 464 1260 507 de
1284 465 1540 522 geestelijke
1565 464 1773 520 gebieden

135 551 221 580 van
243 536 514 594 Magdeburg
537 551 590 580 en
625 538 811 579 Bremen
845 535 1017 578 hadden
1055 537 1248 590 verpest.
1276 535 1460 576 Daarom
1500 533 1624 578 beval
1664 548 1773 590 paus

134 606 370 664 Gregorius
393 606 457 649 XI
480 620 563 649 aan
586 606 733 650 keizer
750 605 883 649 Karel
908 605 970 648 IV
993 618 1048 647 en
1071 618 1154 647 aan
1176 603 1228 646 de
1251 603 1456 646 Duitsche
1481 606 1676 658 vorsten,
1699 604 1775 648 dat

134 675 186 733 zij
208 676 260 720 de
282 675 563 732 inquisiteurs
585 676 744 731 helpen
768 674 933 718 zouden
955 677 1021 717 tot
1043 673 1278 729 uitroeiing
1300 671 1394 716 dier
1415 672 1610 731 ketterij.

179 802 278 838 Inter
293 801 359 837 hos
378 801 504 837 Italiae
519 800 700 837 tumultus
714 799 753 835 in
769 799 968 835 Germania
983 797 1135 843 plurimi
1152 797 1406 842 Begardorum
1420 800 1455 833 et
1471 797 1775 834 Fratricellorum

135 869 156 892 a
183 857 203 892 J
208 868 326 893 oanne
349 857 510 894 Wiclefo
538 867 662 891 recens
686 858 812 890 exorto
840 854 958 899 magis
990 853 1271 889 ecclesiasticam
1303 856 1517 898 potestatem
1545 856 1777 890 contemnere

135 913 232 948 docti
256 913 498 957 pullulabant,
513 916 661 956 jamque
677 909 987 955 Magdeburgensi
1003 913 1038 944 et
1054 909 1244 944 Bremensi
1268 909 1469 954 provinciis
1485 909 1640 952 infectis,
1657 914 1778 954 partes

135 967 342 1009 Rhenanas,
362 967 579 1003 Hollandiae
595 970 630 1002 et
649 967 869 1001 Brabantiae
884 967 1111 1009 irruperant.
1134 964 1281 1001 Monuit
1298 965 1460 1010 pontifex
1478 966 1693 1011 (Gregorius
1708 966 1774 1009 XI)

134 1024 392 1068 imperatorem
408 1024 594 1067 (Carolum
612 1022 672 1064 IV)
689 1026 723 1058 et
737 1022 918 1066 principes
932 1021 1160 1064 Germaniae,
1176 1026 1216 1057 ut
1232 1022 1276 1057 ad
1290 1022 1573 1066 extirpationem
1585 1022 1776 1058 haeresum

136 1079 213 1115 eius
229 1079 395 1115 criminis
412 1079 691 1124 inquisitoribus
707 1090 810 1123 opem
827 1079 978 1114 ferrent.

485 1158 573 1194 Abr.
600 1156 769 1200 Bzovius,
793 1156 958 1191 Annales
983 1155 1219 1191 ecclesiastici
1244 1155 1290 1191 ad
1322 1167 1459 1193 annum
1492 1158 1591 1201 1372,
1620 1158 1701 1195 decl
1729 1159 1775 1203 II,

534 1212 606 1248 blz.
627 1212 724 1254 1397,
743 1218 782 1246 nr
798 1210 874 1248 VII.

896 1323 1008 1383 21¹7.

200 1467 340 1522 1372,
366 1467 582 1519 Holland‚
616 1465 827 1512 Brabant
864 1479 919 1510 en
957 1466 1126 1510 andere
1164 1471 1407 1524 yewesten.
1445 1467 1687 1513 Uittreksel
1709 1469 1776 1514 uit

136 1537 344 1582 Odoricus
368 1537 634 1596 Raynaldus'
655 1537 862 1581 Annales
883 1535 1174 1580 ecclesiastici
1189 1550 1295 1580 over
1317 1536 1368 1580 de
1391 1537 1672 1595 verbreiding
1688 1553 1775 1583 van

135 1607 188 1651 de
221 1608 396 1665 ketterij
433 1608 510 1651 der
531 1607 598 1651 uit
628 1606 911 1650 Duitschland
934 1606 1166 1662 gevluchte
1200 1607 1458 1663 Beggarden
1483 1620 1537 1650 en
1561 1608 1775 1665 Begijnen

135 1676 273 1721 onder
294 1677 488 1720 anderen
510 1677 554 1720 in
577 1676 767 1720 Holland
799 1690 853 1718 en
885 1674 1094 1727 Brabant,
1121 1675 1275 1719 zoodat
1305 1690 1414 1732 paus
1449 1676 1686 1734 Gregorius
1710 1678 1775 1720 XI

136 1760 242 1790 eene
275 1745 349 1790 bul
387 1748 453 1790 tot
490 1745 640 1791 keizer
674 1745 810 1789 Karel
833 1745 897 1789 IV
916 1745 1077 1789 richtte
1122 1760 1190 1789 om
1229 1746 1334 1789 door
1371 1746 1458 1804 zijn
1497 1746 1684 1792 toedoen
1723 1747 1775 1790 de

135 1819 314 1861 vorsten
337 1830 392 1859 en
425 1815 713 1873 magistraten
734 1817 802 1859 tot
824 1815 902 1859 het
923 1816 1158 1861 verleenen
1181 1831 1266 1862 van
1289 1817 1550 1875 krachtigen
1584 1817 1774 1876 bijStand

135 1898 221 1929 aan
244 1884 296 1928 de
318 1883 599 1940 inquisiteurs
620 1887 665 1928 te
686 1883 914 1942 bewegen.

183 2010 484 2046 Contaminabant
507 2010 616 2045 etiam
641 2009 871 2045 Germaniam
897 2008 1055 2054 Begardi
1083 2021 1125 2044 ac
1153 2009 1340 2054 Beghinae
1366 2009 1491 2045 multis
1519 2010 1715 2053 erroribus,
1735 2011 1773 2046 in

137 2077 225 2109 quos
235 2067 313 2109 jam
330 2067 414 2100 ante
430 2065 601 2100 Urbanus
618 2065 650 2099 V
668 2066 837 2100 Carolum
855 2064 1110 2108 imperatorem
1126 2064 1327 2107 excitasset,
1346 2068 1388 2100 ut
1412 2065 1592 2109 imperiali
1617 2066 1772 2102 auctori-

135 2123 210 2156 tate
241 2132 405 2155 censores
437 2120 520 2154 fidei
552 2120 590 2154 in
622 2121 787 2155 obeundo
819 2131 968 2154 munere
1000 2120 1144 2154 fulciret
1160 2133 1168 2163 ς
1202 2120 1299 2163 iique
1331 2120 1370 2154 in
1401 2121 1708 2166 Magdeburgensi
1740 2126 1775 2157 et,

136 2175 322 2210 Bremensi
347 2175 542 2218 provinciis
561 2175 785 2218 judiciorum
803 2174 965 2209 ordinem
991 2174 1028 2208 in
1056 2175 1162 2208 hosce
1187 2175 1388 2209 haereticos
1405 2175 1665 2217 instituis-sonu
1692 2188 1774 2211 mox

137 2230 240 2274 impii
257 2231 302 2264 ad
318 2230 569 2265 declinandam
586 2231 812 2265 severitatem
837 2230 876 2264 in
893 2230 1109 2273 provincia&
1129 2241 1217 2272 quas
1234 2230 1384 2264 Rhenus
1400 2230 1517 2271 alluit,
1536 2234 1613 2265 tum
1632 2231 1776 2265 Hellan-

136 2286 246 2326 diam,
267 2285 502 2320 Brabantiam
519 2297 561 2320 ac
585 2286 756 2320 ducatum
775 2285 1025 2323 Stetincnscm,
1045 2285 1107 2319 ubi
1124 2285 1270 2320 altiores
1294 2285 1460 2329 impietas
1476 2285 1615 2320 radices
1632 2286 1772 2327 fixerat,

137 2342 341 2377 avolarunt.
360 2342 415 2376 Ad
433 2353 520 2385 quos
543 2342 763 2376 revocandos
787 2340 825 2375 in
850 2341 946 2374 viam
970 2340 1096 2374 salutis
1121 2341 1376 2384 perdendosve,
1396 2352 1440 2376 ne
1464 2344 1624 2375 caeteros
1647 2342 1771 2376 subor-

137 2401 278 2440 narent,
299 2398 469 2433 Carolum
493 2396 746 2440 imperatorem
771 2395 979 2430 sollicitavit
997 2395 1205 2439 Gregorius,
1225 2399 1264 2431 ut
1281 2395 1462 2440 principes
1478 2408 1520 2431 ac
1536 2396 1771 2440 magistratus

138 2464 332 2489 causarum
350 2453 433 2489 fidei
451 2452 699 2498 cognitoribus
715 2451 852 2486 auxilio
870 2462 941 2485 non
957 2451 1077 2485 deesse
1089 2451 1245 2494 juberet.

488 2529 665 2565 Odoricus
696 2529 923 2573 Raynaldus‚
963 2528 1128 2564 Annales
1159 2529 1393 2565 ecclesiastici
1423 2529 1470 2566 ad
1500 2540 1637 2566 annum
1669 2533 1766 2574 1372,

533 2582 613 2618 deel
630 2581 730 2625 XVI,
749 2582 814 2617 blz.
834 2584 909 2624 513,
929 2587 967 2616 nr
984 2582 1037 2616 34.

911 2709 1024 2755 218.

204 2836 342 2889 1373,
364 2834 596 2880 Febr-uari
618 2839 693 2889 17,
725 2837 868 2880 Trier.
896 2837 1031 2881 Bevel
1054 2850 1138 2882 van
1161 2837 1294 2883 Karel
1318 2841 1396 2893 IV,
1418 2842 1566 2886 keizer
1588 2857 1673 2888 van
1699 2845 1774 2889 het

140 2906 345 2952 Duitsche
367 2906 453 2964 rijk
476 2920 530 2950 en
553 2905 716 2962 koning
748 2919 834 2950 van
867 2906 1104 2959 Bohemen,
1140 2910 1312 2964 gericht
1343 2914 1409 2954 tot
1443 2912 1526 2955 den
1565 2913 1774 2957 aartsbis—

1605 3008 1644 3041 15
