2097 3466
301 253 363 285 45⁶2
978 247 1109 281 ANNO
1136 248 1235 280 1482

301 360 316 373 n
334 347 478 378 tcantur
500 341 607 376 semel
635 340 672 374 in
695 352 790 374 anno
813 341 878 374 sub
903 349 1017 383 poena
1046 338 1182 381 peccati
1207 337 1381 376 mortalis,
1399 340 1452 372 est
1474 336 1804 372 excommunicatus
1827 338 1874 378 et,
1892 336 1922 370 si

302 415 317 427 ν
336 398 501 437 celebret,
521 396 558 429 in
582 395 885 439 irregularitatem
904 392 1070 427 incurrit.
1093 408 1108 419 ··
1129 392 1225 426 Haec
1242 391 1439 436 propositio
1456 395 1508 426 est
1531 391 1619 425 falsa
1635 393 1670 425 et
1692 389 1878 435 injuriosa.

345 452 472 486 Sextus
487 450 672 484 articulus.
693 464 707 476 n
728 449 876 483 Faciens
893 448 1076 482 celebrare
1100 447 1244 481 missam
1268 457 1332 490 per
1355 445 1575 480 sacerdotem
1601 447 1779 480 tenentem
1803 455 1924 480 secum

304 524 319 537 ,ν
337 506 523 541 mulierem
547 506 745 548 suspectam
770 515 833 538 seu
855 503 945 537 alias
968 501 1054 536 mali
1077 500 1270 545 regiminis
1293 502 1418 544 peccat
1440 499 1651 534 mortaliter.
1680 514 1695 527 „
1725 497 1822 532 Haec
1846 508 1925 541 pro·

302 560 441 606 positio,
461 559 546 603 quia
569 558 843 594 indeterminate
866 557 1038 600 loquitur,
1058 559 1112 592 est
1135 555 1258 598 dubia,
1277 555 1470 591 temeraria
1492 557 1528 590 et
1550 554 1650 589 nullo
1673 553 1779 588 modo
1794 553 1926 598 populo

301 614 552 661 praedicanda.

345 668 525 714 Septimus
547 667 733 703 articulus.
760 683 775 696 u
802 668 947 702 Fratres
970 664 1146 710 praedicti
1172 676 1244 700 non
1267 667 1437 700 tenentur
1459 664 1505 699 ad
1527 663 1741 699 solutionem
1764 663 1926 706 quartae,

303 741 318 755 n
337 725 381 759 de
397 735 467 768 qua
489 723 528 758 in
553 722 776 759 Clementina
797 722 951 757 Dudum
968 721 1024 763 (de
1040 720 1259 765 sepulturis).
1280 736 1296 750 n
1315 719 1413 754 Haec
1442 718 1637 764 propositio
1659 719 1713 753 est
1730 716 1806 762 juri
1833 727 1928 752 com-

303 775 403 813 muni
421 776 614 812 contraria.

352 832 507 867 Octavus
533 831 719 866 articulus.
747 845 763 858 u
790 831 889 874 Papa
916 831 1033 873 posset
1058 830 1173 863 totum
1192 828 1254 872 jus
1281 827 1496 862 canonicum
1526 826 1709 862 destruere
1735 827 1771 861 et
1796 835 1930 860 novum

308 903 323 917 n
343 889 560 921 construere.
582 902 596 915 „
616 885 714 920 Haec
730 883 924 930 propositio
941 886 993 919 est
1015 883 1235 932 scandalosa,
1254 881 1569 926 blasphematoria,
1589 880 1728 916 notorie
1748 879 1931 916 haeretica

307 945 342 977 et
358 953 520 977 erronea.

350 999 473 1032 Nonus
495 995 681 1031 articulus.
701 1010 716 1023 ιι
744 994 867 1039 Aliqui
891 993 1005 1029 sancti
1030 996 1115 1028 sunt
1138 993 1277 1035 furiosi,
1300 1009 1314 1022 ss
1336 992 1473 1028 Gallice
1496 994 1662 1036 eozraqes.
1682 991 1780 1027 Haec
1803 1002 1930 1036 propo-

305 1052 387 1087 sitio
404 1055 456 1086 est
470 1051 679 1086 scandalosa
694 1054 730 1085 et
745 1047 1048 1093 blasphematoria
1064 1051 1100 1083 et
1114 1048 1258 1092 piarum
1274 1047 1419 1082 aurium
1435 1047 1618 1082 offensiva.

350 1107 517 1142 Decimus
543 1106 730 1140 articulus.
757 1119 773 1132 «ε
800 1104 953 1139 Animae
979 1103 1017 1137 in
1045 1102 1256 1147 purgatorio
1283 1102 1474 1137 existentes
1503 1104 1587 1137 sunt
1613 1102 1656 1136 de
1679 1100 1934 1146 jurisdictione

309 1178 324 1191 n
344 1172 476 1206 papae3
494 1163 541 1202 et,
565 1160 595 1194 si
619 1159 738 1200 vellet,
756 1161 873 1203 posset
895 1161 1010 1192 totum
1033 1157 1285 1202 purgatorium
1308 1168 1493 1192 evacuere.
1515 1172 1530 1186 n
1556 1156 1654 1191 Haec
1675 1154 1871 1200 propositio
1894 1155 1934 1190 in

308 1228 344 1251 se
371 1220 424 1251 est
449 1215 560 1250 dubia
586 1218 622 1250 et
645 1215 691 1249 ad
717 1217 872 1249 mentem
890 1212 1081 1248 asserentis
1109 1224 1173 1256 per
1199 1213 1345 1247 modum
1369 1211 1634 1257 jurisdictionis
1664 1214 1700 1246 et
1729 1210 1935 1247 ordinariae

308 1271 491 1316 potestatis
506 1271 550 1306 de
573 1270 728 1305 falsitate
745 1271 910 1313 suscepta
932 1271 967 1303 et
990 1268 1211 1309 scandalosa,
1230 1271 1267 1303 et
1289 1268 1495 1303 nullatenus
1518 1268 1650 1312 populo
1667 1267 1810 1312 publice
1832 1277 1933 1312 prae-

307 1326 471 1361 dicanda.

354 1381 574 1416 Undecimus
596 1378 782 1414 articulus.
811 1393 826 1405 ιι
854 1378 954 1421 Papa
978 1380 1095 1422 posset
1121 1377 1166 1411 ab
1189 1388 1262 1417 uno
1289 1376 1529 1412 ecclesiastico
1556 1376 1682 1412 tollere
1707 1375 1935 1412 medietatem

311 1452 326 1466 ’ν
345 1435 527 1470 redituum
552 1433 810 1469 beneficiorum
837 1443 983 1467 suorum
1010 1435 1045 1467 et
1070 1432 1135 1467 uni
1163 1431 1268 1467 alteri
1295 1432 1393 1472 dare,
1420 1442 1491 1466 non
1518 1430 1749 1475 exprimendo
1776 1430 1936 1474 aliquam

313 1507 329 1521 n
349 1502 505 1525 causam.
526 1506 541 1519 n
561 1489 659 1524 Haec
682 1487 878 1532 propositio
895 1491 948 1523 est
971 1488 1173 1531 periculosa
1196 1491 1231 1522 et
1254 1487 1354 1522 nullo
1370 1487 1476 1521 modo
1499 1487 1751 1531 praedicanda,
1768 1489 1810 1522 ut
1825 1487 1936 1531 jacet.

357 1544 596 1580 Duodecimus
612 1542 798 1578 articulus.
819 1556 834 1569 u
856 1541 1082 1585 Quicumque
1109 1541 1325 1577 contradicit
1348 1541 1526 1576 voluntati
1549 1552 1674 1585 papae,
1693 1539 1883 1585 paganizat
1903 1541 1941 1575 et

315 1616 330 1630 n
350 1598 560 1635 sententiam
578 1597 960 1633 excommunicationis
984 1597 1139 1632 incurrit
1163 1596 1239 1640 ipso
1263 1597 1368 1638 facto,
1394 1600 1430 1632 et
1453 1607 1475 1630 a
1498 1597 1598 1631 nullo
1615 1607 1708 1640 papa
1723 1594 1940 1640 reprehendi

316 1672 331 1685 n
350 1658 464 1699 potest
495 1653 563 1688 nisi
594 1653 632 1687 in
662 1652 814 1687 materia
844 1651 1012 1686 haeresis.
1046 1668 1062 1681 v
1093 1651 1190 1686 Haec
1220 1651 1419 1696 propositio
1451 1654 1505 1686 est
1533 1651 1634 1691 falsa,
1668 1650 1878 1686 scandalosa
1904 1651 1941 1686 et

314 1709 454 1753 sapiens
469 1707 646 1742 haeresim
662 1706 901 1741 manifestam.

359 1763 527 1798 Decimus
556 1762 684 1797 tertius
714 1760 901 1795 articulus.
931 1774 946 1787 ιε
973 1760 1082 1795 Bulla
1112 1771 1176 1804 per
1204 1771 1333 1804 papam
1364 1760 1577 1794 modernum
1605 1759 1738 1794 eisdem
1767 1758 1940 1794 fratribus

315 1833 332 1847 n
352 1828 518 1852 concessa
541 1816 611 1850 fuit
634 1815 796 1850 Parisius
819 1814 1027 1858 praedicata
1042 1818 1078 1850 et
1101 1826 1164 1858 per
1186 1815 1457 1849 universitatem
1474 1813 1714 1849 Parisiensem
1728 1814 1938 1858 approbata.

316 1888 332 1901 ι’
352 1872 396 1906 Et
412 1871 473 1915 qui
490 1871 623 1905 eisdem
640 1869 866 1910 contradicit,
885 1871 1097 1903 sententiam
1114 1867 1496 1904 excommunicationis
1519 1867 1674 1904 incurrit
1696 1868 1774 1912 ipso
1794 1868 1901 1903 facto.
1921 1883 1938 1898 υ

317 1927 414 1962 Haec
434 1925 628 1970 propositio
645 1928 697 1960 est
712 1925 803 1959 falsa
818 1927 853 1959 et
868 1924 1096 1959 mendacium
1113 1924 1343 1959 manifestum
1360 1924 1558 1959 continens.

361 1981 528 2017 Decimus
551 1983 700 2023 quartus
723 1979 910 2014 articulus.
935 1979 1060 2014 Dictus
1082 1979 1195 2014 frater
1217 1979 1399 2013 Johannes
1422 1979 1554 2024 Angeli
1577 1990 1700 2014 omnes
1721 1980 1758 2014 et
1779 1977 1942 2023 singulos

318 2036 490 2071 articulos
505 2046 614 2079 supra
629 2034 742 2069 dictos
758 2034 892 2077 pluries
915 2034 1069 2068 asseruit
1095 2034 1171 2068 fore
1191 2045 1294 2068 veros
1318 2037 1353 2068 et
1376 2035 1518 2069 eosdem
1540 2033 1717 2069 sustinere
1731 2034 1822 2069 velle
1838 2033 1940 2068 Pari-

317 2094 390 2127 sius
406 2097 442 2127 et
458 2092 674 2134 ubicumque
690 2094 870 2125 terrarum
887 2101 999 2133 usque
1015 2090 1061 2124 ad
1083 2089 1205 2133 ignem
1227 2093 1262 2124 et
1285 2090 1366 2124 illos
1383 2101 1567 2133 nunquam
1583 2099 1752 2123 revocare
1768 2087 1890 2123 dicens
1904 2099 1942 2123 se

318 2159 389 2183 non
412 2158 486 2182 esse
509 2147 553 2180 de
580 2156 730 2180 numero
757 2144 1047 2188 praedicatorum
1075 2144 1137 2187 qui
1161 2156 1198 2179 se
1228 2147 1409 2179 revocant.
1440 2144 1517 2179 Hoc
1543 2143 1679 2178 dictum
1707 2145 1760 2178 est
1785 2142 1942 2178 hominis

316 2202 474 2247 protervi
499 2204 534 2236 et
557 2199 764 2245 pertinacis,
783 2203 818 2234 et
840 2198 1020 2233 sufficiens
1036 2199 1082 2233 ad
1098 2199 1362 2242 procedendum
1376 2201 1502 2233 contra
1524 2209 1607 2233 eum
1623 2198 1850 2244 judicialiter
1863 2200 1941 2234 tan-

319 2268 425 2301 quam
443 2260 569 2291 contra
583 2255 814 2289 vehementer
829 2254 872 2288 de
888 2253 1028 2288 haeresi
1044 2256 1261 2297 suspectum.
1804 2250 1806 2253 ’

359 2312 526 2345 Declarat
552 2309 661 2344 etiam
685 2309 846 2352 praefata
869 2308 966 2342 alnia
987 2307 1239 2352 theologorum
1267 2307 1430 2349 facultas,
1449 2308 1544 2351 quod
1568 2307 1835 2352 praedictorum
1857 2306 1943 2343 arti-

320 2367 483 2402 culorum
509 2363 730 2409 qualificatio
758 2363 858 2397 nullo
883 2363 989 2398 modo
1013 2363 1163 2406 derogat
1189 2374 1255 2397 nec
1271 2362 1495 2407 praejudicat
1519 2363 1762 2398 Clementinae
1778 2363 1942 2405 Dudum,

320 2422 363 2456 de
379 2420 583 2465 sepulturis.

367 2478 418 2511 De
434 2487 505 2520 qua
521 2476 664 2520 quidem
681 2473 949 2518 qualificatione
972 2473 1209 2517 omnibusque
1230 2472 1434 2517 praemissis
1449 2472 1589 2517 egregii
1605 2475 1641 2508 et
1663 2472 1859 2507 doctissimi
1874 2471 1946 2507 viri

321 2531 486 2575 magistri
519 2530 700 2566 Johannes
732 2530 869 2571 Roerii,
898 2541 1021 2565 sacrae
1056 2529 1260 2574 theologiae
1294 2529 1483 2572 professor,
1517 2528 1712 2564 canonicus
1741 2527 1946 2573 praedictae

321 2586 492 2621 ecclesiae
520 2585 768 2627 Tornaeensis,
796 2588 869 2620 tam
894 2596 958 2619 suo
985 2592 1094 2628 quam
1117 2583 1269 2628 praefati
1293 2583 1443 2627 capituli
1467 2583 1684 2625 nominibus,
1711 2583 1946 2627 nonnullique

327 2642 433 2676 etiam
451 2641 614 2675 doctores
636 2645 671 2675 et
693 2639 858 2683 magistri
881 2639 920 2673 in
943 2639 1040 2674 dicta
1063 2638 1354 2683 congregatione,
1373 2640 1409 2672 et
1429 2638 1585 2673 Joannes
1601 2638 1722 2680 Parvi,
1740 2638 1830 2674 alias
1853 2639 1945 2674 Lau-

324 2696 449 2737 rencii,
475 2695 510 2729 in
535 2695 672 2730 artibus
696 2695 879 2739 magister,
904 2695 942 2729 in
964 2696 1050 2740 jure
1073 2694 1247 2729 canonico
1270 2693 1487 2734 licentiatus,
1505 2693 1761 2738 hospitalarius
1782 2696 1818 2729 et
1841 2704 1946 2729 cano-

326 2751 429 2785 nicus
445 2752 625 2794 praefatae
641 2749 812 2786 ecclesiae
829 2749 1079 2791 Tornaeensis,
1097 2752 1172 2784 tam
1188 2760 1253 2783 suo
1269 2759 1376 2791 quam
1393 2747 1546 2792 praefati
1563 2747 1712 2792 capituli
1728 2747 1945 2792 nominibus,

326 2806 560 2850 nonnullique
576 2806 683 2841 etiam
700 2806 863 2840 doctores
876 2807 912 2840 et
927 2804 1091 2849 magistri
1108 2803 1147 2838 in
1162 2803 1259 2838 dicta
1275 2802 1555 2847 congregatione
1567 2802 1756 2838 existentes
1767 2803 1948 2848 petierunt

325 2861 392 2895 sibi
421 2867 455 2895 et
485 2872 610 2895 eorum
641 2860 790 2895 cuilibet
815 2859 894 2894 fieri
928 2862 1036 2903 atque
1065 2859 1159 2894 tradi
1189 2857 1376 2903 publicum
1405 2857 1684 2894 instrumentum
1710 2870 1772 2894 seu
1802 2858 1948 2904 publica

325 2915 560 2950 instrumenta
577 2919 640 2950 aut
660 2915 764 2959 plura
780 2926 844 2958 per
860 2926 916 2948 me
933 2914 1115 2949 notarium
1133 2913 1319 2958 publicum
1336 2912 1587 2955 subscriptum.
