2097 3466
349 249 410 281 400
1028 242 1160 276 ANNO
1187 243 1289 276 1463

348 339 548 373 iniunctum
565 341 653 377 erat,
672 334 855 376 reuocaui,
881 338 921 369 ut
946 333 1072 378 scripsi
1099 333 1273 378 superius,
1303 345 1375 368 non
1399 333 1493 377 quod
1519 335 1645 367 contra
1668 331 1775 366 fidem
1796 331 1880 373 sint,
1898 331 1960 367 sed

349 393 554 436 aliqualiter
570 392 606 426 in
622 391 830 426 scandalum
846 390 1070 425 sacerdotum
1086 401 1211 424 curam
1229 389 1432 424 animarum
1448 387 1656 423 habentium
1669 398 1744 422 esse
1759 389 1916 430 possunt.

393 448 480 482 Item
505 447 550 481 ad
573 446 641 480 hoc
664 446 759 489 quod
774 445 899 480 dicunt
923 445 1018 488 quod
1042 455 1105 487 per
1129 444 1255 478 horam
1280 455 1361 478 cum
1387 442 1537 477 dimidia
1564 442 1638 477 fere
1653 452 1710 476 me
1721 440 1830 476 fuisse
1841 440 1881 475 in
1895 440 1964 476 isto

350 513 511 536 sermone
523 501 568 535 ad
583 501 678 535 hanc.
693 499 981 544 pertractandam
1008 498 1208 538 materiam,
1226 497 1414 532 humiliter
1425 496 1577 537 declino,
1592 495 1653 530 sed
1666 496 1754 530 bene
1769 506 1833 539 per
1848 493 1964 530 medie

349 556 509 600 spacium
527 555 702 597 concedo;
716 558 751 589 et
763 555 858 598 quod
873 553 1037 588 cedulam
1053 552 1162 587 michi
1178 563 1241 595 per
1256 551 1350 595 ipsos
1365 550 1534 586 traditam
1550 561 1621 585 non
1637 549 1786 594 legerim
1799 549 1961 590 illotunc,

349 611 527 652 concedo;
545 610 639 654 quod
654 613 774 644 autem
798 609 842 643 de
865 608 1006 651 scriptis
1035 607 1072 642 in
1100 607 1164 641 illa
1187 606 1323 641 nullam
1349 605 1565 641 mentionem
1591 604 1752 645 fecerint,
1780 602 1968 639 humiliter

348 666 501 703 declino.
519 669 554 700 et
581 665 676 707 quod
702 663 835 698 ibidem
852 663 971 697 dicere
987 661 1086 705 potui
1111 661 1174 702 sic,
1204 660 1371 696 videlicet
1400 661 1494 704 quod
1521 660 1701 694 confessus
1727 657 1836 693 alicui
1860 656 1966 693 fratri

347 719 536 753 habentem
556 720 763 761 potestatem
780 716 949 751 audiendi
961 727 1042 750 eum
1059 719 1094 750 et
1110 714 1318 750 absoluendi
1332 714 1450 749 denuo
1464 725 1534 748 non
1548 717 1690 749 tenetur
1701 714 1745 748 de
1757 713 1966 749 necessitate

347 773 472 808 salutis
495 771 657 807 confiteri
686 783 750 806 suo
778 774 914 811 curato,
934 770 994 804 sed
1024 769 1144 804 dicere
1168 772 1281 813 potest
1303 768 1515 803 humiliter:
1535 768 1734 809 “Domine,
1752 779 1825 803 non
1850 766 1964 803 sentio

349 827 603 862 conscientiam
619 836 736 860 meam
752 825 874 867 aliquo
891 823 1034 858 mortali
1051 827 1195 867 peccato
1211 826 1407 864 oneratam,
1425 822 1506 857 date
1518 821 1641 864 michi,
1657 833 1794 866 precor,
1808 820 1963 857 eucaris-

348 883 458 922 tiam;
480 884 548 916 net
564 884 710 915 curatus
732 880 770 914 in
798 881 875 914 foro
899 878 1115 914 conscientie
1144 881 1284 913 tenetur
1306 877 1378 913 sibi
1400 878 1545 912 credere
1567 880 1603 912 et
1624 878 1670 912 ad
1691 876 1747 911 sui
1762 878 1965 921 requestam

348 936 577 972 eucaristiam
594 935 811 970 ministrare.

393 992 479 1026 Item
502 991 548 1025 ad
570 990 638 1024 hoc
661 990 756 1032 quod
779 989 904 1023 dicunt
925 989 1022 1032 quod
1048 987 1291 1022 mendicantes
1315 990 1398 1022 sunt
1419 987 1553 1031 proprij
1586 986 1786 1021 sacerdotes
1815 985 1910 1020 sicut
1931 987 1967 1021 et

349 1045 478 1086 curati,
496 1049 531 1079 et
547 1043 696 1079 confessi
713 1043 846 1078 eisdem
869 1046 951 1077 sunt
967 1042 1116 1077 confessi
1141 1042 1287 1086 proprio
1314 1040 1501 1082 sacerdoti,
1531 1041 1686 1075 concedo
1702 1040 1746 1074 de
1761 1039 1966 1075 mendican-

348 1102 443 1136 tibus
458 1099 708 1135 auctoritatem
724 1098 801 1133 siue
817 1100 1025 1142 potestatem
1038 1097 1252 1132 habentibus
1263 1096 1405 1137 dixisse,
1420 1096 1514 1139 quod
1528 1096 1673 1139 possunt
1687 1093 1760 1129 (1101
1774 1093 1912 1138 proprii
1925 1094 1966 1128 in

348 1160 429 1190 actu
447 1153 689 1190 confessionis

392 1211 481 1245 Item
498 1209 652 1244 concedo
668 1208 799 1242 dixisse
815 1207 910 1251 quod
925 1207 954 1241 si
971 1206 1050 1250 quis
1075 1206 1169 1240 infra
1194 1217 1329 1240 annum
1356 1217 1378 1240 a
1404 1205 1462 1240 die
1485 1217 1548 1241 sue
1571 1203 1812 1246 confessionis,
1829 1202 1966 1239 scilicet

348 1267 505 1311 parendo
521 1265 669 1300 ecclesie
685 1267 828 1304 statuto,
847 1263 956 1298 fuerit
979 1262 1124 1306 proprio
1146 1261 1322 1296 sacerdoti
1351 1262 1542 1302 confessus,
1568 1264 1682 1296 morte
1705 1260 1965 1304 preoccupatus

347 1323 457 1358 fuerit
472 1322 549 1356 siue
564 1322 758 1364 preuentus
775 1331 845 1354 non
862 1318 1004 1354 condito
1031 1321 1254 1358 testamento,
1273 1317 1340 1351 sibi
1369 1329 1440 1352 non
1455 1318 1559 1352 debet
1582 1316 1823 1352 ecclesiastica
1847 1315 1962 1359 sepul-

348 1382 431 1414 tura
446 1376 628 1421 denegari.
648 1378 734 1419 puta
749 1375 779 1409 si
795 1375 886 1418 lapis
902 1385 1053 1418 magnus
1079 1376 1224 1418 repente
1247 1385 1355 1417 super
1377 1385 1482 1408 suum
1506 1376 1613 1418 caput
1635 1374 1740 1408 cadat
1762 1372 1824 1417 qui
1848 1371 1965 1416 ipsum

347 1433 465 1468 subito
493 1430 697 1471 interficiat,
728 1441 794 1464 nec
821 1428 923 1473 posui
953 1428 1155 1472 exemplum
1187 1439 1278 1471 aque
1306 1428 1382 1462 siue
1399 1427 1509 1471 putei,
1528 1430 1568 1462 ut
1582 1426 1694 1462 michi
1710 1426 1864 1468 videtur,
1882 1424 1968 1460 licet

349 1488 511 1522 doctores
527 1488 673 1530 ponant..

391 1542 480 1577 Item
496 1540 666 1575 recordor
681 1551 737 1574 me
759 1538 890 1573 dixisse
912 1538 1031 1573 verbis
1054 1536 1196 1581 gallicis
1220 1536 1296 1571 sic:
1317 1537 1512 1571 Penitence
1537 1537 1715 1571 enioincte
1739 1546 1790 1570 au
1811 1533 1966 1580 poeuple

349 1602 426 1631 nest
436 1599 543 1641 point
561 1596 649 1629 dicte
664 1596 768 1628 vraie
780 1596 980 1638 peniteme,
999 1595 1095 1627 mais
1111 1591 1328 1626 seullemem
1356 1596 1556 1636 apparente
1583 1603 1632 1625 au
1657 1589 1798 1636 reyard
1815 1589 1860 1624 de
1875 1588 1964 1623 celle

350 1651 441 1697 qu’il
463 1650 708 1694 soufferoyem
731 1659 776 1682 en
794 1649 1022 1692 purgatoz're.
1041 1647 1086 1681 Et
1109 1647 1306 1690 aclioustay
1321 1648 1426 1680 aussi
1443 1657 1453 1681 .·
1468 1646 1527 1680 Au
1543 1645 1680 1690 reyard
1696 1645 1742 1679 de
1757 1643 1797 1678 la
1805 1644 1964 1688 passion·

351 1718 418 1752 que
435 1705 565 1740 mesas
581 1716 603 1738 a
619 1704 772 1745 souflert
783 1713 880 1746 pour
895 1712 1002 1735 nous.

389 1763 480 1798 Item
502 1759 623 1795 omnia
637 1756 822 1801 sequentia
844 1756 883 1791 in
905 1755 977 1790 alic
999 1755 1152 1791 articulo
1169 1756 1336 1797 concedo,
1355 1755 1522 1790 videlicet
1545 1754 1641 1799 quod
1655 1753 1780 1789 citatio
1803 1752 1964 1797 ipsorum

348 1816 418 1851 fuit
442 1814 531 1850 mihi
555 1811 757 1848 executioni
780 1811 994 1846 demandata
1009 1811 1153 1854 diesque
1174 1811 1220 1845 ad
1243 1810 1523 1854 comparandum
1542 1802 1763 1852 assignatus'3
1779 1807 1842 1842 sed
1855 1806 1963 1851 trepi-

346 1870 433 1906 daui
448 1869 588 1908 timore,
607 1869 698 1902 forte
721 1866 784 1900 ubi
807 1877 880 1900 non
895 1868 973 1900 erat
995 1865 1127 1909 timor;
1156 1865 1224 1900 feci
1252 1865 1431 1909 quandam
1456 1863 1731 1908 appellationem
1747 1861 1839 1904 fieri,
1856 1872 1965 1906 supra

348 1936 455 1969 quam
473 1923 677 1957 citationem
705 1932 815 1954 unam
841 1919 990 1954 sundaui
1015 1930 1078 1962 per
1105 1922 1374 1962 procuratorem
1398 1919 1444 1953 ad
1467 1917 1629 1953 dominos
1651 1915 1805 1952 vicarios
1827 1915 1965 1951 domini

350 1976 614 2013 Cameracensis
629 1989 637 2018 3
655 1978 690 2010 et
712 1975 780 2009 1100
803 1974 872 2008 feci
888 1985 1079 2008 concussus
1096 1974 1251 2008 maximo
1267 1975 1396 2009 timore
1412 1985 1476 2017 per
1499 1973 1689 2008 consilium
1707 1971 1964 2006 nonnullorum

348 2033 395 2067 ad
417 2031 668 2066 declinandum
692 2028 854 2072 graciose
877 2027 1015 2061 curiam
1043 2028 1171 2070 istam3
1197 2028 1290 2061 unde
1313 2027 1343 2061 si
1368 2038 1432 2070 per
1454 2027 1522 2061 hoc
1547 2026 1722 2061 iudicium
1749 2026 1833 2061 fidei
1855 2025 1965 2061 fuerit

349 2087 609 2131 perturbatum,
628 2082 781 2118 credatis
796 2082 892 2124 quod
907 2081 1015 2116 fuerit
1032 2084 1151 2124 preter
1166 2081 1355 2122 intentum,
1371 2081 1456 2124 quia
1478 2081 1579 2124 quasi
1595 2079 1731 2116 nesciui
1747 2079 1833 2123 quid
1848 2078 1920 2124 egi.

394 2140 467 2174 Hec
491 2141 583 2179 sunt,
613 2136 885 2181 prestantissimi
912 2136 1048 2170 domini
1075 2135 1158 2176 mei,
1184 2147 1252 2179 que
1280 2136 1475 2170 secundum
1505 2136 1619 2170 Deum
1649 2137 1686 2169 et
1708 2133 1963 2170 conscientiam

350 2206 415 2238 pro
432 2205 527 2227 nunc
543 2193 711 2227 recordor
726 2203 783 2226 me
798 2191 929 2226 dixisse
953 2191 1085 2233 absque
1101 2190 1403 2225 declarationibus
1418 2190 1478 2224 hic
1494 2201 1566 2224 non
1582 2189 1704 2233 positis
1720 2191 1756 2224 et
1777 2188 1964 2223 doctorum

350 2247 637 2291 allegationibus,
658 2247 751 2280 unde
773 2246 877 2289 plura
899 2245 995 2278 infra
1010 2244 1135 2278 horam
1153 2247 1294 2287 possent
1316 2244 1387 2278 dici
1416 2255 1522 2287 quam
1538 2243 1598 2278 hic
1614 2243 1685 2279 sint
1707 2243 1850 2287 scripta.
1870 2242 1963 2284 Qua-

351 2307 506 2347 propter,
539 2300 676 2335 heroici
706 2299 776 2334 viri
806 2297 1083 2342 peritissimique
1113 2297 1250 2332 domini
1280 2309 1322 2331 ac
1353 2299 1488 2342 egregij
1529 2299 1705 2342 magistri,
1737 2300 1872 2334 vestras
1901 2308 1964 2332 oro

350 2355 610 2390 dominationes
634 2357 685 2395 ut,
705 2354 734 2388 si
758 2353 880 2396 aliqua
901 2352 1020 2386 minus
1037 2353 1124 2387 bene
1148 2351 1245 2386 dicta
1272 2363 1315 2385 ac
1337 2351 1376 2385 in
1399 2352 1468 2386 fide
1495 2351 1713 2387 dissonantia
1739 2352 1848 2396 (quod
1869 2351 1965 2387 Deus

351 2414 503 2452 auertat)
518 2410 600 2450 sint,
619 2412 750 2443 extunc
769 2410 875 2450 prout
897 2417 1038 2440 exnunc
1063 2409 1099 2440 et
1122 2417 1263 2440 exnunc
1287 2409 1393 2449 prout
1415 2409 1546 2441 extunc
1569 2406 1738 2441 submitto
1754 2417 1812 2441 me
1827 2415 1964 2441 correc-

350 2465 439 2500 tioni
457 2469 492 2499 et
506 2464 653 2500 emende
674 2461 863 2497 caritatiue
886 2460 984 2494 illius
1000 2460 1056 2494 vel
1078 2459 1236 2501 illorum,
1255 2460 1301 2494 ad
1317 2471 1422 2503 quem
1438 2460 1494 2494 vel
1516 2461 1563 2494 ad
1586 2472 1674 2504 quos
1693 2462 1828 2504 spectat
1842 2459 1964 2494 huius·

352 2519 447 2554 modi
464 2518 647 2553 deuiantes
663 2517 709 2551 ad
724 2516 857 2550 calcem
874 2516 1044 2550 reducere
1067 2514 1229 2549 veritatis
1251 2515 1490 2556 retractando,
1509 2516 1678 2550 cassando
1694 2517 1730 2550 et
1744 2514 1964 2550 annullando

352 2584 395 2606 ac
424 2572 588 2606 habendo
618 2581 682 2614 pro
713 2581 785 2604 non
814 2569 909 2604 dicto
936 2569 1012 2604 siue
1042 2580 1107 2612 pro
1135 2580 1206 2603 non
1233 2568 1350 2609 dictis,
1379 2568 1581 2604 humillime
1607 2571 1742 2604 vestras
1768 2568 1965 2614 flagitando

352 2625 618 2661 beneuolentias
633 2627 808 2668 quatenus
831 2623 927 2658 istud
951 2622 1134 2667 negotium
1151 2623 1262 2666 possit
1282 2623 1334 2657 sic
1358 2623 1510 2658 transire
1533 2623 1628 2667 quod
1649 2623 1697 2658 sit
1717 2624 1852 2667 absque
1865 2634 1964 2658 scan-

352 2681 434 2715 dalo
456 2679 642 2723 religionis
671 2681 707 2713 et
732 2689 810 2712 mee
829 2689 988 2721 persone,
1007 2680 1073 2712 etc.
1100 2677 1203 2712 Unde
1226 2680 1402 2721 protestor
1424 2677 1533 2712 fuisse
1554 2680 1590 2712 et
1615 2688 1754 2722 semper
1778 2689 1853 2713 esse
1874 2677 1966 2713 velle

353 2734 468 2769 filium
485 2734 659 2769 catholice
682 2731 830 2767 ecclesie
857 2743 993 2775 unum3
1017 2733 1062 2766 ab
1079 2735 1158 2767 octo
1182 2731 1286 2766 annis
1309 2731 1400 2767 citra
1415 2731 1586 2767 consueui
1607 2732 1646 2767 in
1669 2732 1741 2767 fine
1761 2742 1965 2767 sermonum
2007 2771 2010 2774 Δ

352 2801 514 2824 meorum
530 2789 580 2824 xii
597 2789 767 2824 articulos
783 2788 865 2822 fidei
882 2787 1044 2823 confiteri
1060 2799 1103 2822 ac
1118 2787 1249 2823 astanti
1269 2787 1400 2832 populo
1416 2787 1547 2823 dicere.

397 2844 441 2878 Et
468 2844 608 2878 locutus
635 2854 714 2878 sum
742 2842 783 2877 in
811 2841 1035 2878 sermonibus
1062 2841 1230 2886 predictis
1257 2841 1376 2877 verbis
1404 2841 1633 2887 generalibus
1662 2840 1963 2883 conditionaliter,

353 2898 538 2934 reductiue
555 2909 596 2934 ac
618 2896 902 2943 presuppositiue
917 2907 1056 2941 semper
1080 2896 1270 2933 deferendo
1293 2896 1466 2933 honorem
1493 2899 1529 2933 et
1549 2895 1790 2946 reuerentiam
1815 2894 1963 2932 summis
