2097 3466
796 227 928 261 ANNO
956 227 1055 260 1472
1674 226 1735 258 433

112 322 282 378 Mignot
313 335 364 363 en
404 335 489 364 van
522 326 635 365 twee
673 321 834 365 andere
870 335 1085 378 personen
1126 319 1209 362 had
1245 320 1574 377 geraadpleegd.
1604 346 1657 353 —
1678 322 1736 364 De

113 390 315 434 bedoelde
325 390 556 446 stellingen
574 391 660 448 zijn
679 391 917 434 kettersch.
934 392 1078 446 Tegen
1094 390 1263 444 Mignot
1280 390 1315 432 is
1328 404 1375 432 er
1387 403 1506 432 maar
1525 387 1601 431 edu
1615 389 1740 433 echte

111 460 306 517 getuige;
345 459 511 515 Mignot
533 463 646 502 moet
669 459 881 503 noohtans
910 459 1111 515 opnieuw
1131 458 1440 514 ondervraagd
1458 458 1650 502 worden.
1681 459 1741 502 De

111 530 226 572 twee
251 526 443 570 anderen
467 532 637 572 moeten
660 527 764 571 door
785 528 867 571 den
896 527 1156 583 inquisiteur
1206 527 1517 582 aangehouden
1542 527 1736 578 worden,

112 595 180 640 die
203 609 251 639 er
274 595 534 651 vervolgens
555 609 638 638 aan
662 596 714 639 de
736 595 1203 652 vicarissen-generaal
1225 609 1311 640 van
1345 596 1374 639 't
1391 595 1556 639 bisdom
1572 594 1741 639 bericht

111 675 197 707 van
220 677 299 708 zou
324 667 496 708 moeten
520 677 675 721 geven.

157 789 291 825 Contra
308 789 495 835 quendam
511 789 709 825 hereticum
725 792 1041 836 impurissimum,
1059 790 1111 826 ad
1130 791 1350 824 instantiam
1375 789 1608 834 inquisitoris
1632 787 1734 823 ltere·

110 847 178 881 tice
197 847 418 891 prauitatis.

154 911 317 946 Remissa
348 911 697 947 recommendatione
725 913 856 948 debita.
891 913 987 948 Petit
1015 912 1219 948 reuerentia
1246 915 1375 951 vestra,
1405 910 1578 955 magister
1605 915 1735 951 noster,

110 966 300 1001 consilium
317 977 424 1010 super
447 966 653 1001 enormibus
676 968 931 1003 assertionibus
956 968 1143 1002 cuiusdam
1174 966 1407 1010 impurissimi
1432 967 1476 1000 de
1502 966 1642 1001 Christo
1659 977 1738 1009 pro-

110 1020 192 1056 latis
207 1032 285 1056 mee
302 1021 485 1065 prauitati.
506 1021 685 1057 Mendicat
712 1023 789 1057 fons
813 1035 833 1057 a
858 1023 990 1062 riuulo,
1009 1024 1061 1057 sol
1086 1035 1106 1056 a
1130 1022 1244 1063 radio,
1263 1021 1365 1056 diues
1386 1022 1430 1055 ab
1453 1021 1569 1065 inope.
1590 1021 1737 1059 Verum.

111 1079 151 1111 ut
173 1075 333 1111 debitum
359 1076 441 1110 fidei
466 1077 662 1117 exsoluam,
682 1077 798 1121 prima
826 1078 974 1112 assertio
991 1078 1111 1112 illius:
1132 1091 1146 1104 u
1169 1077 1332 1112 Christus
1360 1076 1566 1120 inquinauit
1594 1087 1738 1110 carnem

112 1141 213 1165 suam
230 1142 311 1165 cum
328 1130 479 1165 muliere
496 1131 691 1175 coniugata
706 1136 772 1167 etc.
793 1149 807 1161 υ
837 1133 874 1166 in
899 1144 935 1168 se
960 1133 1184 1167 considerata
1200 1135 1252 1167 est
1270 1131 1501 1175 blasphemia,
1516 1130 1734 1171 hereticalis,

110 1185 298 1230 sacrilega,
318 1186 518 1230 perniciosa
534 1190 570 1222 et
586 1187 851 1223 seandalosa....
872 1190 916 1231 (1)

155 1241 320 1277 Secunda
335 1241 483 1277 assertio
499 1241 650 1277 dicentis
673 1244 769 1286 quod
795 1244 958 1279 Christus
987 1256 1174 1288 nunquam
1198 1243 1237 1278 in
1265 1244 1399 1278 mundo
1425 1243 1670 1285 manducauit,
1690 1246 1743 1278 est

111 1297 325 1333 heretica...
346 1298 391 1339 (1)

155 1350 321 1386 Terciam
345 1351 576 1387 assertionem
591 1352 634 1387 de
652 1364 723 1387 non
747 1353 980 1397 percutiendo
996 1353 1118 1389 viliter
1139 1365 1256 1395 canes,
1276 1356 1343 1389 etc.
1361 1356 1515 1394 transeo,
1535 1352 1620 1397 quia
1635 1352 1742 1387 anilis

111 1410 165 1443 est
179 1410 215 1442 et
229 1406 403 1441 fabulosa.

155 1463 207 1497 De
229 1462 375 1497 Matheo
398 1461 541 1506 Mignot
564 1461 665 1497 iuxta
692 1462 984 1498 informationem
1013 1475 1122 1507 quam
1147 1463 1234 1504 vidi,
1254 1474 1326 1498 non
1349 1466 1403 1498 est
1426 1462 1495 1497 nisi
1524 1474 1617 1497 unus
1642 1463 1743 1498 testis

111 1517 290 1562 deponens
305 1528 387 1552 eum
404 1516 584 1552 audiuisse
602 1518 761 1561 proferre
777 1519 887 1553 verba
911 1518 1087 1563 apostasie
1103 1530 1125 1553 a
1142 1520 1211 1553 fide
1225 1532 1234 1561 ς
1261 1519 1371 1553 ceteri
1395 1521 1535 1553 tantum
1559 1518 1743 1562 deponunt

111 1573 155 1608 de
170 1573 296 1608 audire
312 1573 396 1608 dici.
416 1573 504 1607 Tale
530 1573 777 1608 testimonium
802 1585 873 1608 non
899 1580 951 1609 est
980 1578 1132 1616 certum,
1153 1574 1239 1618 quia
1262 1575 1306 1609 ab
1331 1585 1403 1608 uno
1426 1574 1501 1608 solo
1524 1577 1639 1618 potest
1661 1575 1744 1609 talis

111 1627 261 1662 infamia
275 1627 460 1671 diuulgari
475 1640 484 1670 ς
506 1631 625 1662 tamen
643 1627 707 1662 illa
728 1629 789 1663 dat
807 1629 1031 1664 occasionem
1049 1629 1262 1673 ampliorem
1280 1628 1571 1663 informationem
1588 1628 1743 1664 faciendi

111 1685 175 1717 aut·
188 1681 342 1725 amplius
359 1681 462 1715 illum
479 1682 623 1726 Mignot
640 1683 808 1718 subtilius
828 1687 864 1718 et
879 1684 999 1718 acrius
1016 1684 1279 1728 interrogandi.

156 1737 207 1772 De
233 1737 373 1771 duobus
399 1740 519 1772 autem
549 1737 823 1781 precedentibus
852 1739 995 1774 videtur
1024 1739 1150 1778 michi,
1178 1739 1279 1773 saluo
1306 1738 1441 1774 saniori
1469 1739 1630 1781 consilio,
1649 1740 1745 1783 quod

112 1791 254 1836 expedit
271 1792 366 1835 quod
381 1791 458 1826 sitis
482 1803 628 1827 securus
644 1793 688 1827 de
705 1793 865 1836 personis
891 1794 963 1828 illis
988 1797 1023 1829 et
1049 1797 1170 1837 postea
1187 1793 1399 1838 significetis
1415 1794 1569 1829 dominis
1586 1794 1741 1838 vicarijs.

229 1846 304 1881 Hee
320 1846 479 1882 succinte
496 1850 530 1882 et
554 1847 791 1891 incomposite
809 1849 980 1883 breuibus
996 1849 1159 1892 apicibus
1183 1849 1243 1883 hic
1268 1848 1413 1892 depinxi
1431 1852 1575 1893 propter
1592 1850 1743 1884 celerem

113 1903 234 1945 nuncij
262 1913 453 1942 recessum,
472 1905 513 1937 ut
530 1902 758 1944 minabatur,
780 1914 862 1937 nam
890 1904 920 1937 si
947 1903 1135 1945 arrisisset,
1164 1903 1273 1939 latius
1300 1905 1489 1939 materiam
1513 1905 1738 1948 dylatassem.

113 1956 235 1992 Viuite
250 1956 348 1998 felix,
370 1968 508 1992 memor
524 1955 594 1992 mei
612 1957 650 1992 in
667 1957 891 1993 orationibus
908 1958 1045 1994 vestris.

463 2036 656 2076 Carlerius,
675 2035 752 2070 dccl
769 2035 814 2076 ΙΙ,
833 2036 1095 2080 vcrhandeling
1112 2039 1143 2070 2.

870 2175 989 2219 355.

186 2308 300 2352 Vddr
330 2305 585 2351 November
619 2308 758 2360 1472,
778 2305 1236 2363 Kamerg‘jkssordeel
1267 2320 1352 2348 van
1386 2306 1467 2349 den
1499 2305 1743 2363 Kamerijk-

119 2376 248 2419 schen
274 2375 412 2419 deken
435 2375 614 2426 Carlier,
645 2389 696 2431 op
720 2375 904 2418 verzoek
927 2389 1010 2418 van
1030 2375 1111 2418 den
1136 2374 1390 2429 inquisiteur
1414 2374 1739 2430 uitgesproken,

118 2459 222 2488 over
244 2445 432 2500 hetgeen
465 2457 511 2486 er
533 2447 576 2487 te
602 2444 711 2486 doen
736 2447 851 2486 staat
873 2447 960 2487 met
983 2457 1118 2486 eenen
1142 2443 1360 2498 prediker,
1387 2443 1453 2484 die
1477 2444 1519 2485 in
1547 2444 1633 2500 zijn
1658 2457 1748 2485 ser-

119 2527 243 2556 moen
281 2517 394 2557 twee
427 2513 662 2556 verdachte
700 2513 933 2569 stellingen
971 2512 1238 2567 verkondigd
1280 2512 1465 2554 11ad.—
1500 2512 1649 2555 Indien
1688 2512 1745 2568 hij

118 2582 320 2626 looehent
341 2582 392 2625 de
425 2586 566 2625 eerste
590 2582 766 2637 stelling
798 2581 1025 2638 gepredikt
1060 2586 1102 2623 te
1136 2580 1304 2623 hebben
1328 2595 1382 2624 en
1419 2580 1491 2624 het
1522 2581 1747 2637 tegendeel

119 2651 184 2694 uit
205 2652 281 2694 het
302 2651 460 2708 geding
482 2650 621 2707 blijkt,
651 2651 732 2693 dan
758 2658 928 2694 moeten
952 2651 1002 2692 de
1026 2649 1392 2705 geloofsrechters
1421 2653 1565 2692 weten
1591 2650 1671 2692 hoe
1693 2651 1745 2707 zij

118 2721 299 2776 volgens
321 2720 395 2763 het
417 2720 540 2763 recht
563 2725 605 2763 te
639 2719 853 2762 handelen
886 2719 1069 2762 hebben.
1097 2720 1145 2760 In
1183 2719 1296 2760 allen
1332 2719 1502 2773 gevalle
1535 2724 1650 2761 meet
1686 2719 1743 2775 bij

544 2840 768 2849 .——-
775 2839 1733 2845 ———————-——-——--

164 2907 209 2948 (1)
235 2905 295 2940 Dit
311 2905 453 2940 oordecl
470 2906 585 2941 werdt
604 2910 676 2942 met
691 2905 824 2941 citaten
842 2906 895 2941 uit
911 2905 979 2940 den
997 2905 1124 2946 Bijbcl,
1143 2917 1232 2947 enz.,
1251 2906 1485 2951 breedvoerig
1501 2906 1675 2951 gcstaasd.

1576 2987 1616 3017 25
