2097 3466
323 271 384 303 133
1015 267 1147 301 ANNO
1174 269 1272 301 1273

321 363 414 406 quod
433 363 546 396 eidem
563 361 818 396 examinationi
833 362 924 395 duae
939 371 1109 404 peisonae
1126 359 1328 403 religiosae,
1348 361 1387 393 ut
1403 359 1539 394 dictum
1563 362 1626 399 cst,
1646 358 1825 401 intersint,
1844 363 1879 396 et
1902 362 1948 397 ad

322 417 597 450 denuntationes
621 416 890 452 sententiarum.
911 427 998 458 quas
1028 414 1063 448 in
1089 414 1277 457 quoslibet,
1297 417 1337 447 ut
1364 413 1475 454 vobis,
1503 413 1539 447 in
1564 413 1719 447 serendis
1742 414 1948 457 hujusmodi

322 468 506 502 sentmitiis
524 468 713 511 praebeant
732 467 920 501 eonsilium
938 470 1179 509 opportunum
1210 478 1251 499 ac
1268 465 1368 500 vobis
1396 465 1561 500 assistant
1577 480 1585 509 ς
1604 469 1822 503 convocandi
1840 469 1948 504 ctiam

322 523 458 556 clerum
497 530 529 557 et
569 523 739 566 populum
772 522 971 558 civitatum.
1002 524 1200 555 castrorum
1236 521 1462 564 aliorumque
1500 521 1673 563 locorum,
1710 527 1817 566 prout
1852 524 1948 560 dicto

324 577 466 619 negotio
494 577 575 611 fidei
604 577 766 611 videritis
793 576 981 620 expedirffi
1016 576 1162 619 insuper
1189 575 1226 609 in
1254 575 1350 609 dicto
1378 575 1522 619 negotio
1546 576 1589 610 de
1614 577 1719 620 plano
1751 581 1786 612 et
1816 579 1949 622 absque

315 631 536 672 judiciorum
565 636 597 665 et
626 633 880 666 adver-auarum
910 631 1061 674 strepitu
1087 643 1129 664 ac
1154 634 1279 665 eontra
1305 630 1396 671 illos,
1430 642 1518 674 quos
1550 631 1588 665 in
1622 632 1805 675 praedicto
1836 644 1949 678 regno

322 685 357 718 in
377 685 561 719 haereseos
577 686 728 720 crimine
745 686 962 720 commisisse
980 685 1191 725 eonstiterit,
1212 684 1297 719 lieet
1314 685 1358 719 ad
1374 685 1464 719 alias
1491 688 1609 728 partes
1625 697 1662 719 se
1684 686 1949 721 transferendos

321 739 501 776 (luxerint.
517 741 743 783 procedendi,
765 753 900 775 necnon
920 741 1072 775 faciendi
1091 740 1190 774 vobis
1207 740 1318 774 libros
1345 751 1406 774 seu
1436 743 1627 784 quaternos
1650 745 1685 776 et
1713 741 1785 775 alia
1800 742 1946 786 scripta,

320 793 355 826 in
389 794 518 836 quibus
548 795 791 838 inquisitionis
819 797 933 830 factae
965 799 997 829 et
1030 807 1216 838 processus
1248 806 1312 838 per
1343 806 1574 839 quoscunque
1606 795 1820 831 auctoritate
1855 797 1948 832 sedis

320 848 536 890 apostolicae
554 850 609 883 vel
630 850 829 893 legatorum
855 853 933 892 ejus
957 850 1070 884 habiti
1104 854 1231 884 contra
1258 850 1457 884 haereticos
1481 850 1722 892 continentur,
1748 862 1770 885 a
1801 851 1945 894 quibus-

320 903 405 937 libet
422 903 598 947 assignari
616 908 649 939 et
668 906 850 939 observari
883 905 1002 939 onmia
1035 908 1169 939 statuta
1194 904 1340 947 provide
1362 904 1457 939 edita
1481 909 1553 939 tam
1580 917 1643 948 per
1665 906 1783 940 sedem
1808 910 1945 950 aposto-

319 958 424 992 licam
443 970 549 1001 quam
568 959 603 992 in
622 959 1001 1003 conciliislegatorum
1019 960 1177 1003 ejusdem
1207 959 1299 993 sedis
1327 970 1368 992 ac
1398 960 1506 994 etiam
1525 960 1560 994 in
1587 961 1702 994 forma
1730 961 1830 1004 pacis
1860 961 1946 996 olim

320 1013 431 1047 initae
456 1013 549 1047 inter
573 1013 772 1048 Romanam
797 1014 984 1049 ecelesiam
1008 1019 1043 1048 et
1059 1015 1178 1047 clarae
1202 1013 1397 1048 memoriae
1420 1026 1541 1058 regem
1574 1014 1748 1050 Franciae
1777 1025 1822 1049 ex
1845 1018 1947 1059 parte

320 1080 403 1107 una,
432 1074 465 1102 et
495 1068 763 1112 qu-mundum
776 1069 974 1112 juniorem]
1000 1068 1168 1103 comitem
1193 1069 1411 1103 Tolosanum
1435 1081 1478 1104 ex
1501 1070 1626 1110 altera,
1645 1080 1737 1113 quae
1760 1069 1946 1114 negotium

321 1122 401 1155 fidei
430 1126 579 1166 tangere
618 1123 891 1167 dignoscuntur,
934 1123 1027 1159 sicut
1066 1123 1282 1166 promotioni
1308 1123 1442 1168 negotii
1467 1136 1509 1158 ac
1539 1123 1826 1168 augmentationi
1863 1124 1948 1159 fidei

321 1178 427 1212 suerit
467 1182 728 1222 opportunum;
755 1179 921 1223 privandi
947 1182 1134 1222 praeterea
1157 1179 1200 1213 de
1227 1178 1519 1213 dioecesanorum
1543 1180 1611 1221 vel,
1644 1178 1696 1213 eis
1725 1178 1944 1221 absentibus,

319 1232 537 1267 vicariorum
578 1245 725 1268 suorum
763 1234 924 1275 consilio,
966 1232 1166 1267 haereticos
1204 1233 1358 1274 eosdem,
1396 1235 1592 1275 credente&
1632 1238 1874 1279 receptatores
1911 1237 1948 1270 et

318 1288 520 1321 defensores
550 1299 745 1331 eorumque
773 1288 866 1322 filios
894 1291 929 1323 et
956 1291 1102 1331 nepotes
1137 1287 1396 1330 personatibus,
1429 1288 1668 1332 dignitatibus
1697 1292 1733 1324 et
1763 1289 1947 1324 beneficiis

317 1341 567 1376 ecclesiasticis
604 1346 640 1377 et
677 1342 804 1376 officiis
850 1341 1004 1386 publicis
1051 1353 1093 1376 ac
1142 1342 1339 1376 honoribus
1389 1342 1771 1387 quibusdamcunque3
1807 1355 1947 1378 necnon

318 1395 496 1439 largiendi
525 1396 655 1440 viginti
687 1397 743 1431 vel
772 1396 1014 1441 quadraginta
1041 1397 1180 1430 dierum
1216 1397 1493 1440 indulgentiam,
1527 1397 1666 1440 quoties
1704 1399 1946 1442 opportunum

318 1450 490 1492 videritis,
524 1452 690 1486 omnibus
728 1463 811 1486 vere
842 1452 1107 1496 poenitentibus
1139 1455 1174 1487 et
1205 1452 1385 1493 confessis,
1419 1452 1480 1495 qui
1511 1453 1557 1486 ad
1587 1455 1743 1487 vestram
1773 1463 1944 1487 convoca-

316 1505 449 1540 tionem
467 1510 612 1550 propter
639 1506 708 1540 hoc
734 1507 936 1540 faciendam
961 1507 1187 1547 accesserint,
1215 1507 1320 1550 plena
1344 1506 1390 1542 sit
1415 1506 1517 1541 vobis
1547 1510 1582 1542 et
1608 1507 1762 1552 singulis
1787 1510 1946 1543 vestrum

318 1560 559 1602 praesentium
587 1564 711 1596 tenore
739 1562 902 1596 facultas.
922 1561 1032 1597 Vobis
1059 1566 1179 1597 autem
1208 1573 1272 1606 pro
1295 1561 1501 1605 hujusmodi
1529 1563 1674 1607 negotio
1698 1562 1946 1598 laborantibus

317 1614 417 1648 illam
445 1618 674 1658 peccatorum
699 1617 842 1651 veniam
869 1617 1110 1661 indulgemus,
1137 1628 1228 1660 quae
1254 1616 1548 1652 succurrentibus
1577 1618 1711 1652 Terrae
1739 1617 1892 1652 Sanctae
1906 1617 1947 1652 in

317 1669 478 1712 generali
511 1670 665 1705 concilio
691 1674 744 1705 est
772 1682 956 1713 concessa3
986 1671 1092 1705 sociis
1119 1682 1204 1705 vcro
1231 1670 1404 1705 fratribus
1428 1671 1537 1705 vestri
1569 1671 1707 1706 ordinis
1737 1674 1773 1707 et
1796 1671 1946 1707 notariis

315 1723 453 1765 vestris,
473 1724 534 1767 qui
548 1736 620 1759 una
636 1725 820 1760 vobiscum
836 1725 875 1760 in
892 1726 1140 1769 prosecutione
1156 1725 1363 1771 hujusmodi
1381 1725 1516 1770 negotii
1533 1726 1762 1768 laborabunt,
1780 1729 1816 1762 et
1831 1726 1944 1762 omni-

315 1778 393 1819 bus,
412 1778 474 1821 qui
492 1780 727 1822 personaliter
741 1780 843 1815 vobis
869 1780 1049 1816 astiterint
1065 1781 1104 1815 in
1127 1781 1252 1815 eodem
1279 1780 1424 1825 negotio
1441 1783 1477 1815 et
1504 1780 1566 1824 qui
1589 1782 1635 1816 ad
1657 1781 1945 1827 impugnandum

315 1834 526 1876 haereticos,
552 1835 720 1877 fautores,
739 1839 980 1880 receptatores
1003 1840 1039 1871 et
1065 1837 1268 1871 defensores
1295 1847 1431 1877 eorum,
1459 1836 1558 1871 vobis
1582 1848 1627 1872 ex
1649 1836 1770 1872 animo
1797 1837 1943 1881 praesti-

314 1890 424 1925 terint
440 1891 643 1932 consilium,
661 1891 839 1926 auxilium
863 1893 920 1927 vel
949 1893 1120 1933 favorem,
1139 1892 1183 1926 de
1208 1891 1461 1935 omnipotentis
1482 1892 1547 1927 Dei
1563 1891 1811 1927 misericordia
1832 1895 1869 1928 et
1883 1893 1942 1928 bb.

316 1946 416 1981 Petri
432 1950 468 1981 et
484 1947 590 1981 Pauli
615 1948 858 1991 apostolorum
885 1949 963 1992 ejus
990 1947 1206 1983 auctoritate
1230 1947 1355 1981 confisi
1379 1950 1450 1982 tres
1478 1957 1590 1982 annos
1616 1948 1660 1982 de
1687 1947 1860 1993 injunctis
1875 1947 1944 1983 sibi

316 2002 544 2046 poenitentiis
560 2003 776 2037 relaxamus.
796 2003 853 2043 Et,
872 2003 901 2037 si
919 2002 979 2046 qui
1006 2015 1049 2037 ex
1066 2002 1110 2036 iis
1126 2002 1165 2036 in
1181 2001 1431 2046 prosecutione
1454 2002 1661 2047 hujusmodi
1688 2002 1825 2047 negotii
1852 2003 1945 2038 forte

315 2057 542 2098 decesserint,
572 2057 623 2091 eis
651 2061 881 2101 peccatorum
908 2058 1082 2098 omnium,
1109 2058 1152 2092 de
1175 2057 1306 2101 quibus
1330 2057 1437 2092 corde
1469 2056 1615 2091 contriti
1641 2059 1677 2092 et
1703 2068 1766 2092 ore
1791 2057 1943 2092 confessi

315 2111 461 2151 fuerint,
475 2112 616 2155 plenam
630 2112 771 2146 veniam
789 2112 1030 2156 indulgemus.
1047 2111 1302 2155 Compescendi
1315 2114 1512 2154 praeterea,
1524 2111 1722 2146 monitione
1735 2111 1939 2154 praemissa,

315 2178 377 2209 per
394 2178 581 2200 censuram
600 2167 891 2208 ecclesiasticam,
910 2167 1152 2211 appellatione
1175 2166 1381 2210 postposita,
1402 2165 1666 2209 praedicatores
1682 2165 1939 2209 quaestuarios,

314 2220 374 2254 ubi
390 2220 583 2265 contigerit
599 2232 664 2264 pro
681 2221 929 2264 Inquisitionis
946 2233 1006 2255 seu
1023 2221 1105 2254 fidei
1120 2220 1306 2264 negotium
1323 2220 1641 2265 congregationem
1665 2220 1756 2261 fieri,
1775 2221 1833 2255 vel
1852 2220 1943 2255 alias

313 2274 429 2308 eidem
462 2274 606 2319 negotio
638 2275 906 2318 quomodolibet
936 2287 979 2309 ex
1007 2275 1076 2309 hoc
1108 2274 1404 2318 impedimentum
1435 2274 1556 2308 afferri
1594 2277 1630 2309 et
1663 2273 1942 2318 praedicationis

313 2330 445 2370 officio,
472 2331 567 2373 quod
594 2331 638 2364 ad
663 2330 757 2374 ipsos
789 2331 996 2365 nullatenus
1024 2330 1190 2374 pertinet,
1225 2341 1378 2373 qnorum
1410 2329 1558 2364 interest
1582 2332 1724 2365 tantum
1751 2329 1941 2366 caritativa

313 2383 473 2417 subsidia
503 2384 717 2427 simpliciter
747 2389 867 2428 petere
894 2389 929 2420 et
958 2385 1234 2429 indulgentiam,
1269 2385 1299 2418 si
1330 2396 1438 2428 quam
1469 2385 1560 2419 sorte
1587 2385 1732 2426 habent,
1749 2396 1939 2429 exponere,

311 2439 461 2472 liberam
491 2438 592 2472 vobis
619 2442 654 2473 et
677 2439 831 2483 singulis
858 2443 1019 2474 vestrum
1044 2439 1273 2474 concedimus
1300 2439 1513 2474 auctoritate
1548 2439 1791 2483 praesentium
1828 2441 1939 2475 facul-

311 2497 432 2527 tatem.
453 2493 619 2527 Ceterum
636 2493 665 2527 si
682 2494 786 2535 forte,
805 2495 900 2537 quod
925 2505 995 2529 non
1014 2494 1205 2535 credimus,
1223 2493 1337 2537 aliqui
1361 2496 1607 2538 cujuscunque
1623 2494 1838 2530 conditionis
1853 2495 1941 2530 huic

313 2547 457 2591 negotio
488 2547 589 2582 vobis
619 2549 808 2583 commisso
850 2561 887 2583 se
930 2560 1110 2592 opponere
1152 2560 1213 2583 seu
1249 2549 1340 2583 illud
1372 2549 1677 2593 praesumpserint
1713 2548 1940 2592 aliquatenus

314 2602 499 2645 impedire,
519 2605 559 2636 ut
587 2614 657 2637 non
688 2604 799 2646 possit
823 2604 968 2647 procedi
997 2603 1110 2638 libere
1138 2603 1177 2637 in
1207 2604 1344 2644 eodem,
1373 2606 1499 2638 contra
1525 2615 1584 2638 eos
1614 2606 1786 2648 tanquam
1813 2607 1940 2640 contra

316 2656 579 2691 haereticorum
612 2658 768 2693 fautores
803 2662 838 2694 et
867 2659 1082 2699 defensores,
1115 2661 1242 2693 contra
1272 2659 1353 2692 illos
1391 2670 1488 2699 vero,
1521 2658 1584 2701 qui
1621 2658 1716 2693 idem
1754 2659 1939 2704 negotium

309 2710 472 2754 requisiti
484 2713 591 2754 juxta
608 2713 767 2747 officium
791 2716 827 2748 et
857 2725 958 2757 posse
990 2725 1095 2747 suum
1121 2724 1192 2747 non
1211 2713 1375 2756 juverint
1405 2725 1465 2748 seu
1490 2713 1646 2748 foverint
1668 2713 1836 2755 studiose,
1855 2713 1938 2749 freti

310 2766 432 2799 eadem
447 2767 661 2802 auctoritate
678 2767 859 2811 intrepide
876 2768 1076 2812 procedatis
1099 2768 1295 2802 secundum
1313 2768 1503 2802 canonicas
1527 2767 1738 2803 sanctiones.
1762 2767 1936 2810 Denique,

313 2825 350 2853 ut
375 2820 471 2854 eirca
496 2822 691 2864 praemissa
719 2824 823 2866 plene
851 2824 950 2858 vobis
981 2827 1015 2857 et
1042 2823 1195 2867 singulis
1226 2827 1382 2857 vestrum
1421 2822 1671 2857 coliaerentius
1705 2823 1870 2866 expedita
1903 2824 1939 2857 ot

312 2874 531 2909 inviolabilis
547 2877 640 2911 adsit
655 2878 863 2919 auctoritas,
883 2879 1048 2913 volumus
1064 2880 1105 2912 ut
1121 2889 1163 2911 ea
1187 2878 1308 2912 omnia
1331 2877 1487 2912 viriliter
1499 2877 1739 2921 exequamini‚
1756 2877 1935 2917 invocato,

314 2930 341 2963 si
361 2941 448 2975 opus
465 2931 586 2972 fuerit,
605 2931 746 2967 auxilio
762 2933 901 2970 brachii
925 2932 1114 2975 secularis3
1133 2932 1413 2968 contradictores
1429 2944 1493 2979 per
1514 2943 1702 2968 censuram
1724 2930 1936 2968 ecclesiasti-

2084 3459 2092 3466 »
2086 3432 2093 3442 η
2087 3402 2093 3414 -
2086 3274 2097 3382 κη’-.
2088 3230 2097 3250 ι.
