2097 3466
351 261 410 292 «ΗΞ
1015 254 1144 289 ΑΝΝΟ
1172 255 1269 287 1472

351 362 458 389 sores,
486 360 550 393 per
565 347 750 383 ecclesiam
765 349 935 385 sanctam,
963 345 1079 389 quiin
1103 344 1171 379 fide
1193 354 1314 379 errare
1337 354 1407 378 non
1431 345 1555 387 potest,
1580 341 1721 378 dicente
1744 340 1895 376 Domino
1911 339 1958 376 ad

353 405 498 438 Petrum
519 415 525 436 :
546 418 560 429 u
581 402 656 445 Ego
673 400 798 444 rogaui
827 411 890 444 pro
918 404 951 434 te.
980 403 1019 434 ut
1038 410 1108 433 non
1131 398 1274 432 deficiat
1290 398 1375 432 tides
1394 400 1455 432 tua
1470 413 1485 426 n
1502 409 1510 439 3
1528 401 1564 432 et.
1580 397 1682 431 beato
1699 396 1902 431 Iheronimo
1919 395 1957 430 in

350 457 498 500 epistola
512 460 635 489 contra
651 455 877 499 vigilantium
892 454 1100 493 hereticum,
1119 464 1222 496 quem
1236 452 1352 496 potius
1366 452 1525 487 nominat
1537 451 1820 492 dormitantium,
1837 451 1875 485 in
1888 450 1959 485 fine

351 510 600 554 disputationis
616 513 740 543 contra
757 509 857 543 illum
872 509 1011 542 dicente
1030 520 1036 541 :
1057 522 1072 535 u
1092 507 1257 542 Poteram
1274 518 1345 541 uno
1360 507 1432 541 sole
1447 506 1625 541 exsiccare
1639 505 1798 540 omnium
1811 508 1958 540 tuarum

353 565 537 600 racionum
555 564 704 603 riuulos,
723 563 781 606 qui
799 568 851 598 cst
866 562 1060 597 auctoritas
1077 561 1224 596 ecclesie
1239 577 1254 589 ν’
1271 574 1279 603 3
1297 573 1339 595 ac
1350 560 1561 596 sententiam
1575 560 1650 595 eius
1663 559 1959 595 etauctoritatem

352 618 555 653 auctoritati
580 618 708 653 summi
735 617 913 662 pontificis
937 619 1165 660 proponente,
1191 627 1271 649 cum
1295 615 1343 650 ait
1363 628 1370 649 :
1391 630 1406 643 u
1424 615 1542 650 Maior
1568 617 1617 649 est
1644 614 1838 649 auctoritas
1861 611 1958 648 orbis

353 675 440 708 urbe
455 687 463 710 2
480 684 685 716 supremum
714 684 864 716 namque
887 675 921 706 et
946 671 1111 706 ultimum
1137 670 1309 704 iudicium
1325 670 1371 704 ad
1387 670 1573 705 ecclesiam
1590 668 1797 703 sinodaliter
1812 678 1960 712 congre-

353 733 474 771 gatam
492 727 657 771 pertinet,
678 727 827 761 Domino
841 729 926 760 teste
943 726 1109 769 loquente
1128 726 1235 760 Petro
1252 737 1258 759 :
1275 740 1290 752 u
1307 725 1344 759 Si
1357 723 1544 759 ecclesiam
1558 734 1628 758 non
1645 721 1811 764 audierit,
1828 721 1875 757 sit
1890 720 1959 756 tibi

352 784 441 818 sicut
459 783 622 817 ethnicus
639 786 673 817 et
689 782 910 826 publicanus.
933 797 948 810 vv
967 781 1121 822 Quidam
1139 784 1319 825 exponunt
1339 792 1346 814 :
1367 779 1431 814 Dic
1447 778 1606 819 ecclesie,
1633 777 1669 812 id
1691 780 1744 813 est
1759 777 1907 822 prelato,
1925 778 1962 811 et

353 840 441 873 bene
457 851 465 879 3
484 838 542 872 sed
559 838 586 871 si
606 838 761 881 prelatus
777 837 992 880 peccauerit,
1012 847 1081 871 non
1107 835 1234 880 effugit
1258 834 1518 879 correptionem
1534 834 1740 874 fraternam,
1758 830 1903 867 eciamsi
1917 829 1964 866 sit

352 905 511 927 summus
536 892 705 936 pontifex.
735 895 916 935 peccatum
951 890 1052 925 cuius
1083 890 1141 924 cui
1173 890 1310 934 prelato
1337 890 1528 929 deferetur,
1547 899 1628 922 cum
1646 886 1866 931 superiorem
1891 896 1965 921 non

352 948 483 982 habeat.
499 947 675 991 prelatum
694 945 729 980 in
747 945 875 980 terris2
894 944 1026 988 Utique
1051 945 1140 979 nulli
1157 955 1239 988 ymo
1257 955 1322 979 nec
1345 943 1494 978 ecclesie
1517 942 1672 986 disperse
1687 952 1751 985 per
1766 941 1900 981 orbem,
1919 939 1965 974 ad

353 1013 459 1044 quam
479 1004 515 1034 ut
532 1001 582 1034 sic
599 1012 668 1034 non
686 1004 779 1044 patet
796 1012 957 1034 accessus
974 1011 1039 1034 nec
1055 1003 1094 1035 ut
1110 999 1160 1033 sic
1176 998 1347 1042 loquitur,
1366 998 1426 1033 sed
1450 1001 1589 1032 tantum
1613 996 1651 1031 in
1675 996 1799 1031 sinodo
1822 1005 1964 1040 ycume-

353 1055 446 1096 nico,
466 1055 500 1089 id
516 1058 568 1089 est
581 1054 752 1098 generali,
768 1054 1088 1098 congregate.Cum
1102 1065 1189 1097 ergo
1202 1052 1351 1088 consilia
1363 1052 1546 1097 generalia
1559 1062 1731 1086 canonem
1743 1060 1843 1085 sacre
1854 1048 1965 1093 scrip-

353 1115 433 1145 ture
460 1112 702 1152 susceperunt,
728 1108 856 1152 quibus
879 1108 972 1142 sicut
997 1112 1152 1150 quatuor
1181 1107 1378 1151 euangelijs
1406 1106 1642 1140 inherendum
1666 1107 1729 1146 est,
1754 1106 1842 1140 teste
1867 1104 1967 1138 beato

356 1163 541 1208 Gregorio,
560 1162 787 1198 distinctione
813 1165 878 1201 17..
904 1163 1001 1196 Sicut
1028 1164 1158 1202 sancti,
1183 1165 1219 1196 et
1242 1161 1403 1205 loquitur
1418 1161 1461 1196 de
1477 1163 1632 1204 quatuor
1654 1159 1814 1202 concilijs
1829 1157 1966 1203 primis,

355 1220 490 1254 scilicet
517 1219 664 1259 Niceno,
693 1217 1094 1262 Constantinopolitano,
1121 1217 1299 1261 Ephesino
1323 1216 1438 1260 primo
1461 1218 1497 1251 et
1521 1216 1791 1256 Calcedonenae,
1818 1216 1854 1249 et
1873 1213 1969 1248 idem

355 1275 544 1309 dicendum
558 1274 602 1308 de
619 1273 745 1307 ceteris
761 1273 988 1317 generalibus
1005 1271 1165 1313 concilijs
1179 1271 1338 1315 legitime
1351 1270 1578 1315 congregatis
1591 1273 1625 1305 et
1637 1268 1835 1314 legitimam
1851 1278 1968 1312 prose·

356 1328 535 1364 cntionem
565 1327 799 1362 habentibus:
818 1328 896 1370 quis
924 1339 1010 1372 ergo
1034 1331 1107 1362 tam
1124 1327 1284 1365 stolidus
1304 1330 1376 1361 tam
1401 1326 1574 1370 impurus,
1592 1328 1664 1360 tam
1689 1335 1832 1359 amarus
1847 1321 1968 1358 formi-

355 1383 455 1418 dauit
472 1393 627 1417 asserere
644 1382 739 1424 quod
756 1384 929 1422 asserunt,
943 1385 978 1416 et
1000 1381 1028 1415 si
1045 1381 1092 1415 sit
1107 1380 1310 1424 requisitus,
1326 1380 1447 1414 iurare
1464 1380 1499 1414 id
1516 1380 1610 1423 quod
1625 1377 1827 1413 firmissime
1843 1377 1971 1412 docent

356 1440 389 1472 et
406 1436 551 1480 sanguis
568 1435 758 1470 martirum
775 1435 1024 1470 consecrauit?
1042 1434 1101 1468 Sic
1128 1434 1223 1469 enim
1253 1437 1331 1478 post
1361 1433 1629 1477 requisitionem
1653 1431 1740 1466 dicit
1763 1430 1942 1475 apostolus
1960 1442 1968 1465 :

358 1506 372 1518 u
391 1491 504 1526 Corde
517 1489 677 1524 creditur
693 1490 737 1523 ad
754 1489 945 1529 iusticiam,
964 1500 1025 1523 ore
1053 1492 1171 1523 autem
1197 1487 1369 1523 confessio
1394 1488 1433 1522 fit
1455 1488 1499 1522 ad
1516 1488 1666 1522 salutem
1685 1502 1713 1520 „,
1733 1486 1778 1520 Et
1792 1484 1972 1529 apostolus

359 1546 508 1580 Petrus:
529 1559 544 1571 u
565 1543 687 1578 Parati
711 1555 833 1577 sumus
861 1543 1008 1578 reddere
1035 1542 1217 1578 racionem
1244 1542 1341 1577 omni
1370 1541 1527 1585 poscenti
1543 1541 1586 1576 de
1601 1551 1644 1576 ea
1659 1539 1783 1584 quein
1799 1537 1901 1574 nobis
1916 1540 1969 1574 est

360 1600 428 1633 fide
446 1604 479 1633 et
495 1609 568 1642 spe.
589 1614 604 1625 n

404 1654 441 1688 Si
461 1656 578 1689 teneat
593 1652 725 1692 animo,
744 1651 837 1694 quod
855 1650 892 1685 in
909 1651 1007 1685 nullo
1023 1662 1107 1685 casu
1125 1651 1208 1686 licet
1221 1650 1352 1691 iurare,
1367 1652 1487 1692 errat3
1506 1660 1588 1684 nam
1603 1647 1775 1683 Dominus
1787 1646 1973 1682 inuenitur

360 1708 397 1742 in
413 1707 538 1742 diuina
564 1707 743 1750 scriptura
766 1705 899 1750 pluries
927 1705 1072 1747 iurasse,
1091 1709 1127 1740 et
1155 1706 1334 1749 apostolus
1351 1704 1476 1745 eciam,
1495 1703 1555 1747 qui
1572 1702 1685 1738 dicit:
1706 1717 1722 1730 α
1742 1701 1866 1737 Omnis
1889 1712 1971 1736 con-

361 1762 535 1797 trouersie
553 1761 633 1796 finis
650 1765 702 1796 est
719 1761 959 1796 iuramentum
978 1777 1007 1794 n.
1027 1761 1187 1796 Canones
1199 1764 1234 1795 et
1250 1760 1344 1804 leges
1369 1759 1571 1793 iuramento
1587 1757 1685 1793 licite
1700 1759 1864 1798 utuntur,
1890 1767 1973 1791 cum

361 1817 455 1851 deest
475 1816 510 1850 in
528 1815 662 1850 iudicio
680 1819 803 1850 contra
826 1826 926 1849 reum
952 1815 1114 1858 probatio
1130 1828 1138 1857 3
1157 1826 1222 1849 nec
1246 1814 1419 1849 Dominus
1442 1812 1607 1856 prohibet
1626 1812 1868 1847 iuramentum
1884 1813 1972 1846 tota-

362 1871 454 1912 liter,
474 1871 557 1905 licet
573 1871 694 1905 littera
710 1869 761 1905 ita
776 1880 899 1913 sapere
914 1869 1089 1910 videatur,
1119 1869 1180 1904 sed
1205 1868 1362 1912 spiritus,
1381 1867 1442 1911 qui
1458 1866 1631 1908 viuificat,
1649 1865 1815 1910 prohibet
1828 1876 1973 1901 consue-

363 1925 524 1961 tudinem
542 1924 686 1959 iurandi
703 1931 738 1958 et
755 1923 963 1958 facilitatem
983 1935 1024 1958 ac
1040 1923 1239 1957 libidinem.

406 1981 443 2015 Si
475 1980 589 2025 igitur
615 1980 681 2014 hec
713 1990 769 2013 res
798 1989 891 2013 noua
918 1981 971 2012 est
998 1981 1032 2012 et
1059 1980 1205 2019 secreta,
1234 1977 1380 2021 possetis
1407 1979 1594 2020 expectare
1617 1975 1809 2020 paulisper,
1826 1974 1888 2010 sed
1903 1984 1977 2010 non

363 2036 516 2070 multum
533 2048 541 2077 3
562 2046 656 2075 nam,
677 2034 743 2068 nisi
759 2033 864 2068 citius
880 2037 988 2076 caput
1000 2032 1082 2067 talis
1097 2032 1229 2067 erroris
1246 2033 1447 2076 frangatur,
1465 2035 1560 2066 totus
1576 2031 1748 2078 illabitur,
1767 2042 1832 2066 nec
1847 2041 1977 2066 cancer

365 2096 437 2125 tam
456 2090 684 2124 vehementer
699 2099 828 2132 eorpus
849 2088 1047 2131 corrumpit
1065 2090 1104 2122 ut
1119 2088 1260 2122 hereses
1277 2087 1474 2122 ecclesiam.
1494 2087 1604 2121 Error
1620 2087 1716 2128 Arrij
1731 2097 1794 2120 nos
1809 2084 1976 2120 instruit:

366 2144 435 2179 fuit
458 2145 502 2178 ab
526 2143 635 2178 inicio
662 2153 776 2186 parua
799 2142 966 2182 scintilla,
986 2142 1046 2176 sed
1061 2140 1147 2184 quia
1163 2152 1233 2175 non
1251 2140 1408 2175 extincta
1425 2139 1542 2181 citius,
1560 2139 1746 2174 ecclesiam
1762 2150 1827 2183 pro
1847 2149 1980 2183 magna

367 2202 466 2243 parte
483 2198 668 2233 cremauit.
689 2196 784 2238 Quid
803 2196 915 2240 igitur
937 2196 1070 2231 timetis
1097 2196 1235 2231 modice
1259 2195 1341 2230 fidei
1365 2196 1514 2240 prodere
1545 2194 1714 2236 amicum,
1731 2194 1800 2230 nisi
1823 2205 1907 2230 mox
1935 2194 1980 2229 ab

367 2254 437 2288 alio
462 2252 657 2297 prodatur?
674 2253 766 2286 Nam
791 2251 855 2286 etsi
879 2250 1032 2285 iniurias
1057 2251 1220 2294 proprias
1248 2251 1340 2285 ferre
1363 2251 1542 2285 laudabile
1557 2250 1615 2292 sit,
1639 2252 1728 2286 teste
1751 2249 1977 2290 Crisostomo‚

367 2311 486 2343 tamen
503 2307 653 2341 iniurias
678 2306 742 2341 Dei
767 2306 993 2340 dissimulare
1017 2306 1120 2340 valde
1144 2305 1307 2349 impium.
1335 2306 1386 2339 De
1409 2308 1510 2349 patre
1531 2305 1652 2340 vetulo
1678 2307 1714 2340 et
1738 2307 1852 2340 matre
1877 2303 1982 2340 senili

368 2362 568 2397 volentibus
600 2361 714 2395 filium
744 2361 934 2404 prohibere
965 2361 1101 2395 intrare
1132 2361 1346 2405 religionem
1374 2361 1499 2395 beatus
1525 2360 1576 2395 ait
1597 2360 1826 2395 Jherom'mus
1849 2360 1888 2395 in
1909 2370 1982 2395 una

368 2417 542 2460 epistola:
563 2431 578 2443 u
598 2416 635 2450 Si
654 2419 754 2459 pater
769 2416 861 2450 iacet
876 2416 914 2450 in
939 2415 1062 2450 limine
1087 2416 1212 2450 domus
1237 2419 1271 2450 et
1294 2418 1409 2450 mater
1431 2415 1585 2450 ostendit
1609 2415 1684 2450 filio
1712 2415 1824 2449 ubera
1852 2414 1983 2458 quibus

368 2483 449 2506 eum
467 2471 655 2511 nutrierat,
674 2482 717 2505 ne
730 2470 866 2505 scilicet
882 2474 984 2505 exeat
996 2471 1040 2506 de
1053 2471 1158 2505 domo
1174 2471 1219 2504 ad
1236 2470 1447 2516 religionem
1462 2469 1699 2514 ingressurus,
1716 2470 1852 2505 calcato
1867 2470 1980 2513 patre,

370 2529 482 2560 matre
513 2525 681 2560 moliente
708 2525 920 2559 alimonium
952 2527 1169 2568 contempta,
1195 2524 1298 2559 siccis
1313 2518 1436 2559 'oculis
1451 2525 1497 2558 ad
1512 2523 1682 2558 vexillum
1698 2523 1815 2558 crucis
1832 2522 1937 2557 euola
1950 2522 1981 2556 ἔκ

372 2582 461 2615 Cum
478 2591 564 2624 ergo
580 2579 725 2614 maioris
742 2579 928 2624 dignitatis
952 2579 998 2614 sit
1014 2580 1099 2614 fides
1125 2590 1231 2623 quam
1249 2578 1389 2623 religio,
1407 2578 1653 2613 fortitudjnem
1669 2577 1780 2613 animi
1795 2575 1983 2612 christiani

372 2635 551 2679 trepidare
567 2646 638 2670 non
654 2635 762 2669 faciat
777 2646 878 2670 amor
893 2635 1013 2676 amici,
1032 2635 1061 2669 si
1078 2646 1142 2679 per
1156 2635 1268 2670 alium
1285 2634 1346 2669 ille
1369 2634 1542 2678 prodatur
1563 2633 1692 2674 officio,
1709 2633 1800 2668 bene
1813 2631 1957 2677 quidem
1971 2643 1981 2675 3

373 2690 401 2723 si
419 2701 501 2730 non,
517 2701 561 2724 ne
576 2689 713 2724 inficiat
728 2690 914 2724 ecclesiam
931 2689 1098 2724 amicicia
1116 2700 1277 2733 persone,
1295 2701 1366 2724 non
1385 2689 1446 2723 diu
1462 2688 1629 2723 detineat.
1652 2688 1702 2722 De
1718 2698 1865 2731 corpore
1880 2689 1982 2722 natu-

373 2744 440 2778 rali
457 2755 539 2778 mox
555 2745 754 2778 membrum
771 2744 967 2788 putridum,
986 2756 1030 2779 ne
1054 2747 1165 2779 totam
1181 2743 1258 2779 eius
1274 2743 1481 2778 machinam
1498 2743 1646 2784 inficiat,
1664 2742 1823 2778 cauterio
1845 2740 1982 2776 abscin-

374 2797 473 2832 ditur
488 2811 495 2839 3
514 2799 625 2832 multo
642 2798 756 2842 magis
780 2799 823 2833 de
850 2809 998 2842 corpore
1025 2798 1172 2833 ecclesie
1189 2798 1328 2833 cautius
1344 2798 1518 2841 citiusque
1535 2807 1639 2832 omne
1661 2807 1836 2831 venenum
1850 2795 1983 2831 erroris

376 2852 645 2896 propellendum
662 2856 725 2893 est,
743 2852 772 2886 si
792 2852 973 2887 notorium
989 2855 1041 2888 est
1055 2866 1063 2895 3
1081 2852 1110 2886 si
1126 2854 1312 2893 secretum,
1329 2855 1368 2886 ut
1379 2863 1497 2895 supra.

421 2908 577 2944 Maxime
594 2908 655 2943 ubi
681 2908 905 2945 taciturnitas
922 2909 1024 2944 offert
1049 2908 1130 2945 fidei
1155 2907 1366 2952 periculum,
1384 2907 1456 2942 scio
1480 2907 1575 2950 quod
1597 2905 1718 2941 omnia
1740 2906 1824 2941 sunt
1844 2904 1984 2950 agenda
