2097 3466
366 267 428 300 516
1038 263 1169 298 ANNO
1196 265 1296 298 1519

367 355 511 388 Lauken
529 358 657 389 metten
680 354 834 388 sweerde
850 357 883 388 te
893 354 1101 397 justit-ieron
1125 353 1214 389 ende
1237 353 1322 389 (1661
1338 364 1382 388 na
1401 354 1445 397 by
1461 353 1551 389 sinte
1570 354 1727 398 Quiryns
1747 353 1817 390 den
1833 355 1975 392 dooden

364 410 513 444 lichaem
531 420 575 453 op
587 420 651 444 6611
667 413 724 444 rat
739 413 773 444 te
789 409 912 444 5161166
933 437 1084 443 ......

709 485 953 529 Rijksarchief
974 496 1041 519 van
1073 485 1227 525 Brussel,
1254 484 1398 529 compte
1421 484 1466 519 de
1495 484 1712 520 Guillaume
1740 487 1785 521 de
1809 487 1971 530 Merode,

755 551 907 575 amman
923 541 967 574 de
981 538 1184 581 Bmxellcs,
1203 539 1247 574 de
1264 539 1359 580 4518,
1376 539 1435 574 101.
1451 542 1492 575 28
1506 551 1625 585 ν6150;
1645 540 1869 586 aangehaald
1888 540 1978 577 door

755 595 890 637 Henne,
907 595 984 631 deel
1000 593 1061 636 IV,
1080 594 1144 629 blz.
1163 596 1238 636 281,
1257 597 1342 630 noot
1363 596 1394 629 2.

1112 720 1234 765 435.

430 846 565 899 1519,
610 846 810 890 Januarz‘
843 846 887 896 5,
933 846 1174 891 Meclzelen.
1221 847 1403 891 Tweede
1444 846 1651 903 plakkaat
1697 859 1783 890 van
1825 846 1975 899 Karel,

368 915 530 971 koning
547 928 630 959 van
647 915 820 972 Spanje,
839 914 968 970 graaf
979 928 1063 958 van
1082 916 1372 967 Vlaanderen‚
1394 918 1524 975 tegen
1548 915 1599 958 de
1617 914 1976 971 godslasteraars.

367 1007 426 1015 —
442 983 500 1024 De
518 985 637 1025 vorst
659 985 757 1038 zegt
778 986 821 1024 te
838 985 996 1034 weten‚
1018 982 1091 1026 dat
1107 983 1192 1040 zijn
1211 984 1416 1040 plakkaat
1433 997 1518 1027 van
1540 984 1652 1027 1517
1671 981 1980 1038 onuitgevoerd

369 1051 404 1092 is
422 1049 644 1106 gebleven‚
659 1050 999 1107 waarsehijnliJ'k
1016 1051 1150 1094 onder
1161 1052 1456 1096 voorwendsel
1476 1052 1550 1095 dat
1568 1051 1619 1095 de
1635 1051 1817 1095 straffen
1833 1049 1983 1094 aldaar

367 1121 412 1160 te
444 1121 595 1174 streng
616 1131 780 1161 waren.
807 1117 884 1161 Om
916 1120 960 1161 te
991 1117 1182 1163 beletten
1205 1120 1279 1164 dat
1310 1121 1362 1163 de
1384 1119 1707 1177 godslastering
1738 1116 1983 1174 ongestraft

368 1186 513 1243 blijve,
550 1186 731 1242 kondigt
761 1186 819 1243 hij
859 1186 910 1229 de
946 1187 1155 1243 volgende
1187 1189 1357 1232 nieuwe
1388 1189 1645 1245 bepalingen
1682 1187 1730 1232 af
1745 1201 1754 1232 :
1790 1200 1897 1231 voor
1929 1187 1983 1230 de

369 1258 509 1299 eerste
531 1255 657 1306 maal,
680 1268 785 1297 eene
806 1253 1003 1311 geldboet
1025 1269 1109 1298 van
1132 1257 1270 1313 zestig
1293 1257 1479 1301 stuivers
1502 1271 1589 1301 van
1611 1260 1724 1302 twee
1748 1255 1983 1301 Vlaamsch

369 1326 572 1378 grooten;
599 1337 704 1367 voor
735 1323 786 1366 de
818 1324 985 1367 tweede
1016 1325 1144 1378 maal,
1169 1326 1246 1369 het
1276 1324 1456 1378 dubbel;
1483 1339 1589 1369 voor
1611 1325 1662 1369 de
1696 1324 1828 1369 derde
1849 1325 1976 1377 maal,

370 1392 446 1434 het
468 1389 713 1433 driedubbel
737 1390 994 1447 mitsgaders
1017 1406 1120 1435 eene
1143 1394 1406 1450 gevangenis
1429 1407 1514 1437 van
1539 1407 1609 1436 zes
1631 1393 1745 1437 volle
1766 1392 1916 1470 dage&
1928 1405 1983 1450 op

368 1461 507 1502 water
529 1472 583 1501 en
614 1458 761 1502 brood.
799 1459 861 1516 Bij
895 1459 947 1502 de
979 1460 1124 1504 vierde
1154 1462 1264 1505 maal
1298 1462 1364 1506 zal
1398 1462 1448 1505 de
1474 1461 1681 1519 plichtige
1713 1465 1789 1506 ten
1823 1440 1984 1521 mfflte

368 1527 612 1584 gedurende
634 1531 747 1572 twee
769 1542 876 1572 uren
896 1543 979 1573 aan
1001 1530 1054 1574 de
1077 1531 1189 1575 kaak
1210 1531 1380 1587 gesteld
1403 1531 1596 1576 worden.

670 1642 742 1676 Par
758 1641 791 1677 16
806 1641 897 1685 Roy.

410 1721 441 1753 A
458 1731 521 1754 nos
537 1729 633 1755 amez
648 1722 683 1754 et
699 1719 817 1754 feaulx
839 1719 889 1755 les
913 1719 1099 1755 Pre'sident
1115 1723 1149 1756 et
1167 1721 1260 1756 Gens
1275 1720 1319 1757 de
1335 1723 1453 1757 nostre
1467 1720 1606 1757 Conseil
1631 1731 1677 1757 en
1690 1720 1873 1763 Flandres,
1887 1720 1981 1756 salut

369 1777 403 1808 et
418 1774 598 1809 dileetion.

412 1828 581 1864 Combien
597 1840 665 1872 que
678 1840 742 1873 par
757 1831 877 1864 autres
893 1840 957 1864 noz
980 1829 1100 1865 lettres
1115 1841 1159 1865 en
1175 1830 1289 1865 forme
1303 1830 1347 1866 de
1371 1830 1509 1874 placeat
1536 1841 1646 1875 ayons
1676 1829 1763 1866 faict
1788 1829 1930 1874 publier
1944 1831 1981 1865 61

367 1883 557 1925 defl'endre,
582 1894 651 1926 que
678 1884 741 1918 nul
767 1895 812 1919 ne
837 1884 996 1919 s’avance
1018 1885 1062 1920 de
1072 1886 1177 1929 jurer
1201 1888 1235 1920 et
1262 1885 1486 1930 blasphemer
1509 1886 1542 1921 le
1565 1897 1649 1921 nom
1663 1885 1708 1922 de
1724 1885 1816 1921 Dieu
1831 1885 1925 1921 etde
1940 1895 1980 1919 sa

367 1938 545 1981 glorieuse
561 1939 682 1983 vierge
705 1942 802 1974 mere
823 1939 950 1981 Marie,
976 1940 1082 1975 soubz
1097 1941 1147 1975 les
1163 1940 1284 1984 peines
1300 1944 1335 1976 et
1351 1941 1500 1976 mulctes
1525 1943 1719 1976 contenues
1740 1943 1777 1977 et
1798 1940 1979 1976 declarees

367 2005 411 2026 en
443 1993 616 2027 nosdictes
644 1997 763 2027 autres
788 1994 919 2035 lettres,
953 1995 1176 2029 neantmoins
1204 2006 1293 2030 nous
1316 1995 1511 2030 entendons
1535 2007 1603 2039 que
1632 1995 1713 2030 nulz
1743 1994 1909 2030 debvoirs
1933 2004 1978 2028 ne

367 2049 434 2081 >sen
448 2052 524 2083 sont
542 2049 644 2084 faicts
658 2050 701 2084 (16
718 2050 767 2085 165
783 2050 901 2093 punir‚
917 2054 951 2085 et
967 2052 1066 2094 peult
1081 2052 1233 2086 sembler
1245 2062 1313 2095 que
1337 2051 1388 2086 les
1405 2051 1589 2094 justiciers
1611 2054 1647 2086 et
1669 2061 1756 2095 gens
1771 2050 1816 2085 de
1831 2050 1891 2093 loy
1916 2050 1980 2083 ont

366 2104 489 2138 (1111616
512 2107 547 2138 61
568 2104 732 2140 different
757 2105 801 2140 de
824 2106 994 2149 proeeder
1023 2110 1044 2139 21
1074 2107 1153 2140 leur
1168 2105 1333 2149 punition
1349 2107 1456 2140 soubz
1472 2107 1598 2140 umbre
1612 2105 1657 2140 de
1672 2116 1713 2140 66
1728 2115 1797 2149 que
1812 2103 1976 2139 lesdictes

367 2157 485 2200 peines
500 2161 577 2192 sont
601 2163 680 2202 trop
705 2159 930 2203 rigoureuses
942 2163 978 2195 61
993 2154 1198 2201 excessivos,
1217 2171 1262 2194 au
1286 2171 1415 2204 moyen
1430 2160 1570 2204 dequoy
1592 2159 1734 2194 lesdicts
1756 2157 1979 2202 blasphemes

366 2224 401 2245 56
418 2212 626 2247 continuent
641 2213 684 2247 de
700 2214 779 2256 plus
801 2225 846 2248 en
862 2215 952 2258 plus,
971 2226 1017 2248 au
1041 2215 1157 2259 grand
1183 2217 1469 2250 eontemnement
1494 2215 1543 2250 du
1570 2225 1654 2249 nom
1679 2214 1724 2249 de
1751 2213 1843 2248 Dieu
1873 2214 1909 2247 et
1934 2212 1978 2246 de

366 2273 483 2300 nostre
500 2266 574 2309 Foy
591 2266 805 2311 catholique,
823 2272 858 2302 et
874 2268 951 2312 plus
967 2279 1057 2309 5616,
1076 2280 1111 2303 56
1124 2280 1189 2312 par
1206 2270 1304 2303 Nous
1321 2280 1367 2312 ny
1383 2272 1436 2304 est
1447 2269 1663 2304 aultrement
1677 2278 1850 2312 pourveu.

410 2321 507 2355 Pour
524 2332 563 2355 ce
579 2324 631 2356 est
647 2321 672 2355 il
691 2333 759 2365 que
777 2323 885 2362 Nous,
908 2334 964 2357 665
980 2323 1102 2358 choses
1125 2323 1346 2359 considerees
1358 2323 1546 2366 (veuillans
1561 2324 1675 2358 eviter
1689 2325 1726 2358 61
1747 2321 1837 2356 faire
1860 2331 1975 2356 665561

366 2375 526 2410 lesdictes
550 2376 782 2419 blasphemes)
795 2388 881 2411 vous
894 2377 1066 2412 mandens
1078 2380 1113 2413 et
1128 2378 1382 2413 eommandons
1397 2370 1670 2421 cipressement,
1684 2387 1730 2412 en
1742 2376 1975 2411 commettant

367 2442 401 2461 56
418 2429 561 2464 16651161
576 2434 627 2464 651
644 2442 708 2473 par
724 2442 780 2466 ces
797 2435 986 2474 presentes,
1015 2443 1084 2475 que
1113 2432 1334 2467 incontinent
1365 2434 1401 2466 et
1429 2442 1510 2466 sans
1539 2431 1643 2474 delay
1666 2441 1754 2465 vous
1777 2429 1901 2464 1616165
1930 2429 1975 2463 (16

365 2483 504 2518 16611161
515 2484 656 2527 publicr
671 2488 706 2519 et
719 2485 898 2519 deffendre
911 2486 954 2520 de
967 2497 1032 2529 par
1044 2487 1142 2521 Nous
1154 2497 1219 2530 par
1235 2490 1313 2521 tout.
1329 2489 1446 2521 nostre
1462 2497 1548 2530 pays
1563 2489 1598 2520 et
1613 2488 1729 2520 comte
1743 2485 1787 2520 (16
1800 2483 1973 2519 Flandres

366 2549 409 2571 ou
429 2538 495 2571 l'on
519 2541 570 2573 est
585 2543 812 2573 aceoustume
828 2539 917 2574 faire
930 2551 1011 2583 cryz
1026 2543 1061 2575 et
1076 2540 1325 2584 publications,
1339 2551 1408 2583 que
1424 2551 1473 2574 un
1489 2540 1646 2574 chascun
1657 2539 1701 2575 de
1716 2539 1869 2582 quelque
1883 2539 1974 2572 estat

365 2603 409 2625 ou
428 2591 610 2626 condition
626 2593 709 2635 qu'il
726 2593 804 2634 soit,
823 2606 858 2627 56
875 2595 985 2637 garde
1000 2595 1044 2629 de
1059 2595 1282 2638 blasphemer
1298 2595 1330 2629 le
1347 2605 1430 2628 nom
1445 2594 1490 2630 (16
1506 2593 1596 2628 Dieu
1612 2596 1647 2628 et
1665 2593 1709 2628 de
1730 2604 1770 2628 sa
1791 2591 1972 2637 glorieuse

366 2646 487 2689 vierge
499 2646 608 2687 Mere,
627 2658 647 2680 a
665 2647 767 2690 peine
783 2648 985 2682 d’encourir
999 2651 1034 2683 et
1050 2648 1233 2689 fourfaire,
1251 2660 1343 2691 pour
1365 2649 1401 2682 la
1423 2647 1598 2692 premiere
1617 2646 1696 2689 fois,
1714 2647 1874 2682 soixante
1902 2646 1972 2680 sols

365 2701 412 2734 du
431 2700 504 2743 priz
518 2700 561 2735 de
573 2701 665 2735 deux
678 2713 761 2746 gros
773 2703 817 2737 de
840 2706 959 2738 nostre
975 2703 1141 2738 monnoie
1153 2704 1196 2738 de
1215 2703 1387 2738 Flandres
1399 2703 1432 2738 16
1444 2703 1520 2738 sold
1537 2716 1546 2746 ς
1563 2714 1654 2747 pour
1676 2703 1712 2737 16
1726 2702 1877 2738 seconde
1892 2702 1970 2743 fois,

366 2757 399 2790 16
421 2756 567 2799 double;
584 2768 675 2800 pour
690 2758 725 2792 la
747 2757 868 2799 116166,
886 2758 919 2792 16
934 2759 1061 2802 1151916,
1079 2762 1115 2794 61
1129 2759 1253 2793 d’estre
1276 2757 1344 2793 mis
1367 2769 1412 2792 au
1437 2758 1520 2802 pein
1536 2761 1572 2793 61
1594 2759 1683 2793 caue
1698 2757 1845 2801 l'espace
1857 2757 1901 2793 de
1917 2757 1972 2791 six

362 2812 462 2853 jours
487 2812 617 2847 6611615
631 2824 639 2854 3
655 2815 689 2847 et
706 2823 796 2856 pour
811 2812 845 2846 la
872 2813 1087 2855 quatriesme
1102 2813 1180 2854 1015,
1198 2813 1322 2848 d'estre
1349 2811 1507 2855 pillorise
1530 2815 1564 2847 et
1579 2811 1732 2848 eschelle
1746 2822 1791 2846 en
1806 2810 1879 2846 lieu
1906 2821 1969 2855 pu-

366 2865 485 2908 blique
512 2867 656 2910 l‘espace
672 2867 716 2902 de
730 2866 822 2902 deux
839 2867 967 2902 heures
979 2878 1070 2910 pour
1082 2867 1114 2901 le
1127 2867 1253 2901 moins.
1270 2867 1471 2902 Procedant
1481 2869 1517 2901 et
1529 2865 1658 2902 faisant
1670 2865 1840 2910 prooeder
1851 2868 1977 2901 contre

366 2920 414 2954 les
441 2928 720 2965 transgresseurs
744 2926 778 2956 et
806 2922 1016 2966 dclinquans
1034 2933 1097 2965 par
1117 2921 1305 2958 execution
1332 2922 1504 2959 (165(116165
1520 2921 1640 2966 peines
1665 2921 1975 2966 rigoureusement
