2097 3466
312 249 373 280 321·
923 241 1054 276 ANNO
1084 243 1192 278 121⁰,
1220 242 1324 275 121ὂῖ

362 344 446 377 Late
475 350 567 385 patet
598 341 660 375 Dci
693 339 893 379 clementia,
920 338 993 382 qui,
1021 338 1122 381 pulso
1146 335 1368 371 infidelitatis
1391 346 1524 376 errore,
1550 334 1737 370 veritatem
1761 333 1845 370 fidei
1869 334 1943 370 suis

318 399 480 434 fidelibus
498 397 674 441 patefecit.
693 396 816 430 ,lustus
841 394 936 429 enim
953 405 995 428 ex
1014 393 1082 427 fide
1100 391 1211 433 vivit&
1238 391 1299 434 qui
1324 402 1408 426 vero
1433 402 1502 424 non
1521 389 1645 431 credit,
1665 389 1736 424 iam
1760 389 1942 425 iudicatus

316 462 378 488 cst.
410 455 482 488 Nos
510 452 636 495 igitur.
655 451 716 494 qui
743 450 898 494 gratiam
927 448 1010 483 fidei
1036 448 1072 482 in
1098 459 1230 482 vanum
1262 458 1332 480 non
1360 444 1572 488 recepimus
1598 455 1720 478 omnes
1746 456 1817 479 non
1846 446 1943 480 recte

317 508 511 546 credentes,
531 507 591 550 qui
611 507 732 540 lumen
751 505 832 539 fidei
852 503 1050 538 catholicae
1064 501 1245 537 haeretica
1263 500 1438 544 pravitate
1456 500 1493 534 in
1509 499 1660 543 imperio
1677 502 1797 534 nostro
1813 511 1942 534 conan-

318 573 377 598 1111·
400 562 623 605 extinguere,
642 560 821 603 imperiali
847 560 1011 593 volumus
1040 557 1228 592 severitate
1246 555 1366 599 puniri
1399 558 1433 590 et
1457 566 1477 588 a
1501 554 1680 589 consortio
1706 554 1865 589 fidelium
1882 565 1945 598 per

317 622 430 653 totuin
459 616 650 660 imperium
680 615 862 659 separari;
898 613 1139 657 praesentium
1171 611 1237 646 tibi
1268 610 1481 645 auctoritate
1513 610 1733 649 mandantes,
1767 612 1944 652 quatenus

318 671 516 707 haereticos
552 671 745 705 valdenses
769 672 804 704 et
828 680 962 708 omnes,
989 667 1051 711 qui
1082 667 1119 701 in
1145 665 1360 701 Taurinensi
1389 664 1541 700 dioecesi
1569 664 1741 698 zizaniam
1769 663 1946 698 seminant

319 726 483 762 falsitatis
507 729 540 761 et
567 725 671 760 fidem
690 724 904 759 catholicam
922 723 1076 757 alicuius
1093 721 1228 756 erroris
1242 732 1302 756 seu
1326 720 1514 764 pravitatis
1529 719 1694 754 doctrina
1717 719 1945 762 impugnant,

318 795 335 817 a
366 786 439 817 toto
467 781 685 816 Taurinensi
718 780 922 824 episcopatu
957 777 1137 822 imperiali
1165 776 1379 811 auctoritate
1406 776 1586 819 expellas;
1618 773 1803 809 licentiam
1836 773 1944 814 enim,

319 839 569 874 auctoritatem
598 836 840 871 omnimodam
870 838 905 869 et
947 835 1088 877 plenam
1121 833 1185 867 tibi
1215 832 1432 867 conferimus
1460 833 1680 875 potestatem,
1708 832 1747 864 ut
1774 841 1838 873 per
1863 832 1948 864 tuae

320 893 476 928 studium
495 890 748 927 sollicitudinis
767 888 1002 924 Taurinensis
1019 888 1242 931 episcopatus
1266 898 1350 923 area
1377 886 1571 921 ventiletur
1586 889 1621 920 et
1644 886 1760 920 omnis
1776 884 1944 929 pravitas,

321 961 410 992 quae
429 948 510 984 tidci
529 946 729 982 catholicae
746 943 973 984 contradicit,
993 942 1134 987 penitus
1150 944 1382 986 expurgetur.

668 1024 910 1058 Monumenta
934 1022 1112 1055 historiae
1130 1022 1291 1065 patriae,
1317 1021 1528 1064 Scriptores,
1547 1019 1625 1054 deel
1649 1018 1694 1059 II,
1721 1018 1786 1052 blz.
1813 1020 1887 1052 488.
1905 1036 1948 1042 —

715 1078 841 1113 Keizer
858 1078 941 1112 Otto
960 1077 1009 1112 IV
1025 1077 1223 1120 vaardigde
1236 1088 1308 1120 nog
1323 1076 1530 1111 denzelfden
1546 1076 1628 1119 dag,
1645 1075 1714 1109 ook
1730 1077 1764 1109 te
1781 1075 1946 1114 Ferrara,

713 1146 799 1169 eene
815 1136 883 1168 wet
902 1133 967 1173 uit,
986 1133 1134 1175 waarbij
1156 1132 1205 1174 hij
1224 1132 1449 1172 verklaarde,
1468 1132 1528 1166 dat
1551 1131 1595 1165 de
1612 1130 1820 1171 Patarinen,
1840 1129 1948 1164 Gaza-

714 1201 778 1224 ren
794 1201 839 1224 en
856 1189 890 1223 al
913 1189 957 1223 de
973 1188 1105 1222 andere
1128 1188 1262 1223 ketters
1286 1187 1364 1222 dier
1386 1188 1465 1222 stad
1488 1187 1525 1221 in
1543 1187 1612 1221 den
1629 1185 1862 1228 keizerlijken
1879 1186 1950 1220 ban

712 1244 882 1287 geslagen
898 1243 1044 1277 worden
1060 1246 1132 1278 met
1149 1243 1184 1277 al
1205 1243 1328 1277 hunne
1351 1242 1588 1285 aanhangers.
1617 1240 1748 1275 Hunne
1770 1240 1950 1284 goederen

716 1298 832 1332 zullen
848 1299 890 1338 zij
908 1296 1096 1338 verliezeu,
1126 1308 1170 1331 cn
1188 1297 1231 1331 de
1251 1297 1392 1338 huizen,
1410 1297 1548 1331 waarin
1572 1298 1613 1339 zij
1639 1297 1845 1339 ontvangen
1861 1305 1948 1330 wer-

714 1354 783 1387 den
813 1354 852 1387 of
874 1352 997 1387 hunne
1024 1351 1312 1396 vergaderingen
1335 1351 1490 1390 hielden.
1517 1352 1634 1386 zullen
1661 1352 1882 1396 afgebroken
1905 1363 1949 1386 en

718 1408 792 1443 niet
808 1407 1099 1452 heropgebouwd
1110 1418 1240 1451 mogen
1254 1407 1412 1441 worden.
1429 1407 1480 1441 De
1493 1407 1715 1450 wereldliJke
1726 1408 1954 1442 ambtenaars

717 1476 786 1499 van
804 1465 959 1498 Ferrara
983 1463 1099 1497 zullen
1123 1462 1206 1496 deze
1222 1465 1292 1496 Wet
1313 1464 1435 1506 streng
1458 1462 1549 1497 doen
1571 1462 1734 1497 naleven.
1753 1461 1895 1497 Ziehier
1910 1462 1955 1496 de

717 1520 853 1555 aanhef
871 1530 941 1553 van
964 1518 1025 1553 het
1049 1518 1130 1552 stuk
1147 1530 1154 1551 ;
1183 1532 1198 1545 ιε
1218 1519 1351 1552 Notum
1369 1529 1443 1552 esse
1458 1518 1624 1552 volumus
1647 1517 1825 1553 universis
1842 1517 1954 1552 fideli-

717 1575 784 1609 bus
799 1573 943 1617 imperii
961 1571 1185 1616 presentibus
1199 1575 1233 1606 et
1250 1571 1393 1612 futuris,
1409 1572 1503 1615 quod
1520 1584 1584 1607 nos
1596 1573 1754 1608 volentes
1769 1572 1955 1608 intendere

719 1627 981 1664 conservationi
999 1631 1033 1662 et
1058 1630 1252 1671 augmento
1270 1626 1489 1662 christianae
1504 1627 1703 1672 religionis,
1721 1627 1767 1662 ad
1782 1627 1956 1662 honorem

719 1685 784 1720 Dei
801 1688 835 1720 et
851 1686 972 1719 sancte
990 1681 1205 1717 universalis
1221 1682 1370 1717 ecclesie
1387 1682 1577 1718 statuimus
1593 1685 1628 1718 et
1651 1685 1822 1727 perpetuo
1839 1682 1956 1718 edicto

719 1740 924 1775 sancimus..
934 1767 953 1773 ..
969 1754 985 1768 n
1000 1737 1205 1780 (Muratori,
1218 1737 1465 1782 Antiquitates
1478 1737 1643 1780 Italicae,
1656 1738 1735 1774 deel
1748 1737 1792 1780 V,
1807 1738 1873 1772 blz.
1889 1738 1956 1780 89).

1061 1855 1220 1905 141bis.

398 1998 532 2047 1267,
553 1994 648 2037 Jua·
672 1993 744 2043 15,
776 1991 964 2035 Viterbo.
987 1990 1066 2033 Bul
1091 2003 1174 2032 van
1198 1989 1395 2033 Clemens
1418 1989 1480 2031 IV
1502 1987 1672 2043 gerieht
1694 1989 1760 2030 tot
1781 1986 1833 2029 de
1855 2000 1959 2043 pau-

333 2065 483 2122 selijke
520 2062 795 2118 inquisiteurs
834 2060 912 2103 der
949 2059 1267 2116 predikheeren
1301 2072 1354 2100 en
1393 2058 1470 2100 der
1507 2054 1884 2098 minderbroeders
1916 2055 1958 2097 in

334 2134 606 2191 Bourgondie'
630 2146 682 2174 en
707 2130 972 2186 Lotherrijk,
998 2143 1066 2171 om
1089 2128 1175 2170 hen
1208 2140 1292 2169 aan
1315 2126 1366 2168 de
1389 2124 1778 2181 gehoorzaamheid
1804 2124 1962 2181 jegens

335 2207 482 2250 hunne
504 2204 906 2246 kloosteroversten
929 2204 974 2242 te
1009 2197 1289 2241 onttrekken·
1323 2220 1359 2226 -
1397 2195 1486 2236 Ten
1519 2192 1642 2235 einde
1679 2194 1771 2236 hun
1803 2193 1856 2236 de
1878 2193 1962 2237 uit-

336 2273 536 2328 oefening
568 2284 651 2314 van
685 2270 776 2312 hun
810 2263 1210 2322 inquisiteursambt
1247 2263 1399 2320 geheel
1437 2276 1490 2304 en
1522 2262 1560 2304 al
1585 2264 1629 2305 te
1651 2262 1963 2318 vergemakke-

335 2344 486 2401 lijken,
512 2339 685 2384 beveelt
707 2338 759 2381 de
776 2350 886 2394 paus
904 2336 979 2378 dat
1000 2336 1040 2377 al
1065 2334 1117 2376 de
1140 2337 1343 2376 oversten
1367 2332 1541 2374 1111111161·
1563 2330 1665 2373 orde
1686 2330 1729 2373 in
1752 2331 1857 2374 zake
1877 2344 1963 2374 van

335 2407 745 2464 kettervervolging
767 2406 929 2448 zonder
951 2404 1103 2460 eenige
1125 2402 1270 2445 macht
1293 2414 1397 2443 over
1418 2400 1503 2442 hen
1526 2399 1611 2455 zijn
1634 2399 1793 2442 zullen.
1819 2399 1966 2455 Nietig

337 2481 423 2539 zijn
467 2479 550 2522 alle
589 2475 783 2526 straffen‚
826 2475 892 2517 die
930 2474 1022 2516 hun
1060 2485 1238 2527 wegens
1276 2468 1724 2526 ongehoorzaamheid
1761 2468 1965 2512 dienaan-

339 2548 506 2606 gaande
528 2547 692 2590 zouden
711 2542 921 2600 opgelegd
937 2541 1132 2584 worden.

387 2662 550 2697 Clemens
569 2658 768 2702 episcopus,
787 2667 909 2691 servus
925 2665 1111 2690 servorum
1130 2653 1206 2695 Dei,
1224 2652 1364 2688 dilectis
1380 2652 1465 2686 filiis
1488 2651 1660 2687 frat-ribus
1675 2650 1842 2685 ordinum
1866 2659 1966 2693 prae-

341 2718 542 2753 dicatorum
563 2719 598 2750 et
620 2714 803 2748 minorum
826 2710 1099 2755 inquisitoribus
1114 2708 1316 2744 haereticae
1340 2707 1527 2751 pravitatis
1550 2719 1614 2752 per
1629 2706 1786 2742 diversas
1802 2706 1966 2749 Burgon-

342 2775 422 2809 diae
453 2776 487 2808 et
521 2767 780 2812 Lotharingiae
811 2773 929 2810 partes
968 2763 1184 2799 auctoritate
1222 2762 1417 2807 apostolica
1446 2762 1625 2806 deputatis
1653 2763 1689 2796 et
1719 2760 1756 2794 in
1787 2762 1968 2803 posterum

341 2827 569 2872 deputandis,
589 2826 740 2860 salutem
757 2825 791 2857 et
807 2820 1040 2865 apostolicam
1057 2818 1353 2854 benedictionem.

389 2880 594 2916 Catholicae
608 2878 691 2913 fidei
707 2875 905 2921 negotium,
920 2874 1015 2918 quod
1029 2873 1223 2917 plurimum
1238 2871 1367 2907 insidet
1379 2871 1479 2906 cordi
1493 2873 1625 2910 nostro,
1641 2869 1678 2905 in
1691 2869 1817 2905 vestris
1829 2879 1969 2913 prospe-

343 2935 416 2971 rari
441 2934 606 2969 manibus
623 2937 657 2967 et
681 2932 724 2967 de
748 2932 841 2965 bono
868 2929 906 2964 in
929 2928 1057 2963 melius
1074 2927 1266 2972 procedere
1290 2926 1485 2971 cupientes,
1504 2936 1546 2959 ac
1569 2924 1727 2959 volentes
1743 2923 1908 2958 omne'ab
1925 2933 1967 2957 eo
