2097 3466
817 238 952 272 ANNO
981 240 1082 272 1459
1709 240 1772 273 345

124 332 332 378 predicator
348 343 391 368 ea
415 332 459 368 de
484 332 617 376 quibus
635 332 788 376 antiqua
805 331 887 367 iura
903 332 1061 377 positiua
1088 332 1300 375 loquuntur,
1319 343 1388 376 que
1411 333 1495 365 sunt
1518 331 1693 375 abrogata
1710 342 1774 375 pcr

123 399 196 423 non
213 400 330 430 usum,
349 400 431 432 ymo
458 399 520 431 per
547 400 651 422 usum
669 387 895 422 contrarium
914 387 1063 421 summis
1088 385 1321 430 pontificibus
1337 386 1535 420 scientibus
1550 390 1586 421 et
1603 398 1674 421 non
1691 398 1770 431 pro-

122 443 331 479 hibentibus
343 455 386 477 ac
399 443 541 487 porhoc
552 442 661 478 tacite
674 443 878 487 approbare
891 441 1098 476 videntibus
1111 441 1185 475 acsi
1199 452 1263 484 per
1277 444 1411 476 statuta
1425 441 1601 476 sinodalia
1613 453 1772 476 commu-

122 498 219 534 niter
234 498 528 543 precipientibus,
551 497 740 542 presertim
759 497 822 532 ubi
841 498 961 532 subest
979 508 1089 531 causa
1106 496 1257 531 honesta
1274 496 1369 531 sicut
1384 497 1453 531 hoc
1469 500 1521 531 cst
1544 497 1588 531 de
1613 500 1774 541 temporo

121 565 191 598 que
214 565 390 598 puerpera
407 554 587 589 abstinent
603 555 648 589 ab
673 553 838 598 ingressu
857 553 1021 593 ecclesie,
1040 552 1135 588 sicut
1150 552 1237 587 satis
1260 552 1463 588 declarauit
1480 553 1517 587 in
1543 553 1775 596 responsione

119 621 186 645 sua
200 609 318 654 magis
334 612 493 649 extensa,
511 610 721 645 catlicchiee
745 621 811 644 noc
837 608 1129 648 determinatiue,
1156 611 1196 643 ut
1220 608 1382 652 loquitur
1398 609 1475 649 iste,
1492 620 1557 643 nec
1583 608 1776 644 rceitatiue

117 665 224 701 debet
248 665 381 709 populo
397 664 559 709 simplici
577 665 743 709 aperireg
762 665 807 699 ad
828 664 943 699 nichil
960 664 1060 699 aliud
1087 664 1184 699 valet
1208 675 1317 707 quam
1342 664 1388 699 ad
1412 663 1679 699 subversionem
1697 664 1775 699 eius

119 723 155 756 et
170 719 388 756 mittendum
405 719 443 754 in
459 720 625 762 dubium,
645 720 674 754 si
692 732 778 755 usus
798 720 983 764 prevaleat
1003 719 1144 754 iuribus
1161 719 1320 762 antiquis
1337 723 1401 754 aut
1425 731 1509 760 non,
1528 723 1563 754 ct
1578 720 1607 753 si
1622 720 1775 755 ecclesia

117 775 216 810 hunc
243 787 348 810 usum
377 776 604 810 obseruando
635 776 726 810 benc
755 775 866 810 faciat
896 777 960 810 aut
984 786 1081 817 non3
1107 786 1172 809 nec
1196 774 1302 809 debet
1331 786 1482 818 querere
1499 774 1655 819 gloriam
1672 787 1773 810 suam

118 830 325 876 predicator
340 830 427 875 ipse,
448 830 510 866 sed
529 830 594 865 Dei
611 844 619 872 ς
639 842 742 865 secus
762 832 883 865 autem
902 829 1038 864 faciens
1055 841 1128 864 non
1144 831 1306 864 meretur
1322 830 1519 864 aureolam.

164 885 270 921 Circa
297 884 485 928 quintam:
515 899 530 912 «ι
561 884 692 919 Minus
720 888 774 919 est
801 884 1010 919 interficere
1035 886 1189 918 matrem
1218 895 1325 928 quam
1353 884 1537 928 propriam
1566 896 1716 920 uxorem
1743 901 1773 926 ν»,

118 938 304 984 responsio
332 951 397 974 sua
427 942 480 975 est
510 940 606 984 quod
632 939 697 974 illa
714 942 767 975 est
784 940 875 974 falsa
891 942 932 974 ut
949 938 1057 981 iacet,
1078 951 1143 974 nec
1167 951 1329 982 unquam
1353 939 1578 983 sumpniauit
1601 941 1721 983 illam;
1740 943 1776 975 et

117 994 213 1039 quod
226 993 319 1029 dixit
331 994 375 1029 de
389 1006 482 1038 pena
498 995 594 1039 quod
611 994 787 1029 maiorem
803 994 1004 1039 iniungunt
1026 994 1107 1029 iura
1125 993 1301 1029 canonica
1318 994 1505 1030 uxoricide
1522 1008 1630 1039 quam
1648 996 1772 1032 matri-

116 1048 208 1089 cide.
241 1059 369 1083 verum
385 1048 478 1084 dixit
496 1051 644 1093 propter
667 1048 851 1083 maiorem
885 1048 1105 1092 pronitatem
1134 1048 1296 1083 virorum
1322 1050 1366 1083 ad
1395 1050 1639 1085 uxoricidium
1667 1063 1775 1095 quam

114 1101 376 1144 matricidium‚
396 1106 437 1138 ut
462 1104 553 1138 bene
569 1103 733 1138 declarat
751 1102 789 1137 in
810 1102 1046 1147 responsione
1062 1114 1127 1137 sua
1143 1102 1258 1146 priori
1274 1103 1391 1148 magis
1409 1107 1566 1139 extensa.

162 1157 269 1193 Circa
284 1161 422 1193 sextam
440 1158 556 1193 nichil
572 1158 719 1194 videtur
737 1158 946 1200 dicendum,
966 1158 1052 1202 quia
1069 1161 1179 1203 negat
1203 1170 1281 1193 eam
1308 1159 1510 1203 predicasse
1539 1172 1603 1196 nec
1631 1162 1771 1196 consul-

116 1216 195 1250 tum
211 1216 383 1258 putamus
398 1213 444 1248 ad
462 1224 596 1248 nouam
621 1212 923 1248 informationem
945 1213 1214 1257 procedendum
1231 1217 1379 1258 propter
1395 1226 1520 1249 causas
1535 1214 1574 1250 in
1592 1216 1772 1260 principio

113 1268 262 1314 positas.
1682 1281 1686 1285 ·

163 1324 270 1360 Circa
292 1323 505 1368 septimam:
524 1322 660 1367 pluries
688 1335 753 1367 pro
778 1323 937 1358 themate
965 1323 1061 1368 cepit
1088 1322 1253 1358 carmina
1282 1324 1439 1368 laycalia
1464 1329 1500 1361 et
1527 1326 1704 1362 derisoria
1731 1327 1769 1362 in

115 1378 337 1424 vituperium
365 1381 434 1414 etc.
453 1382 494 1414 ut
522 1378 562 1413 in
590 1378 735 1423 scriptis
763 1378 861 1422 suis3
882 1379 1073 1422 respondet
1102 1379 1306 1414 confitendo
1336 1381 1431 1423 quod
1458 1392 1659 1417 sermonem
1684 1383 1770 1419 fecit

115 1434 290 1469 sumendo
319 1444 467 1468 carmen
495 1433 587 1468 illud
612 1434 766 1478 vulgare
795 1434 863 1468 Ma
880 1433 997 1467 seulle
1014 1444 1150 1467 amour
1168 1436 1238 1468 etc.
1258 1433 1356 1469 Dicit
1383 1434 1479 1469 enim
1507 1437 1603 1478 quod
1629 1449 1770 1472 summe

115 1488 292 1534 sapientie
315 1492 369 1524 est
384 1488 424 1523 in
450 1489 522 1533 hijs
538 1491 620 1530 etc.,
636 1492 677 1524 ut
704 1488 755 1523 ibi
781 1488 965 1523 scribitur.
993 1488 1140 1523 Reuera
1168 1488 1261 1523 illud
1289 1501 1438 1524 carmen
1466 1490 1717 1534 spiritualibus
1734 1496 1770 1528 et

115 1545 334 1581 habentibus
350 1544 566 1579 exercitatos
579 1555 703 1578 sensus
715 1543 815 1588 pium
829 1546 882 1579 est
894 1546 930 1578 et
943 1543 989 1578 ad
1003 1544 1126 1578 fletum
1141 1555 1183 1578 ac
1195 1544 1479 1588 compassionem
1491 1545 1626 1582 Christi
1640 1546 1677 1581 in
1691 1559 1768 1591 pas-

115 1601 216 1637 sione
232 1612 298 1645 pro
315 1601 431 1636 salute
447 1611 575 1644 sponse
590 1611 654 1635 sue
679 1599 829 1635 ecclesie
857 1601 981 1634 sancte
995 1599 1099 1633 valde
1118 1600 1380 1643 promotiuum,
1399 1601 1459 1635 sed
1476 1612 1548 1635 non
1562 1603 1770 1637 carnalibus

115 1659 157 1692 ut
172 1655 372 1700 plurimum
389 1658 442 1690 est
458 1654 611 1699 simplex
623 1655 779 1699 populus
796 1654 841 1689 ad
858 1665 1020 1689 amorem
1039 1655 1297 1698 voluptuosum
1315 1655 1585 1698 inclinathmm,
1601 1658 1770 1693 animalis

115 1711 213 1748 enim
228 1711 337 1747 homo
355 1722 428 1746 non
445 1711 538 1755 sapit
566 1722 636 1754 que
653 1710 719 1745 Dei
733 1712 842 1753 sunt3
862 1711 1021 1745 fatemur
1038 1711 1135 1754 quod
1167 1711 1300 1746 nedum
1328 1723 1350 1745 a
1378 1711 1602 1747 secularibus
1626 1725 1679 1754 ea,
1699 1725 1769 1757 que

115 1769 265 1813 possunt
292 1767 338 1801 ad
367 1766 637 1802 edificationem
665 1766 873 1801 animarum
901 1765 978 1800 sine
1008 1766 1171 1810 periculo
1200 1768 1384 1810 perficere,
1414 1770 1531 1811 potest
1557 1769 1699 1804 subtilis
1727 1781 1769 1804 ac

115 1822 274 1867 prudens
298 1821 506 1866 predicator
534 1821 659 1865 aliqua
689 1832 887 1862 assumere,
905 1832 989 1864 ymo
1018 1824 1054 1856 et
1081 1822 1126 1856 ab
1154 1821 1314 1866 antiquis
1341 1822 1566 1866 philosophis
1593 1827 1629 1859 et
1656 1824 1770 1868 poetis

115 1879 290 1921 tanquam
332 1877 377 1911 ab
419 1875 525 1911 iustis
557 1875 820 1920 possessoribus
859 1876 991 1910 multas
1027 1876 1196 1911 veritates
1226 1876 1264 1910 in
1297 1876 1523 1911 sermonibus
1553 1882 1769 1923 extorquere

116 1934 334 1976 inquantum
352 1935 475 1967 tamen
494 1931 693 1976 proficiunt
703 1932 749 1966 ad
762 1932 927 1973 salutem,
943 1934 985 1967 ut
1000 1931 1089 1967 dicit
1105 1933 1230 1967 beatus
1247 1932 1474 1977 Augustinus
1490 1935 1525 1967 et
1541 1933 1768 1969 beatissimus

116 1986 324 2023 Jeronimus
352 1987 390 2022 in
421 1987 579 2031 epistola
595 1990 650 2022 62.
669 1988 715 2021 ad
743 1998 919 2032 magnum
945 1990 1126 2022 oratorem
1153 1987 1255 2022 urbis
1271 1988 1579 2030 Rome305tendit
1606 1990 1702 2033 quod
1729 1990 1767 2025 in

117 2041 307 2086 scripturis
320 2040 454 2076 sanctis
468 2042 578 2077 liceat
594 2041 754 2076 inserere
778 2041 876 2076 dicta
892 2044 1093 2085 poetarum,
1112 2041 1151 2076 in
1168 2053 1240 2085 qua
1255 2041 1345 2077 dicit
1361 2043 1457 2086 quod
1474 2042 1611 2077 Paulus
1627 2048 1765 2088 aposto-

116 2099 174 2134 lus
190 2098 423 2143 Epymenidis
452 2098 587 2132 abusus
615 2100 669 2131 est
697 2095 878 2131 versiculo
897 2095 1058 2131 scribens
1085 2097 1131 2131 ad
1160 2097 1283 2132 Titum
1300 2109 1307 2131 ς
1328 2097 1525 2139 Cretenses,
1545 2098 1608 2139 ait,
1627 2111 1768 2144 semper

116 2154 307 2188 mendaces
332 2153 428 2188 male
456 2152 568 2187 bestie
593 2151 729 2186 ventris
758 2151 855 2196 pigri
871 2164 879 2193 ;
898 2151 937 2185 in
964 2151 1037 2186 alia
1053 2151 1227 2195 epistola:
1252 2152 1499 2196 Corrumpunt
1526 2153 1638 2188 bonos
1651 2167 1768 2190 moros

117 2208 301 2253 colloquia
326 2220 438 2253 prava
454 2221 462 2250 3
482 2210 518 2242 et
535 2207 632 2251 apud
651 2206 891 2241 Athenienses
907 2205 946 2240 in
962 2206 1092 2241 Martis
1120 2206 1234 2248 curia,
1250 2219 1319 2250 que
1346 2208 1546 2242 vocabatur
1557 2209 1764 2255 ariopagus,

116 2266 271 2300 Aratum
281 2266 408 2299 testem
419 2262 584 2298 inuocat:
602 2261 719 2306 Ipsius
731 2261 828 2296 enim
843 2265 878 2297 et
893 2273 1008 2306 genus
1023 2273 1159 2305 sumus;
1174 2264 1210 2297 et
1225 2265 1278 2297 est
1293 2263 1456 2297 clausula
1469 2274 1592 2297 versus
1604 2263 1765 2308 lieroyci3

117 2320 179 2355 sed
209 2319 298 2355 talia
330 2318 595 2363 interponenda
627 2320 712 2352 sunt
743 2316 881 2351 diuinis
913 2317 1066 2361 eloquijs
1090 2316 1306 2361 inquantum
1335 2317 1501 2361 proficiat
1531 2319 1576 2353 ad
1606 2321 1766 2353 eternam

118 2375 284 2411 salutem.

162 2429 214 2463 De
232 2427 384 2472 reliquis
398 2427 514 2463 nichil
530 2426 682 2472 dignum
697 2426 856 2462 scribere
871 2429 1024 2470 oportet.

474 2504 672 2546 Carlerius,
691 2504 771 2540 deel
785 2504 830 2546 11,
849 2504 1113 2550 verhandeling
1127 2507 1180 2540 27.

875 2653 1001 2697 302.

183 2780 326 2832 1459,
354 2778 609 2824 omstreeks
643 2779 903 2823 November
932 2781 972 2832 1,
1000 2780 1200 2824 Dowaai
1216 2795 1231 2831 ,·
1263 2779 1391 2823 ez'nde
1422 2793 1514 2823 van
1549 2781 1689 2834 1459,
1711 2795 1765 2824 en

121 2849 263 2900 1460,
301 2849 521 2901 ,Ῑαηιιαντζ
560 2847 794 2892 Febr-uari
834 2849 910 2898 25,
946 2851 1059 2893 υόόν
1092 2863 1146 2893 en
1185 2863 1250 2892 na
1282 2849 1509 2899 Paschen,
1557 2851 1758 2894 Atrecht.

122 2917 364 2962 Uittreksel
392 2918 454 2962 uit
487 2917 540 2961 de
575 2917 867 2976 gelijktijdige
891 2918 1068 2976 kronijk
1092 2932 1176 2962 van
1199 2919 1383 2974 Jacques
1406 2919 1470 2962 Du
1488 2918 1639 2977 Clercq
1663 2933 1767 2963 over
