2097 3466
244 249 287 283 26
909 235 1053 282 ANN'o'
1068 244 1231 283 0.*1115
1260 236 1261 239 ’

244 341 396 377 salutem
421 341 587 385 prodesse
602 341 779 386 negabat;
799 340 888 376 etin
911 339 1067 384 pretioso
1083 338 1210 374 habitu
1236 341 1271 374 et
1300 338 1460 374 vestibus
1482 337 1665 374 deauratis
1694 337 1878 381 incedens,

244 398 382 442 triplici
407 397 571 432 funiculo
594 398 757 432 crinibus
773 396 929 437 intortis,
951 395 1070 431 verbis
1094 394 1392 439 persuasibilibus
1408 398 1443 430 et
1459 395 1708 430 conviviorum
1724 406 1873 439 appara·

244 453 352 493 tibus,
372 464 465 494 suos,
484 453 546 496 qui
571 464 653 488 eum
677 452 823 487 circiter
846 452 918 487 tria
935 451 1037 486 milia
1059 451 1191 485 armati
1214 451 1468 494 sequebantur,
1483 449 1657 485 illiciebat
1679 453 1713 485 et
1735 461 1800 494 per
1817 461 1876 486 eos

244 509 453 544 resistentes
475 509 544 544 sibi
569 509 739 545 caedibus
760 508 953 543 saeviebat.
973 507 1175 542 Credebant
1191 506 1224 541 ei
1248 512 1282 541 et
1301 505 1559 540 reverebantur
1575 516 1657 540 eum
1674 505 1713 540 in
1735 508 1878 541 tantum

246 570 286 600 ut
309 577 453 609 aquam,
479 565 519 600 in
545 577 617 609 qua
643 575 777 609 corpus
803 564 959 604 lavisset,
986 563 1152 598 biberent
1175 565 1211 598 et
1236 573 1301 606 pro
1328 561 1493 605 reliquiis
1519 565 1765 606 asportarent3
1793 573 1876 597 cum

244 625 367 657 tamen
385 625 507 657 tantae
531 620 817 656 incontinentiae
841 624 876 655 et
899 617 1121 663 impuritatis
1145 621 1246 659 esset,
1266 620 1306 652 ut
1322 617 1416 652 filias
1438 616 1477 652 in
1500 620 1658 651 matrum
1676 617 1892 660 praesentia.

244 687 462 720 sponsasque
478 675 619 711 maritis
636 676 863 711 intuentibus
875 676 1136 717 corrumperet,
1155 675 1190 707 et
1204 672 1274 706 hoc
1287 683 1376 716 opus
1387 671 1576 716 spirituale
1593 683 1668 706 esse
1683 672 1877 707 asserebat.

245 731 316 772 Qui
340 732 485 767 tandem
509 736 588 776 post
611 732 744 767 multos
766 743 906 767 errores
923 734 958 765 et
973 729 1111 771 caedes,
1130 730 1217 764 dum
1241 727 1444 773 navigaret,
1462 738 1484 761 a
1499 727 1655 771 quodam
1672 728 1881 771 presbytero

244 798 433 831 percussus
456 787 494 822 in
518 787 666 822 cerebro
690 787 861 822 occubuit
875 799 884 829 ;
902 785 962 820 sed
988 795 1054 819 nec
1070 787 1148 828 post
1164 787 1241 826 ejus
1254 787 1408 818 mortem
1425 793 1527 818 error
1541 782 1658 825 ipsius
1673 785 1749 817 tam
1772 783 1882 818 facile

243 842 418 886 extirpari
437 843 565 886 potuit,
584 845 732 887 propter
747 841 842 885 quod
858 852 879 875 a
896 840 1039 875 clericis
1049 839 1121 874 loci
1140 838 1240 874 illius
1256 838 1406 873 ecclesia
1422 849 1505 872 cum
1521 837 1718 881 aliquantis
1732 837 1882 873 redditi-

242 898 310 932 bus
346 908 410 941 per
437 909 585 932 manum
613 896 770 941 episcopi
798 896 976 931 Norberto
1003 894 1206 930 ordinanda
1233 894 1352 935 datur,
1379 897 1562 937 sperantes
1586 892 1681 936 quod
1711 903 1776 936 per
1803 892 1882 933 eius

243 952 438 987 salutarem
463 952 665 987 doctrinam
682 951 846 990 haeresis,
856 950 921 985 illa
937 950 982 984 de
997 949 1116 984 medio
1131 949 1331 984 tolleretur.
1352 948 1454 989 Quod
1477 951 1512 982 et
1527 947 1663 982 factum
1679 951 1743 983 est.
1763 947 1891 992 Siqui-.

244 1007 337 1049 dem,
361 1006 439 1050 ipso
464 1006 683 1051 predicante,
710 1005 918 1050 compuncti
941 1005 1011 1039 viri
1036 1008 1071 1039 et
1094 1004 1276 1045 mulieres,
1297 1015 1427 1047 corpus
1450 1002 1695 1044 Dominicum,
1721 1003 1816 1045 quod
1842 1002 1882 1038 in

243 1060 341 1095 cistis
366 1066 400 1096 et
423 1061 662 1096 foraminibus
684 1072 749 1104 per
772 1060 896 1096 decem
920 1071 1033 1094 annos
1057 1058 1263 1103 etamplius
1280 1061 1527 1103 reposuerant,
1546 1057 1749 1092 attulerunt
1764 1060 1800 1092 et
1816 1068 1880 1103 per

245 1115 322 1150 eius
335 1116 537 1152 doctrinam
554 1117 729 1161 paulatim
747 1117 791 1151 ad
804 1119 967 1151 sanctam
983 1116 1091 1151 fidem
1108 1116 1357 1160 resipuerunt.

591 1190 771 1234 Siyeberti
809 1189 1083 1224 Gemblacensis
1125 1189 1360 1224 Continuatio
1395 1190 1794 1234 Praemonstracensis,
1830 1191 1880 1235 bij

640 1245 758 1287 Pertz,
776 1246 1030 1286 Monumenta,
1045 1245 1259 1289 Scriptores,
1275 1245 1355 1280 deel
1368 1245 1431 1286 VI,
1447 1246 1513 1281 blz.
1531 1250 1608 1284 449.
1623 1265 1668 1271 —
1684 1247 1774 1282 Deze
1789 1247 1883 1283 brok

637 1299 740 1334 komt
763 1299 833 1333 ook
857 1309 946 1333 voor
968 1299 1007 1333 in
1024 1298 1068 1333 de
1091 1299 1299 1334 uittreksels
1313 1300 1374 1334 Εω
1395 1299 1549 1335 alterius
1566 1301 1715 1336 Robertz·
1739 1302 1796 1344 (ac
1811 1301 1881 1337 Ro-

636 1354 728 1388 berti
745 1353 789 1387 de
805 1353 943 1394 Monte)
964 1353 1167 1398 appendice
1188 1354 1239 1388 ad
1255 1354 1494 1398 Siyebertum,
1513 1356 1562 1400 bij
1589 1356 1680 1391 Dom
1701 1357 1881 1399 Bouquet‚

635 1409 798 1450 Recueil,
809 1409 889 1444 deel
902 1408 1003 1451 XIII,
1014 1409 1081 1444 blz.
1095 1411 1158 1445 328
1167 1428 1224 1445 .—
1236 1410 1317 1445 Ook
1334 1411 1561 1456 aangehaald
1577 1412 1666 1448 door
1677 1412 1748 1448 den
1762 1413 1892 1457 schrij..

639 1477 701 1501 ver
718 1477 789 1501 van
804 1467 876 1501 den
894 1464 1092 1509 Gazaioqus
1109 1464 1367 1510 hereticorum,
1383 1467 1546 1503 Heretici
1561 1468 1606 1504 de
1621 1467 1729 1504 litera
1744 1468 1792 1504 T.

1024 1615 1104 1662 17.

309 1747 454 1804 Beyz'n
476 1747 557 1791 der
583 1748 662 1792 12Θ
683 1759 822 1792 eeuw.
850 1746 1089 1792 Uittreksel
1123 1745 1187 1790 uit
1217 1745 1301 1789 den
1328 1745 1616 1790 vermaarden
1634 1745 1880 1804 tijdgenoot

249 1815 518 1861 Abas-lardus
541 1831 646 1861 over
664 1817 899 1862 Tanchelm
921 1831 976 1861 en
998 1816 1110 1874 zijne
1133 1815 1326 1873 ketterij.

295 1940 350 1975 Ad
375 1940 577 1976 haereticos
600 1940 717 1984 venio,
737 1942 800 1985 qui
822 1945 958 1986 quanto
981 1941 1263 1983 domesticiores,
1288 1943 1392 1976 tanto
1415 1944 1569 1984 pejores,
1587 1938 1756 1975 civilibus
1777 1939 1884 1975 bellis

248 1995 452 2040 inquietare
478 1995 668 2031 ecclesiam
685 2008 758 2032 non
774 2001 930 2032 cessant·
952 1998 1070 2041 Atque
1086 2001 1129 2032 ut
1150 1996 1196 2032 ad
1211 1999 1337 2031 nostra
1352 1995 1540 2030 veniamus
1555 1998 1732 2039 tempora,
1749 1995 1883 2039 quibus

245 2052 321 2093 jam
339 2051 442 2086 aiunt
465 2051 553 2086 adeo
577 2063 758 2095 repressos
781 2064 855 2087 esse
879 2056 920 2087 ut
931 2056 1010 2096 jam
1033 2052 1134 2087 nullo
1159 2051 1244 2086 fidei
1259 2051 1493 2086 fundamento
1510 2051 1557 2085 sit
1577 2061 1679 2095 opus,
1697 2049 1816 2086 nullos
1842 2050 1883 2085 in

249 2110 391 2141 tantum
408 2107 496 2142 olim
515 2107 691 2142 insaniam
708 2107 939 2152 prorupuisse
955 2107 1156 2143 haereticos
1172 2107 1363 2150 quisquam
1378 2105 1546 2147 audierit,
1563 2109 1699 2149 quanta
1716 2106 1882 2141 nonnulli

250 2167 637 2207 contemporaneorum
650 2167 857 2198 nostrorum
871 2163 1084 2199 debacchati
1098 2168 1182 2199 sunt
1195 2174 1203 2198 :
1221 2163 1467 2206 Tanquclmus
1479 2162 1627 2206 quidam
1639 2162 1755 2197 laicus
1766 2174 1884 2207 nuper

250 2218 290 2252 in
308 2218 492 2259 Flandria,
512 2218 642 2253 Petrus
657 2219 843 2263 presbyter
859 2230 975 2263 nuper
990 2218 1029 2253 in
1043 2217 1251 2260 Provincia,
1265 2222 1307 2252 ut
1323 2229 1366 2252 ex
1377 2217 1502 2252 multis
1517 2217 1656 2261 aliquos
1668 2217 1707 2252 in
1723 2217 1883 2253 medium

250 2273 507 2317 producamus.
530 2273 692 2314 Quorum
713 2274 859 2316 quidem
883 2274 985 2315 alter,
1007 2273 1252 2317 Tanquelmus
1275 2273 1426 2312 scilicet.
1445 2272 1485 2307 in
1507 2276 1647 2307 tantam
1665 2284 1702 2307 se
1719 2276 1884 2308 erexerat

251 2328 481 2370 dementiam,
508 2332 548 2363 ut
570 2340 607 2370 se
631 2328 697 2363 Dei
720 2328 837 2363 filium
859 2328 1013 2363 vocitari
1052 2333 1160 2372 atque
1183 2328 1371 2364 decantari
1394 2330 1429 2362 et
1453 2338 1474 2361 a
1498 2328 1645 2363 seducto
1668 2328 1814 2372 populo,
1840 2330 1884 2363 ut

253 2383 399 2424 dicitur,
417 2384 591 2427 templum
607 2383 793 2418 aedificari
808 2383 878 2417 sibi
893 2383 1044 2418 faceret.
1058 2407 1065 2415 .
1078 2405 1088 2415 .
1100 2406 1110 2416 .

600 2455 647 2490 Ρ.
668 2454 863 2489 Abaelardi
887 2453 1115 2489 Introductio
1139 2454 1191 2489 ad
1213 2453 1438 2499 theoloqiam
1461 2453 1546 2498 (Ed.
1569 2453 1714 2496 Cousin,
1732 2453 1812 2490 deel
1833 2453 1883 2496 11,

641 2511 712 2546 blz.
735 2511 861 2553 83-84).

1023 2591 1101 2634 18.

316 2720 456 2772 1115,
471 2720 763 2778 Antwerpen.
787 2720 1040 2772 Tanchelm,
1057 2719 1125 2762 die
1142 2719 1256 2776 ziJne
1273 2718 1450 2776 ketterij
1470 2730 1575 2761 over
1590 2715 1881 2773 Antwerpen‚

253 2789 282 2832 ’t
306 2788 449 2831 eiland
467 2790 729 2833 Walchelen
753 2804 808 2833 en
831 2790 882 2832 de
906 2789 1179 2846 omliggende
1204 2788 1403 2832 eilanden
1427 2801 1481 2830 en
1503 2784 1767 2829 kustlanden
1785 2798 1885 2828 ver-

255 2858 398 2913 spreid
429 2857 531 2910 had,
566 2859 711 2901 wordt
748 2862 791 2901 te
823 2859 1095 2914 Antwerpen
1128 2856 1373 2910 vermoord,
1410 2859 1508 2912 zegt
1540 2868 1621 2898 een
1653 2854 1887 2911 vervolger

255 2940 341 2970 van
363 2926 559 2986 Sigebert
581 2941 667 2972 van
688 2927 941 2972 Gembloers
964 2927 1058 2985 (12e
1080 2926 1248 2984 eeuw).
1348 2932 1351 2933 ’

2057 800 2061 808 Α
2044 701 2064 730 ὲ,
2047 554 2066 659 1⁶„vss‘„
