2097 3466
751 230 883 265 ANNO
915 232 1035 270 1451,
1063 231 1164 264 1452
1708 232 1772 264 333

141 326 177 359 et
198 323 301 357 finito
326 322 535 366 hujusmodi
563 322 734 364 triennio,
763 322 938 362 cilicium,
957 323 1051 365 quod
1077 322 1142 357 tibi
1162 321 1433 366 presencialiter
1450 321 1646 362 offerimus.
1664 333 1772 365 super

141 388 250 413 carne
272 380 336 412 tua
358 377 455 411 nuda
478 387 542 420 per
564 381 637 411 tres
661 388 799 411 menses
822 378 1015 411 continuos
1046 383 1178 411 extunc
1203 376 1464 419 computandos
1487 376 1708 411 induendum
1730 387 1771 410 ac

141 432 394 474 deferendum3
421 443 576 466 unacum
602 432 766 476 expensis
791 432 1006 476 promotoris
1031 431 1139 465 officii
1158 431 1270 465 nostri
1288 442 1412 465 earum
1438 431 1773 474 taxationejudicio

142 490 264 521 nostro
281 491 462 520 reservata
478 487 786 530 condempnamns
806 487 1071 522 sententialiter
1087 485 1298 521 diffiniendo
1316 486 1352 519 in
1371 485 1428 519 his
1442 485 1598 529 scriptis.

184 540 374 575 Monentes
395 546 503 584 prout
519 547 554 576 et
579 543 615 576 in
640 541 696 575 his
719 542 850 576 eisdem
876 542 1020 585 scriptis
1047 546 1080 576 te
1106 540 1228 580 semel,
1255 541 1411 574 secundo
1436 546 1470 574 ot
1494 541 1607 574 tercio
1631 552 1774 583 unaque

142 594 340 629 monitione
370 596 544 629 canonica
576 602 611 630 et
642 597 886 640 peremptoria
922 607 984 639 pio
1016 596 1184 630 omnibus
1215 596 1252 629 in
1286 595 1420 628 virtute
1450 594 1619 629 solemnis
1650 606 1714 638 per
1741 602 1775 629 te

141 649 282 693 prestiti
304 650 515 693 juramenti,
541 662 727 685 monemus
751 651 922 694 quatinus
946 650 1005 684 lm·
1031 650 1210 693 patienter
1239 649 1420 692 predictas
1448 660 1573 684 cruces
1600 660 1773 690 assumas,

140 705 302 739 cilicium
319 710 480 748 tempore
496 705 750 749 predesignato
775 705 1008 740 deserendum
1034 708 1209 746 acceptes,
1229 707 1262 737 te
1279 704 1387 737 etiam
1405 702 1526 736 debita
1550 714 1631 736 cum
1657 703 1774 738 humi-

140 759 242 794 litate
257 760 402 803 publice
418 759 658 802 predicationi
676 760 734 793 die.
752 758 1005 803 prenominata
1029 759 1145 792 fiende
1171 769 1309 793 necnon
1327 763 1362 791 et
1379 762 1500 800 postea
1521 759 1626 791 modo
1650 770 1773 801 supra·

140 814 238 849 dicto
261 826 384 850 coram
412 814 515 848 nobis
541 820 775 857 representes,
803 825 968 849 carceres
992 813 1212 857 ingrediaris
1243 817 1431 855 totumque
1456 813 1631 856 presentis
1655 817 1775 847 nostre

140 869 317 904 sententie
339 873 501 904 tenorem
525 868 766 903 effectualiter
788 869 998 912 adimpleas,
1025 866 1327 910 quemadmodum
1351 870 1478 910 sponte
1501 870 1537 901 et
1567 867 1776 902 solemniter

140 923 360 968 promisisti3
387 935 470 958 cum
499 923 729 958 intimatione
754 923 831 964 tali,
859 924 953 966 quod
970 923 1000 957 si
1019 934 1144 957 cruces
1172 922 1378 966 hujusmodi
1406 921 1680 965 presencialiter
1703 933 1776 956 non

141 978 386 1023 assumpseris,
416 977 537 1012 cilicio
564 989 629 1022 per
655 982 797 1021 tempus
827 989 1101 1021 preexpressum
1133 989 1218 1011 usus
1246 987 1319 1011 non
1348 977 1459 1011 fueris
1490 976 1775 1020 predicationive

140 1034 302 1078 predicte
318 1045 390 1069 non
405 1033 615 1068 interfueris
631 1037 695 1067 aut
711 1038 790 1076 post
806 1033 907 1067 illam
924 1033 962 1067 in
978 1044 1042 1076 per
1059 1037 1094 1067 te
1110 1043 1232 1067 coram
1251 1031 1353 1067 nobis
1371 1032 1536 1067 facienda
1552 1037 1774 1075 representa-

141 1088 240 1124 tione
268 1100 331 1124 seu
362 1089 490 1132 quavis
519 1089 592 1123 alia
622 1088 689 1123 tibi
721 1099 785 1132 per
818 1088 912 1123 hanc
943 1093 1104 1123 nostram
1139 1088 1356 1123 sententiam
1397 1088 1534 1123 indicta
1571 1088 1775 1132 penitencia

140 1144 348 1188 peragenda
370 1144 615 1187 defectuosum
632 1147 679 1184 te,
697 1143 794 1186 quod
811 1143 916 1184 absit,
935 1142 1137 1178 reddideris
1161 1146 1224 1177 aut
1245 1153 1428 1178 morosum
1452 1142 1528 1176 sive
1550 1147 1678 1177 contra
1699 1143 1774 1184 illa,

139 1209 210 1242 que
226 1200 266 1234 in
281 1199 439 1243 presenti
449 1197 590 1242 judicio
605 1198 795 1241 revocasti,
807 1197 995 1241 abjurasti,
1013 1197 1211 1241 promisisti
1227 1201 1262 1232 et
1273 1198 1407 1240 jurasti
1421 1197 1479 1232 vel
1494 1208 1620 1232 eorum
1637 1198 1772 1241 aliqua,

139 1253 283 1289 voveris
305 1257 368 1288 aut
395 1254 522 1288 feceris
549 1253 751 1287 confessata
779 1252 948 1297 negando
971 1255 1035 1287 aut
1058 1252 1148 1286 alias
1179 1252 1416 1295 quovismodo
1442 1256 1478 1287 te
1503 1252 1774 1296 impenitentem

141 1308 313 1344 exhibere
339 1309 612 1352 presumpseris‚
638 1318 703 1341 nos
726 1318 868 1341 exnunc
892 1310 1001 1350 prout
1024 1310 1157 1341 extunc
1181 1312 1216 1341 et
1239 1309 1372 1341 extunc
1396 1310 1504 1350 prout
1526 1317 1670 1341 exnunc
1692 1318 1775 1341 cum

141 1363 224 1399 aliis
239 1363 341 1408 penis
356 1364 395 1398 in
411 1362 500 1397 tales
517 1373 537 1396 a
549 1366 634 1406 jure
650 1362 892 1406 promulgatis
915 1364 950 1396 te
973 1360 1120 1395 vinculo
1144 1360 1532 1395 excommunicationis
1559 1361 1775 1396 innodamus

140 1422 267 1454 contra
290 1422 326 1452 te
348 1421 533 1461 tamquam
559 1420 760 1460 perjurum,
779 1415 1065 1460 impenitentem,
1084 1415 1376 1459 incorrigibilem
1392 1415 1481 1450 etin
1498 1414 1653 1450 heresim
1675 1419 1774 1450 ante-

140 1477 275 1510 tactam
292 1473 472 1517 relapsum
495 1473 692 1506 secundum
717 1472 920 1506 sanctiones
942 1471 1138 1505 canonicas
1161 1482 1425 1514 processurum,
1444 1471 1641 1506 retinentes
1658 1471 1775 1506 nichi-

140 1528 298 1564 lominus
324 1527 622 1563 reverendissimo
652 1527 799 1561 domino
830 1530 954 1561 nostro
979 1525 1231 1560 Cameracensi
1260 1530 1295 1560 et
1320 1527 1424 1560 nobis
1453 1527 1707 1561 auctoritatem
1739 1532 1775 1561 et

141 1584 341 1628 plenariam
367 1584 576 1618 facultatem
605 1584 643 1618 in
668 1588 702 1618 et
726 1583 824 1617 circa
840 1582 1014 1626 premissa
1030 1582 1268 1625 aggravandi‚
1287 1581 1527 1624 diminuendi,
1546 1582 1771 1624 moderandi,

141 1638 359 1674 immutandi
387 1650 450 1674 seu
482 1639 521 1672 in
551 1642 667 1673 totum
699 1649 809 1682 penas
841 1637 1022 1682 predictas
1053 1637 1253 1679 relaxandi,
1287 1642 1396 1680 prout
1426 1637 1544 1670 visum
1577 1638 1687 1672 fuerit
1716 1638 1773 1672 vel

141 1694 377 1738 imposterum
403 1693 588 1728 videretur
614 1693 795 1737 expedire.
828 1693 868 1727 In
895 1703 1052 1736 quorum
1083 1692 1247 1727 omnium
1275 1696 1310 1726 et
1340 1691 1570 1736 singulorum
1602 1692 1709 1727 fidem
1739 1699 1774 1726 et

141 1748 389 1784 testimonium
406 1748 665 1792 premissorum
681 1747 846 1791 sigillum
862 1747 956 1781 sedis
974 1747 1256 1788 Cameracensis,
1274 1757 1346 1789 quo
1363 1747 1501 1781 utimur
1517 1747 1556 1781 in
1574 1746 1641 1780 hac
1658 1750 1770 1790 parte,

141 1805 367 1850 presentibus
382 1805 553 1840 duximus
569 1804 834 1848 apponendum.

187 1862 319 1896 Datum
343 1864 378 1895 et
401 1863 522 1895 actum
551 1859 737 1894 Cameraci
766 1862 850 1893 ante
879 1859 973 1893 fores
1001 1858 1127 1902 palatii
1155 1857 1369 1901 episcopalis
1397 1856 1677 1899 Cameracensis,
1696 1862 1774 1901 post

143 1915 426 1959 predicationem
443 1925 506 1958 per
522 1925 586 1949 nos
600 1914 853 1957 inquisitorem
872 1914 1076 1957 predictum
1101 1913 1292 1948 adversum
1310 1913 1428 1957 ipsum
1444 1913 1463 1947 J
1468 1914 1620 1948 acobum
1637 1914 1773 1948 Acarin

142 1971 295 2015 desuper
310 1970 453 2015 publice
471 1971 615 2009 factam,
635 1970 821 2004 nonnullis
838 1969 1003 2014 patribus
1021 1974 1055 2004 et
1071 1968 1228 2003 dominis
1244 1973 1318 2003 tarn
1343 1970 1381 2002 in
1397 1979 1499 2003 sacra
1517 1969 1651 2012 pagina
1665 1979 1774 2011 quam

142 2025 277 2070 injure
293 2026 418 2070 peritis
434 2036 475 2060 ac
492 2025 616 2068 populi
634 2023 870 2059 multitudine
886 2024 1030 2067 copiosa
1047 2023 1286 2066 presentibus,
1302 2034 1398 2057 anno
1417 2022 1563 2056 Domini
1582 2022 1774 2056 millesimo

142 2081 500 2124 quadringentesimo
530 2080 831 2124 quinquagesimo
863 2080 993 2123 primo,
1026 2080 1187 2120 sabbato,
1220 2078 1311 2114 hora
1342 2077 1606 2113 decantationis
1635 2089 1774 2112 summe

142 2136 250 2170 misse
279 2135 318 2170 in
348 2135 500 2170 ecclesia
531 2135 795 2176 Cameracensi,
829 2138 908 2177 post
938 2134 1069 2168 festum
1103 2135 1291 2168 beatorum
1325 2133 1568 2176 apostolorum
1609 2131 1707 2167 Petri
1739 2137 1774 2166 et

144 2192 264 2234 Pauli,
280 2191 418 2226 scilicet
434 2191 491 2226 die
508 2191 616 2226 tertia
631 2191 764 2226 mensis
780 2190 884 2225 Julii.

189 2246 258 2291 (Op
274 2246 342 2280 den
361 2246 503 2290 omslaq
521 2247 549 2287 t)
567 2245 638 2280 Per
653 2245 818 2280 dominos
836 2245 1002 2286 vicarios,
1021 2245 1061 2279 A.
1082 2244 1124 2279 de
1144 2243 1250 2279 Rota.

494 2324 725 2359 Provinciaal
748 2323 892 2358 archies
912 2335 979 2357 van
1009 2324 1164 2367 Bergen,
1192 2322 1383 2366 Register:
1416 2323 1639 2365 Inquisition
1667 2322 1711 2355 de
1735 2322 1772 2356 Ia

534 2379 587 2423 foi
612 2390 654 2412 en
679 2379 860 2421 Habeant,
891 2379 952 2412 fol.
981 2381 1011 2412 1.
1043 2378 1247 2422 (Origineel
1278 2376 1361 2411 stuk
1390 2388 1435 2420 op
1460 2377 1673 2420 perkament
1699 2381 1773 2412 met

537 2435 714 2477 fragment
729 2445 798 2468 van
815 2433 1027 2477 asliangend
1046 2444 1160 2477 groen
1177 2443 1312 2466 wassen
1329 2431 1455 2475 zegel.)

893 2560 1015 2605 293.

211 2688 347 2741 1452,
395 2686 647 2732 November
689 2689 734 2739 2,
781 2687 1257 2731 Clectcons-sm·-Sa‹5ne.
1308 2685 1546 2729 Uittreksel
1589 2687 1651 2729 uit
1692 2701 1770 2729 een

146 2758 267 2801 werk
305 2772 390 2801 van
428 2758 510 2801 den
548 2757 789 2814 tijdgenoot
825 2757 908 2799 Jan
946 2756 1166 2807 Germain‚
1204 2755 1401 2811 bisscliop
1438 2769 1522 2798 van
1565 2754 1767 2806 Chalons,

146 2827 419 2884 opgedragen
441 2841 524 2870 aan
547 2827 630 2869 den
653 2825 783 2882 graaf
795 2840 876 2868 van
901 2825 1140 2875 Charolais,
1163 2838 1266 2867 over
1287 2825 1339 2867 de
1362 2824 1765 2881 krachtdadigheid,

146 2897 390 2940 waarmede
412 2897 499 2952 zijn
521 2895 654 2938 vader
675 2895 726 2938 de
749 2895 905 2951 hertog
929 2894 1094 2950 Philips
1112 2908 1194 2937 van
1214 2893 1487 2949 Bourgondie
1509 2893 1561 2937 de
1583 2894 1766 2944 ketters,
