2097 3466
733 221 870 261 ANNO
895 238 930 261 c.
964 227 1065 262 1115
1677 226 1734 263 23-

83 318 194 355 tionis
209 319 344 356 ibidem
357 321 668 366 opportunitatem
682 321 834 357 invenit.
849 322 938 357 Erat
951 323 1096 366 quidem
1114 321 1176 356 ille
1190 321 1488 356 sceleratissimus
1504 322 1540 355 et
1555 320 1719 355 christia-

84 386 152 410 nae
181 376 265 410 fidei
293 382 329 412 et
355 377 466 412 totius
491 377 681 421 religionis
705 378 877 412 inimicus
902 378 938 412 in
956 383 1097 412 tantum
1116 382 1156 412 ut
1179 377 1392 420 obsequium
1410 376 1660 420 episcoporum
1686 381 1720 411 et

83 432 312 466 sacerdotum
345 432 460 467 nichil
492 445 567 468 esse
599 434 747 475 diceret,
783 439 817 469 et
848 434 1070 469 sacrosancti
1102 434 1266 477 corporis
1296 438 1331 467 et
1359 432 1548 476 sanguinis
1574 432 1719 467 Domini

83 486 198 520 nostri
221 486 308 521 Jesu
333 486 468 522 Christi
494 489 763 532 perceptionem
787 489 831 523 ad
856 490 1008 524 salutem
1034 492 1248 532 perpetuam
1266 487 1433 531 prodesse
1449 488 1656 532 denegaret.
1678 488 1718 523 In

83 552 190 585 quem
208 553 369 578 errorem
388 543 545 578 multum
563 545 737 588 populum
763 550 882 580 terrae
906 545 1004 579 illius
1028 545 1184 583 induxit,
1212 545 1263 578 ita
1287 547 1326 577 ut
1352 543 1388 578 in
1413 544 1580 578 omnibus
1597 545 1719 579 crede·

83 602 166 634 rent
189 599 234 640 ei,
260 603 295 634 et
319 604 558 643 sequerentur
584 613 667 635 eum
692 601 840 637 circiter
864 603 937 636 tria
961 601 1078 636 millia
1095 604 1353 645 pugnatorum,
1376 612 1441 634 nec
1466 604 1544 634 erat
1567 601 1639 634 dux
1657 605 1720 636 aut

83 653 251 699 princeps
273 654 336 699 qui
361 655 393 690 ei
417 660 629 691 occurreret
652 661 716 691 aut
740 658 935 692 resisteret.
953 657 1123 691 Vestibus
1147 656 1330 691 deauratis
1354 656 1602 690 circumdatus
1626 661 1715 698 erat,

82 719 172 743 auro
203 709 349 745 intortis
383 710 548 745 crinibus
571 715 606 745 et
647 712 842 756 multiplici
867 715 998 746 ornatu
1028 711 1226 755 refulgens,
1253 710 1399 755 Magnis
1426 722 1569 754 quoque
1597 711 1718 746 convi-

82 763 227 798 viorum
259 765 492 809 apparatibus
523 770 559 800 et
589 767 708 801 verbis
746 766 1046 810 persuasibilibus
1077 766 1122 800 ad
1153 766 1396 800 seducendum
1428 766 1717 800 benevolentiam

83 819 293 855 auditorum
319 821 568 856 exhauriebat.
588 821 659 857 Res
682 822 776 858 mira
799 828 835 858 et
857 823 1057 867 stupenda!
1086 822 1255 856 balneum
1282 825 1357 865 eJ‘us
1382 820 1553 856 bibebant
1577 826 1610 856 et
1635 822 1717 856 reli-

82 874 254 918 quiarum
278 875 358 910 loco
375 880 600 920 asportantes
624 878 878 920 recondebant,
905 883 940 913 et
964 878 1046 912 aliis
1069 877 1295 912 multimodis
1319 876 1538 920 turpissimis
1555 881 1589 911 et
1605 877 1718 912 detes-

82 931 202 966 tandis
228 932 518 967 execrationibus
557 945 633 968 sese
664 934 871 969 voluntarie
911 934 1160 978 implicabant,
1193 933 1244 967 ita
1271 936 1312 967 ut
1338 932 1550 976 pestiferum
1583 933 1719 967 malum

81 989 162 1030 post
178 992 332 1022 mortem
349 988 459 1022 etiam
476 988 589 1032 ipsius
605 989 781 1025 haeretici
806 990 1014 1025 nullatenus
1031 989 1222 1032 exstirpari
1241 989 1412 1032 potuerit.
1432 988 1520 1023 Erat
1539 989 1575 1023 in
1592 989 1716 1023 eodem

81 1043 213 1087 oppido
229 1045 468 1089 congregatio
485 1045 676 1080 duodecim
694 1046 925 1087 clericorum,
944 1045 1007 1090 qui
1031 1044 1166 1080 erroris
1183 1045 1292 1079 huius
1316 1045 1527 1079 necessitate
1552 1050 1716 1090 cogente,

81 1098 177 1142 patri
196 1098 376 1134 Norbcrto
393 1104 427 1134 et
451 1100 625 1135 fratribus
643 1101 720 1135 eius
739 1112 800 1144 per
817 1112 965 1136 manum
989 1100 1147 1144 episcopi
1165 1100 1220 1134 sui
1239 1102 1388 1134 eandem
1407 1099 1596 1134 ecclesiam
1613 1113 1714 1136 suam

81 1165 163 1189 cum
187 1154 371 1198 aliquibus
394 1155 572 1190 reditibus
599 1156 674 1191 suis
697 1157 886 1198 dederunt,
913 1160 1098 1200 sperantes
1124 1155 1220 1200 quod
1248 1156 1388 1190 meritis
1411 1157 1571 1191 eiusdem
1602 1157 1717 1200 patris

81 1215 117 1246 et
143 1212 277 1246 fratum
301 1223 450 1247 suorum
481 1213 689 1248 multiferae
713 1214 822 1257 pestis
846 1213 1038 1248 tolleretur
1061 1212 1224 1253 saevitia,
1243 1215 1279 1247 et
1303 1212 1461 1247 tenebris
1486 1213 1717 1258 ignorantiae

80 1267 251 1313 depulsis,
269 1268 392 1303 lumen
409 1269 575 1304 veritatis
598 1270 865 1305 infunderetur.
887 1270 1060 1312 Suscepta
1083 1271 1135 1303 est
1160 1280 1181 1303 a
1207 1268 1386 1303 Norberto
1403 1268 1527 1304 eadem
1552 1269 1716 1311 ecclesia,

80 1326 116 1359 et
138 1324 292 1367 praefati
317 1324 442 1360 clerici
467 1324 505 1359 in
533 1326 656 1360 eodem
681 1325 814 1369 oppido
839 1325 949 1359 aliam
978 1324 1046 1359 sibi
1072 1323 1358 1359 aedificaverunt
1390 1324 1592 1362 ecclesiam.
1626 1336 1719 1368 quae

78 1383 254 1424 utraeque
281 1384 428 1415 manent
454 1392 567 1424 usque
599 1381 637 1415 in
667 1381 887 1415 hodiernum
914 1381 1010 1416 diem
1045 1380 1110 1415 Dei
1140 1379 1294 1415 servicio
1320 1380 1559 1424 mancipatae.
1585 1380 1716 1424 Sicque

78 1434 215 1470 factum
232 1439 297 1477 est,
312 1440 353 1471 ut
369 1439 515 1481 gentem
533 1436 647 1477 illam,
662 1447 771 1480 quam
785 1436 954 1472 seductor
971 1436 1034 1471 ille
1049 1435 1225 1480 pessimus
1241 1434 1493 1470 fraudulenter
1508 1436 1712 1478 seduxerat,

79 1489 160 1534 pius
182 1491 412 1535 praedicator
440 1491 643 1526 Norbertus
673 1502 738 1536 per
767 1504 805 1526 se
836 1495 873 1526 et
896 1502 960 1535 per
989 1502 1072 1525 suos
1099 1490 1144 1525 ad
1170 1490 1267 1525 viam
1291 1490 1455 1525 veritatis
1483 1494 1518 1525 et
1547 1490 1715 1527 iusticiae

79 1546 286 1584 reduceret.

435 1614 518 1648 Vita
547 1613 591 1648 N
590 1613 726 1649 orberti
756 1612 1028 1660 archiepiscopi
1054 1612 1404 1658 Maydeburqensis‚
1436 1613 1543 1655 (Vita
1569 1614 1630 1658 A),
1662 1615 1712 1659 bij

470 1669 588 1714 Pertz,
606 1671 861 1713 Monumenta,
878 1669 1092 1715 Scriptores,
1111 1669 1191 1705 deel
1206 1669 1290 1711 XII,
1309 1670 1376 1705 blz.
1394 1670 1460 1705 690
1476 1681 1520 1705 en
1535 1671 1611 1707 691.

849 1836 930 1883 15.

138 1968 283 2025 Beyz'n
315 1967 396 2010 der
431 1967 508 2011 12Θ
539 1978 677 2017 eeuw,
711 1966 1006 2023 Antwerpen.
1036 1965 1274 2009 Uittreksel
1308 1965 1372 2009 uit
1407 1979 1512 2008 eene
1544 1965 1714 2009 tweede

86 2037 185 2080 Vita
206 2035 423 2080 Norbertz'
442 2036 664 2091 (tusschen
688 2037 799 2078 1157
825 2049 877 2078 en
901 2035 1008 2079 1161
1031 2035 1314 2092 gesehreven)
1332 2049 1436 2078 over
1459 2035 1511 2078 de
1533 2035 1709 2092 ketterij

78 2120 162 2149 van
197 2107 433 2149 Tanehelm
464 2120 518 2149 en
551 2106 657 2148 hare
691 2104 1050 2160 onderdrukking
1081 2119 1138 2147 na
1165 2104 1292 2147 dezes
1326 2104 1449 2147 dood.
1496 2131 1527 2134 -
1559 2105 1725 2147 Buiten·

78 2175 265 2232 hetgeen
299 2177 342 2219 in
367 2175 420 2219 de
443 2178 584 2219 eerste
615 2177 713 2219 Vz‘ca
734 2174 944 2218 verhaald
969 2174 1126 2224 wordt,
1154 2174 1313 2217 vinden
1336 2174 1408 2231 wij
1434 2174 1529 2216 hier·
1550 2173 1713 2230 bijzon-

79 2244 297 2288 derheden
336 2258 443 2288 over
478 2244 530 2287 de
568 2244 770 2293 oona-ak,
814 2244 880 2287 die
918 2244 969 2286 de
1007 2243 1285 2299 verbreiding
1323 2257 1406 2286 van
1446 2243 1716 2286 Tanchelm‘s

79 2314 254 2372 ketterij
289 2317 334 2358 te
366 2315 636 2370 Antwerpen
671 2313 1108 2370 vergemakkelijkte,
1136 2312 1341 2370 namelijk
1366 2313 1440 2354 het
1473 2311 1715 2368 onzedelijk

79 2383 243 2440 gedrag
279 2397 365 2427 van
403 2383 487 2428 den
525 2383 707 2439 eenigen
749 2383 937 2439 priester
974 2383 1102 2425 dezer
1139 2382 1264 2425 reeds
1306 2381 1508 2424 bevolkte
1556 2381 1715 2437 plaatS,

79 2453 228 2496 alsook
247 2466 351 2496 over
373 2453 424 2496 de
448 2454 710 2509 maatregels
733 2452 839 2496 door
860 2452 912 2496 de
945 2451 1279 2510 geestelijkheid
1301 2465 1513 2508 genomen
1543 2452 1610 2493 ter
1633 2449 1718 2493 uit-

78 2522 249 2579 roeiing
270 2534 355 2566 van
378 2521 648 2566 Tanchelm’s
671 2525 803 2565 seete.

125 2648 215 2683 Erat
230 2646 407 2691 siquidem
426 2650 462 2682 et
474 2650 526 2682 est
538 2646 759 2691 Antverpiae
774 2647 875 2681 locus
891 2645 1065 2691 oppidum
1093 2646 1360 2690 amplissimum
1376 2648 1411 2680 et
1434 2643 1662 2689 populosum,
1682 2641 1721 2676 in

80 2714 152 2747 quo
176 2715 269 2739 unus
292 2708 370 2738 erat
401 2707 544 2738 tantum
568 2703 747 2744 sacerdos,
773 2702 836 2746 qui
862 2714 987 2737 curam
1014 2701 1126 2738 totius
1149 2702 1274 2746 populi
1299 2701 1434 2736 ibidem
1463 2697 1724 2735 commorantis

79 2758 238 2794 habebat
250 2770 397 2802 regere3
415 2759 474 2794 sed
493 2770 579 2802 prae
596 2758 710 2793 nimia
728 2757 964 2793 multitudine
980 2762 1016 2792 et
1031 2757 1212 2801 frequenti
1231 2756 1457 2801 negligentia
1474 2766 1546 2790 non
1563 2757 1718 2799 poterat,

80 2825 147 2850 nec
159 2814 374 2849 credebatur
399 2815 444 2856 ei,
463 2825 504 2849 eo
527 2814 622 2857 quod
647 2817 682 2848 et
706 2814 793 2856 ipse,
812 2814 915 2857 quasi
942 2813 979 2848 in
1003 2813 1177 2858 coniugio
1199 2817 1233 2847 et
1258 2812 1389 2855 copula
1405 2811 1558 2852 carnali,
1578 2814 1722 2853 neptem

79 2881 181 2905 suam
195 2869 235 2904 in
247 2870 344 2906 linea
359 2870 466 2905 tertia
480 2870 669 2905 manifeste
686 2869 821 2904 sociam
834 2870 890 2904 sui
903 2869 1050 2904 sceleris
1066 2871 1211 2904 fecerat.
1231 2868 1285 2903 Ob
1299 2868 1394 2903 hanc
1407 2878 1553 2902 causam
1568 2865 1725 2910 populus

80 2923 155 2968 ille,
179 2925 282 2970 quasi
305 2937 396 2971 grex
419 2926 498 2962 sine
521 2930 676 2970 pastore,
705 2925 743 2961 in
767 2925 893 2960 multis
921 2936 1087 2961 errorum
1119 2924 1343 2960 vanitatibus
1377 2923 1548 2958 deviabat
1578 2934 1586 2956 :
1625 2920 1722 2956 unde
