2097 3466
778 247 909 282 ANNO
938 249 1038 282 1423
1658 249 1721 282 303

89 342 173 376 ante
196 342 392 384 coeperunt
414 343 450 376 et
465 339 584 376 dicere
608 343 643 376 et,
666 341 796 383 facere,
822 343 955 377 multos
978 340 1173 376 monachos
1196 340 1466 384 sacerdotesque
1487 338 1624 374 ociosos
1646 339 1721 375 suis

88 395 177 431 locis
207 395 396 439 expellere,
428 396 520 430 bona
554 397 700 431 illorum
733 397 902 441 diripere,
937 395 1153 433 tumultuari
1192 399 1266 431 toto
1304 407 1428 440 regno.
1466 395 1718 440 sigismundus

87 450 273 494 Augustus
303 449 468 484 omnibus
496 463 532 485 se
563 451 699 485 viribus
731 451 899 496 objicere,
925 453 985 487 sed
1010 463 1137 496 parum
1162 451 1347 495 proficere,
1374 457 1555 487 crescente
1578 453 1615 487 in
1643 453 1718 488 dies

87 505 331 540 miserandum
357 505 395 540 in
421 506 568 540 modum
593 507 700 547 malo,
735 511 775 542 ut
799 507 930 542 nostris
954 507 1057 551 (proli
1081 506 1195 548 dolor)
1219 506 1328 540 etiam
1357 518 1452 542 nunc
1479 507 1719 552 conspicimus

95 560 220 595 ‘'cuns'
435 605 613 650 Meyerus‚
632 606 796 641 Annales
813 607 1035 647 Flandrz'ae.
1055 607 1115 642 fol·
1135 609 1210 641 204·

848 755 970 800 265.

149 890 287 941 1423,
325 889 461 946 April
492 889 570 940 22,
612 890 801 933 Keulem
843 890 1084 934 Uittreksel
1123 892 1184 935 uit
1223 893 1274 935 de
1312 895 1507 936 statuten
1545 908 1628 936 van
1667 893 1718 936 de

85 960 248 1016 synode
271 965 314 1002 te
336 959 505 1001 Keulen
530 958 635 1001 door
657 960 739 1002 den
764 960 1085 1017 aartsbisschop
1119 961 1320 1004 Diederik
1345 962 1587 1018 gehouden,
1615 977 1720 1005 over

85 1029 160 1072 het
183 1028 520 1072 onderdrukken
544 1042 629 1071 van
655 1029 706 1071 de
728 1029 964 1086 ketterijen
985 1030 1062 1072 der
1084 1030 1348 1073 Wicleffiten
1368 1045 1419 1073 en
1446 1032 1651 1075 Hussiten
1676 1033 1719 1075 in

84 1097 196 1154 zijne
219 1098 474 1155 geestelijke
492 1099 726 1154 provincie.
755 1125 812 1130 —
835 1099 901 1142 Na
924 1099 975 1142 de
996 1100 1329 1156 veroordeeling
1361 1114 1445 1144 van
1479 1100 1555 1143 het
1587 1102 1720 1157 Alge-

85 1181 209 1210 meen
237 1167 425 1211 Concilie
447 1181 532 1210 van
555 1167 771 1211 Constanz
795 1171 925 1224 tegen
959 1168 1026 1211 die
1050 1169 1284 1226 ketterijen
1308 1169 1519 1213 herhaald
1541 1174 1584 1214 te
1617 1170 1720 1212 heb-

83 1235 184 1290 ben,
209 1235 382 1279 beveelt
399 1236 450 1279 de
473 1236 808 1293 aartsbisschop‚
838 1238 911 1280 dat
935 1237 986 1280 de
1008 1238 1176 1281 ketters
1199 1253 1253 1281 en
1276 1240 1425 1282 hunne
1441 1240 1719 1295 aanhangers

84 1304 140 1362 bij
166 1305 249 1348 den
272 1305 474 1362 bisschop
498 1306 575 1348 der
597 1307 738 1362 plaats
762 1306 808 1349 of
826 1306 881 1364 bij
907 1306 957 1349 de
980 1308 1220 1365 pauselijke
1243 1309 1523 1364 inquisiteurs
1547 1312 1721 1352 moeten

85 1375 385 1431 aangeklaagd
408 1388 478 1427 en,
515 1389 591 1418 zoo
628 1376 680 1432 zij
716 1376 972 1428 volharden,
1001 1377 1105 1419 door
1143 1378 1220 1420 het
1256 1378 1502 1435 wereldlijk
1539 1378 1720 1434 gerecht

85 1444 327 1500 uitgeroeid
349 1444 545 1488 worden.
571 1445 713 1488 Alwie
745 1445 895 1488 daarin
929 1445 1212 1502 behulpzaam
1244 1447 1280 1489 is
1309 1447 1454 1490 ofaan
1490 1447 1541 1490 de
1573 1461 1720 1503 gewa-

83 1513 222 1569 pende
253 1513 560 1557 kruistochten
595 1517 726 1569 tegen
765 1515 816 1557 de
849 1515 1017 1559 ketters
1050 1516 1307 1568 deelneemt,
1346 1517 1544 1560 verdient
1581 1530 1718 1559 eenen

83 1581 215 1626 afiaat
246 1596 331 1625 van
364 1584 534 1639 veertig
557 1583 711 1639 dagen.
741 1585 799 1626 De
838 1584 1115 1640 suffraganen
1154 1599 1237 1628 van
1277 1585 1358 1628 den
1398 1584 1719 1641 aartsbisschop

83 1650 264 1695 kunnen
301 1666 350 1695 er
386 1666 474 1709 neg
512 1652 672 1695 andere
711 1652 873 1696 aflaten
897 1653 1139 1711 bijVoegen.
1169 1655 1228 1696 De
1251 1654 1476 1710 predikers
1509 1655 1653 1697 zullen
1677 1656 1721 1696 in

88 1721 237 1764 hunne
270 1735 524 1765 sermoenen
563 1722 640 1765 het
676 1722 779 1765 volk
818 1727 882 1766 tot
920 1724 1056 1779 goede
1089 1723 1271 1768 werken
1304 1738 1548 1767 aanmanen
1588 1738 1640 1766 en
1670 1723 1721 1766 de

88 1791 296 1846 priesters
313 1792 455 1834 zullen
479 1792 523 1833 in
545 1791 597 1834 de
631 1792 891 1834 solemneele
914 1793 1073 1835 missen
1103 1793 1483 1850 geldomhalingen
1517 1794 1627 1836 doen
1651 1807 1719 1835 om

87 1859 170 1903 den
192 1860 345 1904 triomf
361 1861 438 1904 der
458 1861 582 1903 Kerk
604 1874 708 1904 over
730 1861 781 1904 de
802 1861 971 1905 ketters
994 1866 1038 1905 te
1062 1861 1365 1918 bespoedigen.

132 1986 200 2021 IX.
229 1985 364 2021 Contra
383 1986 571 2027 haereses,
582 1990 810 2032 praesertim
841 1988 1078 2033 We'clefficam
1095 1999 1160 2023 seu
1186 1989 1418 2024 Hassicicam
1430 1999 1500 2033 per
1524 1988 1564 2022 id
1580 1994 1722 2033 tempus

87 2043 324 2077 saevientem.

133 2105 306 2141 Haereses
335 2106 674 2151 haereticorumque
705 2107 856 2143 Joannis
888 2108 1048 2149 Wielcffi
1078 2108 1228 2143 ,loannis
1262 2108 1337 2142 Hus
1367 2111 1402 2143 et
1435 2107 1646 2152 Hieronymi
1677 2109 1721 2143 de

91 2162 213 2207 Praga
236 2163 418 2197 doctrinas
441 2176 610 2199 erroneas
634 2164 991 2206 anathematizamus,
1010 2165 1245 2208 reprobamus
1268 2168 1304 2199 et
1327 2163 1487 2199 totaliter
1510 2164 1723 2199 condemna-

90 2231 181 2261 mus,
212 2224 407 2255 asserentes
436 2233 518 2255 cuni
549 2221 710 2256 Concilio
741 2221 901 2266 generali
932 2221 1207 2262 Constantiensi,
1241 2221 1337 2265 quod
1364 2232 1486 2255 omnes
1517 2220 1724 2264 hujusmodi

90 2274 236 2309 articuli
260 2280 324 2310 aut
350 2280 434 2312 sunt
459 2276 601 2320 piarum
618 2277 762 2311 aurium
780 2277 942 2311 offensivi
959 2280 1022 2311 aut
1046 2276 1205 2311 seditiosi
1229 2280 1291 2311 ant
1315 2275 1515 2311 scandalosi
1537 2277 1593 2311 vel
1610 2275 1722 2310 mani-

91 2331 177 2366 feste
204 2342 226 2364 a
253 2332 321 2366 fide
347 2331 443 2366 devii
471 2344 530 2366 seu
551 2343 754 2375 expressam
778 2332 955 2367 haeresim
985 2331 1218 2373 continentes,
1248 2334 1354 2375 prout
1381 2331 1418 2366 in
1446 2332 1622 2366 sententia
1651 2331 1724 2365 lata

92 2390 218 2420 contra
235 2386 348 2421 dictos
365 2387 566 2421 haereticos
582 2392 617 2421 et
634 2387 794 2430 ipsorum
812 2398 979 2431 perversa
995 2387 1165 2430 dogmata
1182 2386 1323 2430 plenius
1339 2386 1554 2421 continetur.

136 2440 364 2484 Quapropter
389 2441 575 2476 universos
593 2445 625 2475 et
644 2441 806 2485 singulos
822 2442 1001 2486 subjectos
1018 2441 1119 2475 nobis
1137 2441 1174 2474 in
1191 2441 1325 2476 virtute
1340 2444 1484 2475 sanctae
1501 2440 1724 2475 obedientiae

92 2496 310 2540 requirimus
335 2501 369 2532 et
393 2497 444 2532 eis
469 2498 722 2542 praecipiendo
739 2499 962 2538 mandamus,
981 2501 1157 2541 quatenus
1179 2498 1216 2531 in
1233 2498 1362 2541 spiritu
1380 2497 1524 2532 virtutis
1542 2497 1605 2532 Dei
1623 2509 1724 2531 exur-

93 2555 228 2596 gentes,
249 2551 285 2586 in
311 2553 576 2596 praedictorum
594 2553 859 2587 haereticorum
885 2564 1054 2596 sequaces
1077 2556 1139 2587 aut
1167 2554 1323 2588 fautores
1346 2553 1402 2587 vel
1427 2555 1665 2596 receptatores
1689 2556 1725 2586 et

93 2619 217 2643 eorum
236 2609 437 2643 doctrinam
463 2610 651 2653 reprobam
676 2621 756 2643 cum
783 2608 965 2653 opusculis
990 2609 1207 2649 memoratis,
1228 2608 1445 2652 ubicumque
1461 2609 1540 2643 illos
1557 2620 1617 2643 seu
1645 2609 1724 2642 illas

94 2662 287 2706 contigerit
314 2664 478 2708 reperiri.
507 2664 701 2707 diligenter
728 2664 920 2708 inquiratis
947 2664 1130 2707 nobisque,
1151 2664 1336 2698 ordinario
1361 2662 1429 2697 loci
1457 2666 1521 2697 aut
1547 2662 1655 2696 alicui
1682 2674 1726 2696 ex

92 2717 367 2762 inquisitoribus
385 2718 588 2752 haereticae
606 2718 792 2762 pravitatis
819 2719 863 2752 ad
889 2718 957 2752 hoe
981 2729 1001 2751 a
1018 2718 1099 2752 sede
1115 2718 1311 2761 apostolica
1335 2717 1513 2761 deputatis
1537 2718 1591 2751 vel
1616 2717 1724 2760 depu-

93 2773 211 2807 tandis
228 2772 386 2815 prodatis
411 2773 467 2807 vel
491 2773 656 2807 reveletis
679 2777 786 2816 atque
811 2772 1156 2816 mediantejustitia,
1176 2773 1205 2807 si
1223 2784 1293 2807 non
1311 2772 1538 2816 resipuerint,
1558 2771 1723 2807 extermi-

70 2856 77 2864 .
93 2828 172 2862 nari
190 2828 346 2863 fideliter
364 2829 576 2872 procuretis.

138 2883 211 2917 Nos
227 2883 323 2917 enim
342 2883 507 2917 omnibus
533 2895 597 2927 per
622 2887 780 2918 nostram
806 2883 1028 2928 provinciam
1055 2884 1270 2924 constitutis,
1299 2883 1468 2918 confessis
1492 2886 1528 2918 et
1551 2882 1727 2923 contritis,

97 2936 159 2982 qui
174 2938 220 2974 ad
235 2938 304 2974 hoc
321 2950 465 2982 operam
485 2938 680 2975 efficaciter
695 2939 860 2975 dederint
882 2942 945 2974 aut
962 2939 1023 2982 qui
1050 2939 1088 2974 in
1113 2938 1339 2983 expeditione
1355 2939 1579 2974 exercituum
1604 2941 1729 2973 contra
