2097 3466
351 274 394 307 38
1024 270 1157 307 ANNO
1183 272 1284 308 1163

348 379 428 404 ram
459 368 639 411 profectus
670 367 720 402 ibi
748 367 888 403 invenit
917 367 1082 402 homines
1108 367 1332 411 depravatoz,
1365 368 1498 403 erroris
1528 369 1674 412 pessimi
1706 373 1914 413 sectatores,
1943 370 1982 406 in

352 422 651 457 Manichaeorum
668 422 786 466 lapsos
809 422 1000 464 haeresim,
1019 423 1080 466 qui
1105 423 1214 467 vulgo
1232 423 1446 467 Populicani
1471 428 1647 459 vocantur
1663 428 1698 460 et
1715 436 1778 468 per
1809 425 1982 468 quasdam

352 477 619 512 observationes
635 488 723 520 quas
739 477 884 520 habent,
904 477 1071 512 meliores
1087 482 1262 521 apparent
1290 489 1398 521 quam
1425 478 1519 521 sint3
1546 482 1581 514 et
1607 480 1636 514 si
1665 481 1756 514 sorte
1783 479 1984 524 prosperati

350 532 496 571 suerint,
520 531 747 574 dispendium
765 543 938 576 magnum
958 531 1026 566 erit
1045 538 1189 566 nostrae
1207 532 1303 573 fidei,
1323 533 1534 575 praesertim
1560 532 1597 567 in
1627 534 1789 577 partibus
1819 534 1892 568 illis
1921 533 1984 570 ubi

352 586 525 629 iniquitas
541 587 734 630 pullulavit
752 590 786 621 et
803 587 943 621 radices
959 587 1067 620 altius
1087 587 1177 621 fixit.
1192 587 1230 621 Si
1246 588 1418 621 voluisset
1435 587 1739 631 archiepiscopus,
1757 588 1983 623 solummodo

351 649 391 679 ut
405 648 568 687 parceret
585 643 719 686 iniquis
736 643 813 678 istis
831 649 865 678 et
885 644 1056 677 toleraret
1073 643 1288 687 pravitatem
1306 643 1412 685 hanc,
1432 655 1497 687 pro
1511 637 1717 687 hujusmodi
1735 644 1983 688 redemptione

348 698 533 733 habuisset
564 698 754 742 pecuniam
786 709 956 742 magnam
989 698 1213 732 nominatam
1239 697 1409 732 videlicet
1436 702 1622 733 sexcentas
1653 699 1797 742 argenti
1828 709 1980 734 marcas.

349 754 442 795 Quia
472 754 566 798 apud
599 766 681 789 eum
712 765 783 788 non
812 755 956 797 patebat
987 754 1060 788 illis
1094 753 1290 798 refugium,
1327 754 1649 796 proclamaverunt
1680 754 1725 788 ad
1759 755 1983 790 audientiam

348 813 517 844 vestram.
537 808 605 843 Sed
619 820 696 843 rem
714 812 787 843 tam
805 819 1033 849 venenosam,
1053 811 1126 843 tam
1141 807 1382 852 perniciosam
1399 808 1610 843 attendebat
1631 807 1847 853 diligentius
1863 812 1984 844 vestra

350 863 527 907 sapientia
551 867 586 898 et
608 863 726 897 velitis
750 866 790 896 ut
821 865 922 896 tanta
954 861 1062 905 pestis
1094 862 1214 905 potius
1246 862 1423 896 evellatur
1452 873 1560 905 quam
1588 863 1753 906 pullulet.
1785 863 1987 898 Precamur

350 920 471 962 itaque
488 918 660 953 attentius
676 929 740 961 pro
756 917 893 951 honore
911 917 993 952 fidei
1012 917 1252 959 Christianae,
1279 919 1320 952 ut
1338 929 1381 952 ex
1405 917 1556 952 consilio
1581 917 1850 961 archiepiscopi
1879 917 1986 952 caris-

348 974 430 1008 simi
451 973 517 1008 filii
541 972 651 1008 vestri
670 984 745 1007 rem
774 972 965 1015 provenire
996 972 1135 1012 sinatis,
1166 975 1206 1005 ut
1240 972 1294 1005 illi
1318 972 1458 1007 scilicet
1481 972 1727 1013 destruantur,
1762 972 1826 1015 qui
1859 975 1986 1007 contra

352 1029 467 1063 Deum
484 1028 698 1072 eriguntur3
719 1033 752 1061 et
775 1027 948 1062 severitas
972 1027 1010 1061 in
1039 1027 1128 1061 tales
1156 1026 1454 1061 commendabilis
1482 1027 1552 1061 erit
1578 1027 1674 1071 apud
1703 1038 1828 1062 omnes
1854 1027 1917 1070 qui
1946 1027 1986 1062 in

350 1084 470 1129 patria
500 1084 563 1118 illa
591 1083 735 1127 pietatis
758 1086 936 1117 amatores
959 1085 1054 1117 sunt.
1083 1083 1129 1116 Et
1152 1083 1182 1116 si
1212 1082 1320 1116 aliter
1349 1081 1508 1126 egeritis,
1536 1093 1608 1116 non
1640 1082 1784 1125 expedit
1821 1081 1984 1117 fidelium

352 1139 544 1180 mentibus,
562 1150 716 1182 quorum
732 1149 900 1172 murmur
916 1148 987 1172 non
1004 1137 1190 1172 sedabitur
1207 1137 1313 1172 facile
1337 1140 1372 1172 et
1394 1137 1432 1170 iu
1464 1137 1728 1180 blasphemiam
1761 1139 1922 1173 vestram
1950 1140 1985 1172 et

349 1198 493 1230 sanetae
511 1193 696 1230 Romanae
713 1192 884 1229 ecclesiae
901 1204 963 1227 ora
980 1193 1332 1237 quamplurimorum
1349 1192 1530 1236 aperietis.
1549 1193 1686 1228 Valete.

698 1271 789 1306 Dom
807 1271 986 1314 Bouquet,
1003 1269 1163 1311 Recuez’l,
1182 1269 1261 1305 deel
1277 1268 1358 1312 XV,
1373 1270 1440 1305 blz.
1459 1272 1543 1305 790.

1128 1401 1212 1445 38.

411 1530 548 1580 1163,
585 1530 789 1574 Januczrz‘
822 1532 894 1580 11,
933 1532 1092 1573 Tours.
1120 1528 1244 1572 Brief
1269 1543 1354 1572 van
1387 1543 1492 1586 paus
1526 1529 1774 1574 Alexander
1805 1531 1867 1574 III
1898 1544 1982 1576 aan

349 1598 573 1656 LodewiJk
596 1599 693 1651 VII,
721 1598 886 1655 koning
904 1613 990 1642 van
1011 1598 1264 1656 Frankrijk‚
1287 1612 1392 1641 over
1412 1598 1581 1642 ketters
1604 1600 1667 1644 uit
1685 1599 1978 1645 Vlaanderen.

349 1692 407 1698 —
429 1669 488 1710 De
509 1681 615 1724 paus
637 1671 737 1724 zegt
760 1671 846 1712 met
870 1681 1095 1725 genoegen
1118 1667 1200 1710 den
1219 1666 1335 1710 brief
1352 1681 1437 1710 van
1460 1668 1543 1711 den
1560 1668 1726 1725 koning
1747 1671 1791 1712 te
1813 1668 1982 1712 hebben

349 1740 616 1793 ontvangen,
643 1738 810 1780 waarin
832 1737 934 1780 deze
956 1738 1114 1780 laatste
1139 1736 1235 1779 hem
1268 1736 1444 1792 spreekt
1466 1750 1571 1780 over
1591 1750 1822 1793 personen,
1848 1737 1916 1781 die
1937 1738 1983 1781 in

350 1806 628 1850 Vlaanderen
659 1820 745 1849 van
767 1806 941 1864 ketterij
977 1805 1142 1848 beticht
1174 1806 1277 1863 ziJ'n.
1303 1805 1498 1862 Eenigen
1523 1806 1650 1849 dezer
1681 1805 1850 1849 hebben
1887 1806 1982 1850 zich

348 1878 436 1919 met
457 1874 635 1918 brieven
662 1874 717 1933 bij
743 1875 826 1919 den
850 1889 957 1932 paus
979 1874 1192 1931 begeven,
1212 1874 1471 1918 bewerende
1494 1875 1575 1932 vrij
1600 1888 1683 1918 van
1702 1876 1786 1918 alle
1802 1875 1978 1933 ketterij

347 1947 391 1988 te
409 1944 511 2002 zijn.
538 1945 629 1987 Dan
662 1944 779 1988 heeft
802 1945 852 1987 de
875 1958 981 2000 paus
1006 1958 1053 1986 ze
1077 1942 1183 1987 voor
1206 1944 1256 1986 de
1289 1943 1534 1987 reehtbank
1556 1957 1641 1987 van
1669 1943 1753 1987 den
1778 1943 1982 1988 aartsbis-

349 2013 479 2070 schop
512 2026 598 2056 van
630 2013 777 2056 Reims
808 2013 958 2056 willen
989 2013 1171 2065 zenden,
1198 2013 1385 2069 hetgeen
1418 2014 1470 2070 zij
1505 2013 1754 2069 weigerden
1785 2016 1829 2056 te
1851 2013 1977 2066 doen,

347 2081 644 2126 verzoekende
679 2096 746 2125 om
780 2082 884 2126 door
915 2082 998 2125 den
1030 2096 1138 2138 paus
1172 2082 1322 2125 zelven
1345 2086 1389 2126 te
1423 2082 1603 2125 worden
1627 2082 1873 2138 gevonnist.
1900 2083 1981 2126 Dat

347 2152 420 2194 wil
444 2151 494 2194 de
518 2165 624 2207 paus
646 2151 736 2195 niet
759 2151 883 2203 doen,
912 2151 1028 2194 aleer
1049 2151 1109 2208 hij
1136 2151 1218 2194 den
1242 2151 1344 2194 raad
1367 2165 1451 2194 van
1474 2151 1556 2194 den
1581 2150 1763 2207 konfflg,
1791 2165 1876 2194 van
1898 2151 1980 2194 den

343 2219 666 2277 aartsbisschop
690 2234 744 2263 en
765 2234 851 2263 van
876 2221 1037 2263 andere
1059 2220 1373 2277 kerkprelaten
1391 2220 1602 2264 daarover
1619 2219 1738 2264 heeft
1756 2220 1980 2277 ingewon-

347 2303 447 2334 nen.
474 2289 634 2333 Vooral
653 2288 736 2332 den
759 2289 922 2346 koniug
945 2289 1019 2333 wil
1040 2289 1092 2333 de
1113 2304 1220 2347 paus
1243 2289 1366 2346 altijd
1389 2289 1434 2332 in
1457 2290 1564 2333 alles
1588 2303 1816 2333 vereeren.

392 2413 597 2448 Alexander
613 2413 811 2458 episeopus,
830 2425 954 2448 servus
969 2424 1156 2449 servorum
1173 2413 1254 2456 Dei,
1270 2414 1456 2448 carissimo
1473 2413 1511 2448 in
1532 2413 1675 2449 Christo
1690 2412 1766 2447 filio
1783 2411 1980 2453 Ludovico,

343 2467 478 2502 illustri
496 2468 722 2503 Francorum
739 2469 830 2513 regi,
849 2469 1001 2504 salutem
1020 2472 1055 2504 et
1071 2469 1307 2512 apostolicam
1324 2468 1632 2503 benedictionem.

387 2522 543 2557 Litteras
556 2534 665 2566 super
681 2523 828 2568 negotio
844 2523 1004 2565 illorum,
1019 2523 1082 2566 qui
1099 2523 1137 2558 in
1154 2523 1350 2558 Flandriae
1367 2523 1531 2566 partibus
1548 2521 1708 2558 haeresis
1726 2524 1944 2567 arguunt-ur,
1959 2532 1982 2556 a

341 2580 405 2611 tua
428 2577 530 2612 nobis
546 2577 759 2613 celsitudine
775 2578 983 2620 destinatas,
1002 2578 1125 2613 debita
1147 2578 1374 2623 benignitate
1395 2578 1630 2622 suscepimus.
1649 2580 1684 2612 et
1708 2589 1833 2612 earum
1857 2580 1981 2612 tenore

341 2631 536 2675 diligenter
549 2632 722 2676 inspecto,
741 2633 777 2667 id
795 2633 1030 2668 excellentiae
1047 2636 1131 2668 tuae
1150 2634 1320 2668 duximus
1335 2633 1591 2675 intimandum,
1610 2632 1720 2676 quod,
1736 2643 1819 2666 cum
1833 2631 1980 2675 quidam

343 2696 385 2720 ex
402 2686 474 2720 illis
490 2697 572 2721 cum
588 2687 752 2730 pluribus
775 2688 906 2723 litteris
933 2691 1056 2723 nostro
1086 2700 1122 2722 se
1158 2688 1376 2732 conspectui
1405 2690 1702 2731 praesentassent,
1721 2690 1918 2722 asserentes
1943 2698 1980 2721 se

341 2741 485 2784 penitus
499 2742 609 2776 totius
625 2742 829 2776 haereticae
852 2741 1042 2785 pravitatis
1059 2741 1258 2783 immunes,
1286 2754 1345 2777 eos
1363 2741 1407 2775 ad
1430 2741 1610 2785 judicium
1626 2740 1843 2776 venerabilis
1858 2740 1982 2775 fratris

340 2796 454 2830 nostri
471 2796 632 2838 Henrici‚
651 2796 839 2832 Remensis
862 2796 1145 2841 archiepiscopi,
1167 2808 1251 2831 cum
1272 2797 1404 2831 nostris
1421 2796 1602 2831 voluimus
1633 2795 1765 2830 litteris
1788 2795 1979 2830 destinare.

343 2849 424 2883 Illis
441 2854 563 2885 tamen
579 2852 623 2885 ad
653 2863 734 2886 eum
755 2852 808 2885 ire
825 2851 1042 2893 nolentibus,
1059 2852 1130 2885 duo
1147 2863 1191 2886 ex
1207 2852 1294 2895 ipsis
1310 2852 1442 2895 absque
1453 2850 1584 2885 litteris
1596 2853 1821 2886 recesserunt
1837 2853 1872 2884 et
1885 2850 1979 2894 apud

340 2915 405 2939 nos
425 2916 538 2950 usque
555 2907 660 2940 modo
679 2909 929 2941 remanserunt
945 2907 1112 2941 nolentes
1131 2906 1253 2949 aliqua
1269 2906 1412 2940 ratione
1436 2905 1582 2946 reverti,
1600 2905 1660 2940 sed
1691 2906 1811 2948 potius
1833 2917 1854 2939 a
1877 2905 1980 2940 nobis

335 2962 441 3003 justo
470 2959 613 3004 judicio
641 2960 815 3005 judicari.
847 2960 920 2995 Nos
952 2962 1083 3002 tamen,
1117 2960 1247 3005 quibus
1279 2960 1318 2996 in
1348 2959 1530 3005 proposito
1560 2970 1700 3004 semper
1730 2962 1766 2997 et
1793 2960 1978 2996 voluntate
