2097 3466
308 276 370 309 508
993 275 1126 310 ANNO
1154 276 1255 310 1515

306 366 599 411 propagationem
616 366 810 401 salubriter
839 370 892 401 est
918 367 1116 408 inventum,
1147 367 1185 402 in
1216 367 1441 402 contrarium
1465 370 1709 410 convertatur,
1728 379 1771 403 ac
1797 367 1933 405 Christi

308 421 468 456 fidelium
494 420 602 455 saluti
626 420 882 456 detrimentum
905 421 1035 466 pariat,
1055 432 1162 466 super
1186 422 1364 457 librorum
1388 421 1622 466 impressione
1639 434 1764 458 curam
1780 425 1942 458 nostram

307 476 507 511 habendam
540 476 615 509 fore
630 475 812 517 duximus,
831 487 875 510 ne
891 476 935 510 de
951 479 1107 512 caetero,
1123 487 1206 510 cum
1233 476 1336 511 bonis
1367 476 1564 511 seminibus
1587 476 1711 520 spinae
1739 477 1943 512 coalescant

307 531 362 564 vel
380 529 566 564 medicinis
590 540 726 564 venena
753 529 1080 565 intermisceantur.
1112 530 1280 565 Volcntes
1310 529 1426 574 igitur
1456 530 1500 564 de
1527 533 1729 573 opportuno
1757 541 1865 574 super
1886 528 1944 564 his

308 584 464 619 remedio
484 583 682 627 providere.
702 584 770 618 hoc
786 595 889 619 sacro
905 585 1128 628 approbante
1145 585 1300 619 concilio
1317 587 1357 619 ut
1370 584 1562 629 negocium
1576 583 1821 628 impressionis
1833 584 1942 619 libro-

308 650 388 673 rum
420 638 626 681 hujusmodi
645 650 686 673 eo
703 642 934 683 prosperetur
952 639 1120 681 foelicius,
1141 651 1211 683 quo
1227 639 1396 684 deinceps
1409 639 1542 684 indago
1555 639 1722 674 solertior
1733 638 1944 684 diligentius

308 698 342 729 et
371 694 513 729 cautius
531 694 736 734 adhibetur,
767 695 958 730 statuimus
974 699 1009 730 ct
1026 696 1248 736 ordinamus,
1267 695 1362 739 quod
1378 695 1421 729 de
1438 698 1580 730 caetero
1604 694 1785 738 perpetuis
1812 693 1946 730 futuris

306 748 528 791 temporibus
557 748 679 782 nullus
706 748 840 783 librum
868 749 1027 792 aliquem
1060 761 1121 784 seu
1152 750 1262 784 aliam
1287 760 1551 793 quamcumque
1582 748 1801 792 scripturam
1815 751 1890 784 tam
1905 747 1946 783 in

309 802 406 837 Urbe
431 805 552 836 nostra
568 814 676 845 quam
700 802 781 836 aliis
806 803 992 846 quibusvis
1031 803 1238 838 civitatibus
1265 806 1300 838 et
1330 802 1545 838 dioecesibus
1561 802 1770 847 imprimere
1792 813 1855 837 seu
1878 801 1945 837 im-

307 856 415 901 primi
433 857 551 891 sacere
568 860 783 900 praesumat,
804 857 872 891 nisi
890 857 989 901 prius
1006 857 1044 892 in
1068 858 1166 892 Urbe
1183 869 1247 901 per
1262 857 1441 892 vicarium
1474 860 1636 892 nostrum
1652 860 1688 892 et
1704 856 1799 892 sacri
1816 855 1947 901 palatii

308 912 536 957 magistrum,
571 912 608 946 in
640 912 722 946 aliis
751 924 836 947 vero
867 912 1073 948 civitatibus
1104 916 1139 948 et
1162 912 1377 947 dioecesibus
1414 923 1478 956 per
1507 911 1716 956 episcopum
1747 911 1805 946 vel
1832 910 1946 946 alium

308 968 500 1002 habentem
531 966 697 1010 peritiam
730 967 900 1002 scientiae
932 968 1017 1003 libri
1049 980 1110 1002 seu
1143 968 1343 1012 scripturae
1371 967 1581 1012 hujusmodi
1612 966 1875 1011 imprimendae
1901 966 1947 1001 ab

308 1022 433 1057 eodem
449 1021 615 1065 episcopo
629 1023 674 1056 ad
686 1022 724 1057 id
736 1023 984 1066 deputandum
1001 1035 1043 1058 ac
1062 1022 1313 1067 inquisitorem
1340 1022 1545 1057 haereticae
1573 1021 1763 1066 pravitatis
1791 1020 1948 1056 civitatis

309 1076 383 1110 sive
399 1075 576 1116 dioecesis,
604 1076 640 1110 in
658 1077 788 1120 quibus
814 1077 991 1112 librorum
1019 1078 1206 1121 impressio
1233 1076 1441 1121 hujusmodi
1459 1077 1571 1118 fieret,
1591 1076 1787 1120 diligenter
1813 1074 1947 1110 exami-

311 1134 452 1171 nentur,
466 1134 500 1165 et
514 1142 577 1174 per
590 1142 715 1165 eorum
731 1142 860 1166 manus
876 1132 1043 1176 propriae
1063 1132 1363 1177 subscriptionem
1390 1132 1456 1166 sub
1473 1129 1859 1167 excommunicationis
1871 1141 1948 1165 sen-

309 1186 422 1221 tentia
437 1186 551 1230 gratis
568 1189 603 1220 et
619 1185 695 1220 sine
712 1186 886 1222 dilatione
902 1187 1157 1231 imponendam
1174 1187 1431 1231 approbentur.

357 1239 427 1280 Qui
452 1243 573 1275 autem
599 1252 700 1275 secus
725 1242 1016 1286 praesumpserit,
1035 1243 1133 1278 ultra
1157 1242 1335 1277 librorum
1365 1241 1623 1285 impressorum
1649 1240 1879 1278 amissionem
1915 1243 1952 1277 et

312 1294 459 1328 illorum
477 1295 658 1337 publicam
677 1296 973 1338 combustionem,
1001 1308 1044 1331 ac
1071 1299 1216 1332 centum
1241 1297 1458 1331 ducatorum
1482 1295 1642 1331 fabricae
1664 1295 1836 1331 basilicae
1851 1295 1949 1340 prin·

313 1348 404 1392 cipis
416 1350 659 1392 apostolorum
676 1350 720 1384 de
737 1350 846 1392 Urbe,
866 1351 943 1386 sine
958 1362 1019 1395 spe
1035 1351 1267 1392 remissionis,
1282 1350 1496 1386 solutionem
1511 1362 1553 1385 ac
1566 1349 1653 1385 anni
1672 1349 1837 1386 continui
1849 1361 1951 1385 exer-

313 1403 390 1437 citii
417 1403 662 1447 impressionis
686 1406 968 1449 suspensionem,
994 1406 1378 1442 excommunicationis
1402 1406 1579 1441 sententia
1594 1406 1789 1441 innodatus
1805 1405 1948 1448 existat,

313 1471 355 1493 ac
370 1459 515 1494 demum
545 1460 817 1504 ingravescente
850 1462 1080 1497 contumacia
1097 1462 1220 1497 taliter
1237 1473 1301 1506 per
1324 1462 1533 1506 episcopum
1557 1473 1664 1496 suum
1687 1457 1745 1496 vel
1768 1460 1948 1509 vicarium

311 1518 474 1549 nostrum
501 1516 698 1559 respective
722 1527 786 1560 per
809 1517 931 1552 omnia
947 1518 1044 1562 juris
1066 1517 1227 1552 remedia
1260 1517 1470 1561 castigetur,
1489 1517 1586 1560 quod
1612 1515 1677 1550 alii
1694 1517 1772 1561 ejus
1786 1516 1950 1560 exemplo

313 1570 446 1604 similia
463 1570 613 1605 minime
628 1574 805 1606 attentare
819 1575 1061 1615 praesumant.

362 1625 463 1659 Nulli
482 1636 581 1669 ergo,
600 1628 668 1660 etc.
690 1625 727 1660 Si
745 1626 837 1669 quis,
855 1630 923 1662 etc.

360 1679 492 1714 Datum
509 1679 648 1714 Romae
664 1679 702 1714 in
718 1680 864 1724 publica
880 1682 1035 1717 sessione
1059 1681 1098 1716 in
1122 1681 1357 1717 Lateranensi
1387 1683 1616 1716 sacrosancta
1645 1680 1797 1716 basilica
1818 1681 1947 1716 solem·

316 1733 411 1768 niter
427 1735 616 1776 celebrata,
636 1747 730 1770 anno
748 1735 1009 1772 incarnationis
1035 1737 1246 1772 Dominicae
1277 1736 1469 1772 millesimo
1502 1735 1792 1781 quingentesimo
1820 1735 1946 1780 quinto

315 1788 467 1830 decimo,
482 1799 528 1824 IV.
545 1801 657 1825 nonas
673 1790 774 1834 Maji,
793 1791 1045 1835 ponctificatus
1060 1793 1173 1828 nostri
1190 1804 1286 1827 anno
1302 1793 1422 1828 tertio.

664 1867 847 1911 Mafflwm
864 1868 1070 1903 bullarium
1083 1870 1308 1910 Romanum,
1328 1869 1406 1904 deel
1422 1869 1451 1911 Ι,
1470 1870 1538 1905 blz.
1553 1871 1617 1905 554
1633 1880 1679 1904 en
1695 1869 1792 1914 volg.

1070 2006 1193 2051 425.

381 2129 517 2179 1515,
544 2131 640 2173 Mez'
660 2131 705 2184 6,
731 2129 893 2186 (Gent).
921 2132 1257 2190 Aanteekening
1279 2148 1384 2178 over
1405 2134 1488 2178 den
1521 2134 1782 2190 inquisiteur
1803 2135 1958 2179 Daniel

321 2197 489 2250 Alaert,
517 2199 792 2254 predikheer‚
821 2201 888 2243 die
911 2201 1062 2245 aldaar
1084 2201 1226 2246 stierf.

363 2320 406 2354 P.
433 2320 561 2356 Daniel
587 2322 723 2364 Alaert,
749 2327 895 2360 sanctae
918 2325 1124 2370 theologiae
1147 2327 1270 2368 lector,
1296 2325 1500 2362 haereticae
1527 2325 1717 2370 pravitatis
1744 2325 1953 2370 inquisitor,

324 2374 416 2410 obiit
430 2386 526 2411 anno
544 2378 640 2419 1515,
659 2377 718 2412 die
734 2381 754 2412 6
771 2378 874 2413 Maii.

672 2454 716 2488 B.
735 2454 788 2489 De
803 2455 957 2500 Jonghe,
978 2456 1152 2501 Belgium
1169 2458 1472 2500 Dommicanum,
1489 2458 1555 2492 blz.
1574 2460 1628 2493 70.

1081 2597 1206 2641 426.

393 2717 531 2768 1515,
557 2719 656 2761 Julz‘
674 2721 718 2768 2,
746 2720 902 2763 Rome.
926 2721 1190 2765 Uittreksels
1209 2722 1271 2766 uit
1293 2723 1346 2765 de
1362 2721 1493 2766 breve
1509 2737 1596 2767 van
1618 2725 1702 2767 Leo
1725 2724 1769 2766 X
1790 2723 1964 2780 gericht

327 2787 393 2827 tot
430 2785 511 2827 den
545 2788 750 2842 generaal
784 2788 862 2831 der
892 2789 1226 2845 predikheeren‚
1259 2791 1437 2850 waarbij
1478 2792 1538 2850 hij
1579 2805 1631 2848 op
1660 2792 1845 2835 verzoek
1875 2804 1963 2834 van

327 2853 476 2905 Karel,
505 2855 625 2910 prins
650 2869 734 2898 van
760 2856 917 2914 SpanJe
939 2872 993 2902 en
1016 2860 1299 2916 aartshertog
1320 2873 1405 2902 van
1429 2859 1697 2918 Oostenrijk‚
1722 2860 1775 2904 de
1797 2860 1963 2905 Neder-

329 2920 536 2965 landsche
572 2925 793 2980 provincie
830 2925 907 2969 der
945 2927 1048 2970 orde
1085 2928 1352 2984 (Inferioris
1394 2929 1670 2974 Germaniae
1697 2926 1964 2987 provincia)
