2097 3466
776 265 909 300 ANNO
935 267 1035 300 1460
1661 268 1724 300 419

85 369 168 394 suas
183 361 218 393 et
234 358 314 393 illas
330 357 579 402 dogmatizare
596 359 768 399 satagunt
792 357 828 391 in
846 356 1049 400 periculum
1073 357 1194 390 anime
1211 368 1286 398 sue,
1307 357 1342 391 in
1362 358 1572 393 scandaium
1599 359 1726 394 matris

84 416 205 448 nostre
231 417 340 456 atque
367 411 610 456 preiudicium
643 417 677 445 et
702 411 846 445 ruinam
872 411 955 445 fidei
984 410 1176 454 catholice,
1205 411 1267 453 qui
1305 412 1429 454 pocius
1453 417 1580 456 optant
1603 412 1729 447 iubere

85 467 228 504 Christo
259 477 368 510 quam
392 468 437 501 ab
468 477 510 501 eo
535 465 727 500 humiliter
750 466 890 500 discere
918 470 953 500 et
977 465 1147 500 discendo
1171 477 1390 508 cognoscere
1414 467 1615 502 veritatem.
1636 467 1730 507 Qua-

84 526 230 565 propter
257 533 340 555 cum
369 521 584 555 difficultate
617 520 684 563 ipsi
710 525 793 555 sunt
819 520 1021 560 vincibiles.
1049 532 1132 554 cum
1157 521 1229 554 sint
1260 521 1466 555 iininansiui
1499 522 1731 566 opinionibus

84 576 158 610 suis
173 577 371 611 secundum
402 576 550 610 verbnm
577 575 783 619 philosophi
802 578 841 609 70
867 575 951 610 Etli.
980 587 1051 610 non
1078 579 1220 610 tantum
1245 581 1393 619 propter
1419 577 1598 612 rationein
1623 588 1733 619 quan-

86 636 163 666 tum
181 636 328 675 propter
344 641 446 665 suam
464 630 755 664 delectationem.

131 685 207 721 Hec
221 686 379 720 dixerim
405 685 470 720 sub
487 686 714 720 correctione
739 696 811 719 non
841 685 1082 729 presumendo
1097 688 1162 719 aut
1186 685 1301 719 ullum
1327 685 1499 720 aduersus
1525 698 1585 721 eos
1608 686 1732 721 odium

86 742 253 783 fouendo,
278 741 339 776 sed
367 741 542 775 aduersus·
572 741 805 784 repudiantes
833 740 978 784 planam
1008 751 1204 783 sanamque
1235 740 1346 774 Jhesu
1372 740 1507 775 Christi
1531 742 1734 776 doctrinam

87 795 347 831 stomachando
365 801 399 830 et
416 806 524 838 super
547 794 716 830 inimicos
735 795 811 829 eius
835 795 1051 830 tabescendo
1076 803 1111 829 et
1134 806 1176 829 eo
1200 796 1318 839 magis
1343 806 1414 838 quo
1438 808 1481 830 ex
1506 796 1576 839 hijs
1596 797 1735 832 maiora

87 850 252 894 pericula
268 849 427 884 eminere
443 850 586 883 conicio
600 850 637 883 in
655 849 725 883 fide
740 848 944 883 orthodoxa
960 848 1031 891 hijs
1043 849 1181 889 diebus,
1197 849 1330 892 quibus
1348 849 1418 884 heu
1436 850 1544 893 redijt
1561 851 1598 885 in
1616 863 1729 896 regno

87 901 261 937 Bohemie
285 903 530 938 hereticorum
555 915 642 938 seua
666 907 871 947 tempestas,
896 904 961 937 Illa
978 903 1118 938 scilicet
1135 904 1268 938 canina
1295 904 1432 939 heresis
1449 910 1556 947 atque
1573 905 1647 948 illa,
1667 919 1737 950 que

88 957 160 991 iam
178 958 373 1000 putabatur
389 965 555 993 emortua
569 959 702 1002 vipera.
717 971 787 1002 que
802 958 961 1000 iamiam,
978 959 1088 1002 procli
1107 959 1222 1001 dolor,
1233 959 1377 1003 erigens
1392 971 1455 1003 per
1469 971 1530 994 vos
1544 962 1730 1005 sociosque

89 1016 226 1046 vestros
249 1014 448 1048 acerrimos
473 1013 608 1048 Christi
635 1013 789 1049 athletas
814 1014 901 1048 olim
923 1014 1122 1048 contritum
1147 1020 1257 1057 caput
1281 1014 1416 1049 Christi
1441 1015 1674 1058 euangelium
1700 1021 1735 1051 et

91 1068 240 1103 ecclesie
255 1081 318 1104 sue
334 1069 588 1111 auctoritatem
607 1074 714 1112 atque
737 1081 844 1103 omne
861 1076 1128 1104 sacramentum
1145 1070 1321 1104 subruere
1338 1074 1445 1113 atque
1464 1071 1734 1114 simplicitatem

93 1123 292 1167 apostolice
308 1124 391 1158 fidei
417 1124 582 1168 polluere
601 1128 636 1159 et
659 1124 809 1159 inficere
832 1130 1002 1159 conatur.
1023 1125 1135 1160 Cuius
1159 1125 1238 1168 filij,
1258 1129 1298 1159 ut
1316 1138 1352 1159 se
1376 1127 1537 1169 aliosque
1559 1127 1740 1161 confiden-

92 1178 167 1213 tius
188 1179 384 1223 decipiant,
403 1190 469 1223 pro
493 1181 711 1214 auctoritate
735 1180 870 1215 erroris
895 1180 950 1214 sui
975 1180 1019 1214 de
1044 1180 1240 1224 purissimo
1264 1192 1452 1216 sacrarum
1475 1183 1740 1225 scripturarum

94 1234 193 1269 fonte
210 1233 388 1269 hauriunt
403 1235 612 1270 testimonia
628 1247 700 1269 non
718 1235 781 1269 illa
806 1235 1086 1279 interpretantes
1103 1243 1142 1269 ut
1167 1236 1302 1279 scripta
1327 1241 1424 1277 sunt,
1442 1236 1502 1271 sed
1528 1237 1653 1279 pocius
1678 1248 1741 1279 per

93 1288 365 1332 simplicitatem
382 1291 562 1334 scripture
587 1290 622 1323 id
640 1290 810 1324 nituntur
833 1289 1001 1333 nequiter
1017 1290 1229 1333 significare
1252 1291 1347 1334 quod
1372 1291 1441 1335 ipsi
1466 1303 1531 1335 pro
1547 1290 1652 1325 libito
1675 1300 1740 1324 suo

93 1348 221 1379 contra
237 1343 316 1378 eius
332 1355 461 1378 sanum
480 1344 707 1380 intellectum
725 1344 953 1388 concipiunt.

139 1398 234 1440 Quia
251 1399 326 1434 dies
342 1399 430 1432 mali
446 1403 541 1439 sunt,
559 1410 705 1434 oremus
719 1403 759 1433 ut
785 1399 880 1433 Deus
904 1399 1003 1442 pacis
1020 1402 1056 1434 et
1080 1399 1244 1434 veritatis
1269 1403 1404 1443 prestet
1427 1399 1529 1434 nobis
1553 1411 1617 1444 per
1640 1411 1742 1435 suam

94 1456 326 1492 clementiam
343 1459 384 1490 ut
399 1459 612 1490 conteratur
628 1455 808 1490 Sathanas
825 1456 996 1492 inuentor
1010 1466 1194 1500 nugarum
1211 1456 1278 1490 sub
1292 1456 1444 1500 pedibus
1460 1456 1743 1491 christianorum

94 1515 130 1548 et
145 1512 327 1547 abiciatur
349 1511 468 1547 omnis
489 1512 632 1548 occasio
656 1523 838 1555 peruersa,
865 1523 910 1547 ne
934 1512 1123 1546 scindatur
1146 1513 1185 1546 in
1208 1517 1324 1547 matre
1348 1516 1472 1547 nostra
1496 1513 1738 1548 universitate

96 1571 132 1603 et
147 1567 299 1603 ecclesia
315 1567 504 1602 vinculum
527 1567 692 1603 caritatis
716 1571 750 1602 et
773 1567 885 1611 pacis,
912 1578 979 1602 nec
1003 1567 1225 1612 impediatur
1249 1568 1450 1611 predicatio
1474 1570 1572 1605 recte
1593 1570 1677 1606 fidei
1701 1581 1743 1604 ac

99 1622 303 1660 indubitate
321 1623 504 1658 veritatis.

142 1678 189 1713 Et
204 1689 278 1720 vos,
299 1677 551 1713 colendissime
568 1677 618 1712 mi
643 1681 845 1722 preceptor,
867 1678 958 1712 bene
975 1681 1016 1713 ut
1038 1681 1124 1722 opto
1146 1678 1263 1714 valete
1279 1682 1315 1714 et
1338 1679 1474 1722 iubete,
1491 1683 1526 1715 et
1543 1680 1581 1715 in
1598 1680 1742 1716 Christo

101 1733 207 1768 Ihesu
235 1744 377 1769 necnon
408 1745 467 1768 me
498 1737 533 1768 et
556 1733 624 1768 hec
648 1733 816 1777 puerilia,
849 1733 1035 1778 incompta
1058 1733 1310 1778 indigestaque
1340 1734 1438 1770 dicta
1468 1736 1571 1771 iuxta
1597 1736 1742 1772 solitam

100 1788 368 1824 humanitatem
384 1792 542 1823 vestram
559 1795 791 1832 supportare.

146 1843 354 1889 Discipulus
368 1848 486 1879 vester
501 1843 521 1878 J
525 1843 687 1879 ohannes
703 1844 747 1879 de
764 1844 901 1879 Econte
922 1844 967 1878 ad
984 1845 1156 1888 obsequia
1173 1849 1337 1889 paratus.

456 1921 496 1956 In
515 1921 576 1956 het
593 1920 818 1964 aanhangsel
835 1920 994 1965 gedrukt
1010 1921 1136 1957 achter
1157 1923 1351 1965 Carlerius,
1370 1923 1449 1958 deel
1466 1923 1510 1958 11.

864 2053 967 2097 342
976 2084 985 2095 .

167 2176 332 2234 (1466,
357 2189 420 2220 na
441 2176 538 2220 chlz'
571 2175 644 2225 19,
683 2176 963 2232 Kamerzjk.)
997 2176 1120 2219 Brief
1150 2191 1233 2220 van
1266 2178 1349 2222 den
1383 2179 1749 2238 Kamerijkschen

109 2244 249 2289 deken
271 2245 438 2290 Carlier
460 2260 543 2289 aan
566 2245 713 2288 Pieter
745 2244 798 2287 de
831 2245 1028 2296 Vauceil‚
1056 2245 1277 2301 professor
1310 2247 1354 2290 in
1387 2249 1439 2291 de
1471 2249 1753 2306 godgeleerd-

109 2315 210 2358 heid
230 2317 276 2358 te
298 2316 456 2374 Parijs‚
479 2329 584 2358 over
605 2315 658 2358 de
681 2320 796 2358 twee
819 2315 1055 2358 verdachte
1078 2315 1310 2372 stellingen
1333 2318 1590 2373 aangaande
1612 2318 1753 2361 Maria

111 2395 164 2424 en
185 2380 226 2426 St
256 2383 339 2426 Jan
374 2383 456 2426 den
489 2384 762 2440 Evangelist.
791 2408 848 2414 —
871 2383 1037 2427 Carlier
1069 2384 1206 2428 dankt
1237 2384 1345 2433 God.
1373 2385 1447 2428 dat
1479 2385 1539 2442 hij
1576 2385 1641 2428 uit
1671 2399 1752 2428 een

112 2451 335 2510 schrijven
368 2466 453 2496 van
478 2452 626 2495 Pieter
660 2452 712 2495 de
749 2453 928 2495 Vauceil
963 2453 1114 2509 gezien
1147 2454 1283 2508 heeft,
1310 2456 1386 2499 dat
1418 2455 1504 2512 zijn
1539 2456 1752 2511 gevoelen

113 2535 218 2565 over
250 2522 354 2566 deze
385 2523 560 2579 ketterij
599 2521 871 2580 biJgetreden
905 2523 1064 2566 wordt.
1102 2524 1170 2580 Hij
1206 2528 1305 2581 zegt
1348 2524 1565 2567 hetzelfde
1598 2525 1754 2568 onder-

113 2593 286 2637 vonden
325 2599 368 2638 te
407 2593 576 2637 hebben
616 2608 830 2650 vanwege
874 2594 967 2637 drie
1010 2595 1287 2638 uitstekende
1326 2596 1646 2652 godgeleerden
1692 2597 1757 2640 uit

115 2663 260 2721 zijnen
289 2664 478 2717 omtrek,
513 2665 596 2707 Jan
636 2663 854 2707 Tinctoris
890 2677 976 2706 van
1008 2663 1213 2715 Doornik,
1255 2666 1338 2707 Jan
1377 2665 1428 2707 de
1472 2667 1636 2708 Econte
1670 2679 1754 2708 van

116 2734 253 2791 Rijsel
296 2748 350 2777 en
383 2733 584 2776 Andreas
617 2733 839 2777 Carnificis
878 2746 961 2775 van
1001 2734 1192 2776 Dowaai.
1230 2734 1470 2790 Overigens
1502 2734 1671 2778 hebben
1706 2734 1758 2777 de

116 2802 586 2858 vicarissen-generaal
620 2816 704 2845 van
737 2802 964 2859 Kamerijk
998 2816 1135 2845 eenen
1169 2804 1365 2856 monnik,
1401 2804 1470 2846 die
1495 2818 1549 2860 op
1580 2804 1756 2848 Goeden

117 2873 305 2931 Vrijdag
327 2873 394 2916 die
426 2874 661 2930 stellingen
685 2873 728 2916 in
752 2873 828 2916 het
850 2872 1186 2930 bisschoppelijk
1210 2874 1344 2929 paleis
1378 2873 1421 2915 in
1445 2886 1524 2915 een
1558 2886 1758 2916 sermoen

119 2943 350 3001 gepredikt
371 2942 475 2997 had,
502 2946 567 2986 tot
591 2957 696 2986 eene
720 2943 937 3000 openbare
962 2943 1215 3003 verklaring
1237 2944 1525 3002 gedwongen‚
1548 2958 1757 2990 waarvan
