2097 3466
339 257 402 287 :³30
1025 255 1157 289 ANNO
1184 256 1284 289 1460

340 348 495 380 tiliorum
519 347 617 381 dedit
632 347 792 387 canibus,
812 358 893 391 ymo
909 347 1112 382 husonibus.
1133 347 1213 390 Ipsa
1237 350 1290 381 est
1305 345 1500 385 homicida,
1521 356 1603 389 ymo
1620 345 1784 389 paricida
1810 356 1871 381 seu
1896 345 1962 381 fili-

338 402 430 439 cida,
458 401 539 443 quia
563 401 676 435 filium
700 413 805 436 suum
828 402 927 436 dedit
949 401 995 441 ci,
1021 401 1082 444 qui
1107 401 1152 435 ab
1177 399 1287 434 inicio
1311 399 1494 435 homicida
1511 403 1600 441 erat,
1620 402 1656 435 et
1671 400 1709 435 in
1726 400 1878 436 veritate
1893 411 1967 436 non

338 456 432 489 stetit
450 455 591 489 demoni
609 455 732 499 utiquo
748 456 905 490 humano
922 454 1046 499 generi
1064 454 1239 498 pertinaci
1257 457 1292 489 ct
1314 453 1537 498 implacabili
1555 453 1717 496 inimico,
1739 466 1845 498 quem
1860 454 1965 499 iugu-

338 510 438 543 lauit.
468 509 545 552 Ipsa
569 509 722 553 denique
745 509 871 544 habuit
892 513 1033 552 pactum
1051 508 1262 551 explicitum
1280 519 1362 542 cum
1381 507 1604 549 demonibus,
1620 519 1664 542 ex
1681 519 1751 552 quo
1767 507 1899 543 iterum
1914 509 1966 543 est

338 563 498 606 ydolatra
517 571 550 597 ct
567 568 727 606 apostata
744 564 941 605 censenda;
963 574 1045 596 nam
1062 563 1105 596 de
1130 562 1318 605 implicato
1345 564 1449 605 pacto
1473 561 1561 605 quid
1584 561 1703 596 minus
1726 564 1789 603 est,
1815 561 1966 596 facultas

338 618 516 661 theologie
544 618 756 653 Parisiensis
779 617 1035 652 determinauit
1050 628 1145 651 anno
1165 619 1260 651 1393.
1283 615 1547 651 Condemnauit
1572 615 1670 650 enim
1698 618 1785 651 tunc
1812 617 1854 651 28
1879 614 1965 651 arti-

337 674 447 713 culos,
467 673 663 716 intorques
679 673 812 708 tercius
828 672 916 707 dicit
934 685 940 706 :
962 690 977 699 u
998 672 1103 713 Quod
1119 671 1212 706 inire
1230 675 1375 715 pactum
1393 671 1545 706 tacitum
1571 671 1629 706 vel
1653 681 1860 714 expressum
1883 680 1967 705 cum

337 727 546 761 demonibus
571 740 642 762 non
664 728 711 763 sit
734 728 912 772 ydolatria
937 728 992 761 vel
1009 727 1142 771 species
1159 726 1336 770 ydolatrie
1354 729 1390 761 et
1406 726 1583 770 apostasie
1601 737 1727 769 error;
1745 742 1762 756 n
1780 725 1967 761 declarans

337 782 422 825 quid
439 782 483 816 sit
500 786 643 826 pactum
661 795 743 817 cum
760 783 971 818 demonibus
987 782 1138 817 tacitum
1155 782 1211 815 vel
1225 781 1442 824 implicitum
1460 781 1512 816 ait
1529 793 1535 815 :
1558 796 1573 809 u
1595 782 1639 816 Et
1655 780 1877 816 intendimus
1892 791 1967 816 esse

336 842 480 880 pactum
498 838 712 881 implimtum
730 838 767 872 in
791 837 888 872 omni
906 836 1153 872 observatione
1170 836 1434 880 supersticiosa,
1454 836 1557 871 cuius
1573 836 1720 871 effectus
1740 847 1814 871 non
1825 835 1930 871 debet
1944 846 1967 870 a

338 893 411 926 Deo
428 893 483 927 vel
501 898 629 927 natura
645 891 911 927 rationabiliter
927 891 1122 935 expectari.
1145 907 1160 919 n

381 947 523 987 Quanta
540 952 659 982 autem
676 946 988 980 animaduersione
1012 948 1152 980 tantum
1177 945 1316 979 facinus
1340 948 1486 989 tamque
1511 956 1656 980 enorme
1681 944 1904 988 puniendum
1920 943 1966 991 sit

337 1003 500 1038 conicere
517 1015 702 1046 possumus
719 1014 761 1037 ex
778 1002 1000 1036 correctione
1024 1002 1218 1036 minorum.
1238 1001 1371 1042 Unum,
1391 1001 1463 1035 iam
1481 1005 1564 1036 sunt
1585 1002 1671 1036 anni
1688 1001 1769 1045 plus
1786 1012 1894 1045 quam
1909 1003 1964 1042 60,

337 1058 380 1091 dc
397 1058 550 1101 quodam
568 1057 731 1097 ferrario,
751 1057 812 1100 qui
830 1057 933 1091 finxit
957 1068 992 1090 se
1017 1057 1205 1090 demonem
1233 1068 1308 1091 esse
1333 1059 1500 1091 vocatum
1528 1057 1684 1097 Astarot,
1716 1058 1757 1090 ut
1780 1055 1967 1090 induceret

337 1111 529 1153 quamdam
546 1111 771 1145 domicellam
790 1111 945 1145 nobilem
963 1111 1024 1145 sed
1048 1122 1242 1154 pauperem
1266 1111 1312 1145 ad
1336 1111 1554 1145 credendum
1581 1109 1650 1145 sibi
1678 1113 1719 1145 ut
1744 1109 1823 1145 eius
1848 1109 1966 1145 medio

336 1165 511 1199 obtineret
528 1165 680 1199 diuicias
695 1178 703 1202 ι
722 1164 783 1208 qui
801 1165 870 1200 fuit
885 1165 1228 1208 condempnatusad
1246 1176 1407 1200 carceres
1424 1165 1507 1199 fidei
1531 1167 1567 1199 et
1589 1165 1822 1200 deferendum
1843 1175 1968 1199 cruces

337 1219 453 1253 crocci
485 1219 615 1253 coloris
645 1219 783 1262 aliquot
815 1219 930 1253 annis.
964 1219 1128 1254 Alterum
1155 1219 1199 1253 de
1223 1218 1365 1263 Redige
1388 1220 1432 1253 de
1458 1218 1579 1259 Sense,
1607 1218 1669 1262 qui
1693 1229 1757 1262 per
1781 1219 1966 1263 figmenta,

338 1274 484 1308 nomina
501 1274 623 1317 ignota
641 1278 675 1308 ct
707 1277 908 1309 caracteres
930 1273 1177 1317 dampnabiles
1202 1273 1442 1317 pollicebatur
1470 1276 1626 1316 quatuor
1651 1272 1849 1317 discipulis,
1880 1283 1969 1316 quos

338 1328 509 1362 discretos
526 1329 687 1369 vocabat,
706 1328 857 1367 (scilicet
875 1329 1069 1363 Guillelmo
1087 1328 1250 1372 Vignier,
1270 1328 1428 1363 Johanni
1447 1328 1562 1370 Lami,
1582 1327 1772 1363 Ambrosio
1789 1327 1966 1368 Maloseil,

339 1394 467 1417 nomen
485 1383 605 1426 quarti
623 1394 694 1416 non
712 1385 826 1424 teneo)
852 1382 1018 1417 inuenire
1041 1382 1228 1417 thesauros
1256 1382 1419 1417 Parisius
1445 1381 1696 1424 absconditos3
1726 1383 1852 1416 contra
1880 1392 1969 1425 quos

337 1438 488 1471 facultas
501 1437 681 1480 theologie
692 1436 917 1478 Parisiensis‚
930 1449 986 1471 me
1000 1440 1099 1477 teste,
1114 1448 1209 1471 anno
1222 1439 1305 1472 1426
1318 1437 1588 1472 determinando
1599 1435 1849 1471 doctrinaliter
1861 1435 1965 1477 dixit,

336 1492 374 1525 in
387 1503 470 1525 casu
485 1491 657 1535 premisso
670 1494 705 1526 et
718 1491 754 1525 in
770 1491 1043 1533 circunstancijs
1057 1491 1223 1526 omnibus
1239 1491 1484 1532 consideratis,
1496 1491 1585 1526 talia
1596 1493 1632 1525 et
1643 1490 1766 1525 taliter
1778 1493 1966 1534 operantes

338 1550 372 1580 et
389 1546 426 1580 in
443 1546 575 1581 talibus
591 1549 664 1581 tam
678 1546 865 1581 manifeste
878 1546 1051 1589 comperti
1065 1550 1148 1581 sunt
1161 1546 1388 1581 inuocatores
1401 1547 1605 1587 demonum,
1620 1545 1783 1589 ydolatre
1800 1545 1968 1581 censendi

337 1612 379 1634 ac
395 1601 548 1644 suspecti
567 1601 604 1635 in
622 1602 691 1635 fide
705 1613 713 1643 ς
733 1601 794 1644 qui
811 1601 1078 1636 sentencialiter
1095 1602 1243 1636 fuerunt
1258 1612 1323 1645 per
1338 1600 1475 1636 iudices
1491 1600 1574 1635 fidei
1591 1612 1612 1635 a
1628 1601 1752 1634 sancta
1767 1600 1850 1635 sede
1865 1611 1965 1644 apos-

337 1653 446 1688 tolica
462 1653 665 1697 specialiter
687 1654 874 1697 deputatos
901 1653 1039 1688 scilicet
1063 1654 1226 1689 dominos
1251 1654 1446 1698 episcopos,
1476 1653 1576 1697 prius
1602 1654 1857 1696 Morinensem,
1887 1657 1967 1699 post

337 1708 647 1752 archiepiscopum
672 1708 1000 1753 Rothomagensem
1028 1710 1072 1751 (l)
1103 1712 1139 1744 et
1169 1712 1256 1744 tunc
1289 1708 1546 1744 cancellarium
1574 1709 1739 1751 Francie‚
1768 1712 1804 1744 et
1831 1708 1966 1745 Nouio-

337 1775 493 1798 mensem
511 1763 618 1807 [anno
636 1766 719 1798 1465
736 1764 855 1798 adhuc
871 1763 1066 1807 viucntem]
1083 1765 1139 1806 (2),
1159 1764 1411 1808 condempnati
1435 1764 1481 1799 ad
1504 1764 1749 1798 reuocandum
1771 1767 1808 1799 et
1831 1763 1967 1808 priuati

335 1819 374 1853 in
391 1824 603 1862 perpetuum
627 1819 725 1852 omni
741 1818 860 1853 officio
883 1819 999 1863 regali
1015 1822 1050 1853 et
1066 1819 1199 1860 ducali,
1218 1819 1263 1854 ad
1281 1819 1487 1863 sepulcrum
1504 1818 1660 1860 Domini,
1678 1818 1808 1853 limina
1824 1821 1962 1863 aposto-

335 1873 454 1907 lorum
471 1873 570 1907 Petri
587 1877 621 1907 et
638 1872 745 1907 Pauli
761 1876 795 1907 et
810 1872 933 1908 Sancti
949 1873 1075 1908 Jacobi
1091 1874 1135 1908 de
1153 1874 1392 1917 Compostella
1415 1873 1634 1908 visitandum
1649 1875 1686 1908 et
1700 1872 1840 1909 litteras
1855 1872 1960 1909 certi·

336 1928 516 1962 ficatorias
532 1928 759 1962 referendum
784 1927 960 1971 compulsi
986 1939 1068 1962 cum
1093 1928 1173 1971 alijs
1199 1927 1311 1972 penis.

381 1981 521 2016 Similia
546 1983 589 2017 de
611 1982 776 2017 ²Iohanne
798 1983 977 2023 Tannore,
996 1983 1092 2018 dicto
1116 1984 1245 2018 abbate
1261 1983 1304 2018 de
1321 1983 1525 2017 Paudesens
1548 1982 1605 2026 (3),
1623 1982 1777 2018 dicenda
1796 1982 1966 2018 videntur

335 2044 369 2072 et
386 2040 569 2081 grauiora,
596 2048 637 2071 eo
664 2037 758 2080 quod
783 2049 887 2071 sensu
912 2040 947 2073 et
970 2037 1117 2082 ingenio
1141 2038 1263 2073 debuit
1288 2038 1405 2082 magis
1427 2038 1649 2079 habundare,
1668 2037 1755 2081 quia
1772 2038 1966 2073 confitetur

334 2104 371 2126 se
388 2092 494 2126 fidem
518 2098 553 2126 et
576 2091 795 2126 credentiam
819 2092 937 2127 verbis
953 2093 1114 2127 demonis
1130 2093 1327 2136 deceptiuis
1349 2093 1556 2128 adhibuisse
1579 2095 1613 2127 et
1636 2093 1727 2127 bene
1751 2092 1960 2138 deceptiuis,

336 2147 421 2190 quia
444 2147 519 2189 ipse
534 2150 587 2181 est
610 2150 711 2190 pater
732 2147 922 2189 mendaeij,
941 2151 975 2182 et
996 2159 1079 2182 cum
1100 2147 1261 2191 loquitur
1284 2149 1524 2190 mendacium,
1542 2159 1586 2184 ex
1603 2150 1758 2193 proprijs
1782 2147 1956 2193 loquitur,

335 2200 421 2243 quia
443 2201 597 2236 mendax
619 2207 670 2236 est
697 2204 733 2235 et
759 2206 861 2245 pater
885 2202 974 2244 eius,
993 2202 1082 2236 dicit
1106 2202 1293 2236 Dominus.

677 2272 869 2315 Carlerius,
888 2273 967 2309 deel
983 2273 1028 2316 ΙΙ,
1047 2274 1310 2319 verhandeling
1328 2277 1380 2310 26.

1087 2409 1213 2452 304.

399 2537 538 2587 1460,
576 2534 670 2578 Mei
709 2535 752 2585 9,
793 2533 1087 2591 vooryaande
1122 2547 1177 2577 en
1213 2535 1430 2590 volyende
1467 2535 1628 2592 dayem
1683 2537 1863 2580 Utrecht
1904 2549 1960 2580 en

338 2603 545 2647 Dowczaz'.
573 2602 811 2646 Uittreksel
836 2602 896 2644 uit
919 2601 970 2644 de
994 2601 1170 2658 kronijk
1193 2616 1277 2645 van
1299 2603 1482 2658 Jaeques
1499 2603 1562 2645 Du
1584 2603 1736 2659 Clercq
1758 2617 1862 2647 over
1884 2605 1960 2648 het

379 2745 424 2784 (1)
439 2743 569 2778 Rouen
587 2744 625 2778 in
642 2743 875 2778 Normandie.

379 2800 423 2838 (2)
438 2798 527 2832 Deze
543 2799 710 2833 woorden
726 2800 796 2841 zijn
810 2797 1094 2841 waarsohijnlijk
1114 2798 1205 2833 later
1220 2798 1433 2842 ingelascht,
1449 2801 1546 2834 want
1560 2798 1622 2834 het
1637 2797 1721 2834 stuk
1745 2797 1843 2833 werd
1867 2800 1956 2833 voor

338 2855 422 2888 1465
438 2854 667 2897 geschreven.
686 2854 734 2888 of
746 2856 842 2888 meet
856 2864 938 2889 men
955 2853 1157 2898 eenvoudig
1175 2854 1395 2890 14601ezen?

381 2909 426 2951 (3)
441 2908 541 2942 Abbe
558 2909 600 2944 de
616 2920 684 2954 peu
701 2909 745 2944 de
762 2919 855 2943 senS.
