2097 3466
374 256 435 290 112
1063 257 1196 303 ANNO
1222 261 1320 294 1238

417 348 571 389 Quidam
599 349 796 384 monachus
822 351 866 384 de
892 350 1017 385 ordine
1047 351 1334 393 praedicatorum
1367 352 1511 388 nomine
1542 353 1721 390 Robertus
1751 361 1987 401 cognomento

375 403 510 446 Bam-e,
529 403 586 437 vir
602 404 745 447 quidem
774 410 1015 450 competenter
1042 407 1205 441 literatus
1231 411 1266 441 et
1291 407 1416 442 doctus
1443 411 1478 443 et
1504 408 1542 443 in
1569 410 1687 445 officio
1714 412 1989 455 praedicationis

373 459 498 492 efficax
526 462 558 492 ct
587 459 772 502 expeditus
796 461 832 494 in
856 472 968 503 regno
997 462 1217 495 Francorum
1246 463 1377 496 multos
1400 464 1573 506 comperit
1599 464 1779 500 haeretica
1814 467 1989 510 pravitate

374 513 580 550 maculatos.
600 513 790 558 praecipue
821 520 938 549 tamen
958 515 992 549 in
1012 515 1194 556 F1andria,
1213 516 1274 550 ubi
1291 517 1335 551 de
1351 528 1450 552 more
1465 518 1626 554 solebant
1642 520 1780 554 incolae
1796 532 1987 557 usurarum

372 567 459 601 vitio
477 568 555 610 plus
572 570 721 603 cacteris
739 570 941 604 nationibus
961 570 1152 604 diffamari.
1172 571 1268 611 Quos
1285 583 1407 606 omnes
1423 572 1460 606 in
1478 573 1546 607 fide
1561 573 1754 618 diligenter
1769 576 1988 612 examinatos

369 625 402 654 ct
433 622 640 657 vacillantes
671 627 703 658 et
735 624 985 665 exorbitantes,
1019 625 1163 668 adjutus
1193 629 1229 659 et
1260 626 1429 661 bracchio
1459 628 1634 662 saeculari
1662 632 1698 663 et
1728 630 1873 665 domino
1901 642 1988 676 rege

371 678 590 713 Francorum
604 679 829 722 impendente
841 679 1051 720 subsidium,
1067 680 1150 714 fecit
1164 680 1257 714 idem
1270 682 1382 715 frater
1398 681 1576 717 Robertus
1589 683 1764 718 incendiis
1776 685 1984 721 incinerari.

369 734 466 777 Ipsos
499 739 618 769 autem
651 736 795 769 nomine
833 735 975 778 vulgari
1016 736 1180 779 Bugaros
1217 737 1422 780 appellavit,
1456 738 1530 773 sive
1566 742 1682 774 essent
1716 739 1878 775 Paterini
1911 741 1986 776 sive

366 789 547 823 ,loriniani
565 790 621 824 vel
634 790 844 833 Albigenses
861 791 916 824 vel
932 790 1013 823 aliis
1029 790 1235 825 haeresibus
1248 792 1430 826 maculati.
1446 792 1598 836 Ipsemet
1612 794 1707 828 enim
1722 794 1901 830 Robertus
1912 806 1984 830 me-

365 849 536 886 moratus,
552 848 742 888 antequam
759 845 921 879 habitum
939 844 1126 889 religionis
1142 846 1362 890 suscepisset,
1379 847 1547 891 Bugarus
1562 848 1748 891 extiterat3
1767 852 1984 894 quapropter

362 911 484 934 omnes
500 911 623 933 corum
639 900 829 943 complices
846 903 993 934 noverat
1009 903 1044 934 ct
1060 900 1175 935 factus
1187 904 1239 935 est
1250 912 1375 936 eorum
1388 905 1587 944 accusator,
1602 904 1752 938 malleus
1764 906 1800 938 et
1814 903 1983 939 inimicus

362 955 560 988 familiaris.
582 955 742 989 Tandem
758 966 843 989 vero
866 955 1015 989 abutens
1039 958 1210 998 potestate
1233 956 1299 990 sibi
1325 968 1491 992 concessa
1506 961 1541 992 et
1557 958 1644 993 fines
1659 958 1854 994 modestiae
1867 961 1980 994 trans-

361 1009 528 1052 grediens
544 1013 577 1043 et
588 1010 764 1053 justitiae,
790 1009 916 1050 elatus,
942 1013 1066 1052 potens
1089 1013 1123 1044 et
1140 1010 1388 1053 formidabilis,
1407 1012 1518 1046 bonos
1534 1024 1616 1047 cum
1640 1013 1745 1047 malis
1761 1014 1981 1049 confundens

361 1063 513 1098 involvit
539 1068 573 1099 et
601 1064 757 1098 insontes
784 1067 819 1099 et
844 1063 1023 1107 simplices
1051 1065 1203 1108 punivit.
1239 1066 1464 1102 Auctoritate
1491 1066 1606 1111 igitur
1635 1067 1754 1111 papali
1779 1069 1902 1112 jussus
1927 1072 1981 1105 est

360 1118 530 1161 praecise,
550 1130 594 1153 ne
609 1119 763 1162 amplius
780 1119 817 1153 in
833 1119 896 1153 illo
920 1119 1038 1154 officio
1062 1120 1287 1155 fulminando
1303 1121 1512 1157 desaeviret.
1533 1122 1603 1162 Qui
1620 1125 1741 1166 postea
1756 1124 1980 1160 manifestius

358 1174 636 1208 clarescentibus
660 1173 774 1217 culpis
797 1174 882 1215 suis,
903 1185 991 1217 quas
1006 1174 1135 1208 melius
1151 1174 1301 1210 aestimo
1323 1176 1475 1211 reticere
1499 1188 1606 1220 quam
1630 1178 1822 1222 explicare,
1839 1181 1977 1227 adjudi-

356 1232 455 1262 catus
471 1232 523 1263 est
540 1231 710 1272 perpetuo
727 1229 862 1263 carceri
880 1229 1090 1273 mancipari.

699 1295 903 1331 Matthaeus
920 1296 1134 1332 Parisiensis
1149 1297 1195 1332 ad
1210 1308 1345 1333 annum
1363 1300 1459 1340 1238,
1478 1298 1544 1333 blz.
1563 1301 1638 1334 482.

1109 1412 1217 1457 117.

415 1521 551 1570 1238,
591 1534 702 1565 onze
730 1526 956 1578 yewesten
989 1534 1043 1565 en
1075 1521 1345 1578 Franqu'jk.
1388 1522 1629 1566 Uittreksel
1667 1523 1730 1567 uit
1766 1521 1972 1568 Odorieus

351 1590 614 1647 Raynaldus’
635 1593 839 1634 Annales
861 1591 1148 1634 ecelesiastici
1169 1605 1273 1634 over
1308 1592 1360 1634 de
1393 1593 1548 1635 uiterst
1584 1591 1765 1648 scherpe
1800 1595 1972 1638 vervol-

347 1659 452 1715 ging
474 1660 550 1702 der
571 1659 739 1702 ketters
767 1660 870 1701 door
897 1659 979 1701 den
1016 1660 1276 1714 inquisiteur
1313 1674 1367 1702 en
1404 1660 1663 1715 predikheer
1695 1660 1874 1712 Robert,
1901 1662 1968 1706 die

347 1728 450 1770 door
467 1728 549 1771 den
572 1728 801 1771 Franchen
823 1728 987 1784 koning
1010 1728 1233 1785 Lodewijk
1256 1728 1339 1770 den
1362 1728 1519 1784 heilige
1540 1728 1826 1787 krachtdadig
1847 1731 1968 1775 werd

345 1795 611 1839 beschermd.
639 1798 868 1840 Wanneer
889 1796 940 1838 de
962 1796 1219 1852 inquisiteur
1235 1797 1402 1839 weldra
1419 1797 1672 1853 schuldigen
1695 1812 1748 1840 en
1767 1800 1968 1843 onschul-

344 1865 471 1920 digen
494 1866 537 1907 in
561 1867 672 1923 zijne
697 1864 839 1908 blinde
871 1865 1021 1907 woede
1059 1865 1278 1907 ondereen
1312 1864 1450 1920 begon
1473 1869 1517 1908 te
1540 1864 1734 1918 straffen‚
1762 1866 1880 1909 werd
1904 1865 1963 1922 hij

341 1935 446 1976 door
468 1935 549 1978 den
572 1948 678 1990 paus
700 1934 909 1990 afgesteld
934 1948 985 1976 en
1019 1937 1084 1976 tot
1107 1934 1387 1989 levenslange
1409 1935 1772 1991 gevangenschap
1790 1948 1965 1978 veroor-

341 2004 478 2056 deeld,
506 2005 687 2061 volgens
709 2005 786 2046 het
808 2004 987 2046 verhaal
1010 2017 1094 2046 van
1115 2004 1337 2047 Mattheus
1363 2003 1634 2046 Parisiensis.

338 2161 561 2204 depugnaret
576 2171 779 2203 magnaque
794 2159 984 2194 sanctitate
1008 2162 1043 2194 et
1066 2158 1267 2193 eruditione
1291 2158 1398 2192 fidem
1421 2158 1633 2198 adstrueret,
1651 2168 1746 2192 anno
1763 2158 1858 2198 1242,
1875 2157 1958 2201 (quo

340 2216 491 2250 Pontius
522 2215 701 2259 Hispanus
732 2215 868 2249 ordinis
898 2214 984 2249 item
1014 2214 1303 2258 praedicatorum
1331 2225 1473 2257 quoque
1503 2225 1629 2248 censor
1651 2213 1747 2257 apud
1771 2211 1958 2257 Urgellam

340 2269 572 2304 Chataloniae
595 2271 721 2304 urbem
747 2281 882 2303 veneno
898 2272 950 2304 est
965 2269 1224 2312 interemptus),
1244 2280 1325 2302 cum
1342 2269 1422 2311 alijs
1438 2267 1597 2312 quinque
1619 2267 1778 2303 eiusdem
1801 2267 1957 2302 instituti

338 2325 516 2369 religiosis
532 2325 630 2359 iussu
647 2324 788 2359 comitis
805 2323 998 2358 Tholosani
1016 2324 1132 2367 capite
1149 2324 1271 2367 plexus
1286 2326 1350 2365 est,
1370 2326 1409 2357 ut
1424 2323 1520 2358 inter
1531 2323 1620 2358 alios
1635 2325 1787 2358 testatur
1802 2322 1956 2357 Bzouius

334 2380 471 2414 Amzal.
489 2379 585 2413 Eccl.
603 2382 629 2414 t.
649 2382 715 2420 13„
734 2379 780 2413 ad
802 2389 936 2412 annum
960 2381 1055 2412 1242.
1083 2378 1169 2412 Eius
1192 2378 1417 2421 aliorumque
1439 2378 1654 2422 martyrium
1671 2375 1904 2412 celeberrimo
1918 2378 1955 2412 et

334 2435 544 2469 admirando
560 2434 726 2478 prodigio
742 2434 940 2468 illustrauit
956 2434 1061 2468 Deus.
1081 2433 1222 2468 Etenim
1239 2445 1261 2467 a
1275 2432 1440 2478 supplicij
1459 2433 1538 2468 loco
1555 2432 1733 2467 Tholosae
1747 2431 1953 2466 suburbano

333 2489 369 2523 in
387 2490 500 2533 ipsam
524 2489 648 2523 urbem
673 2494 780 2532 atque
802 2489 841 2522 in
863 2488 1175 2523 dominicanorum
1200 2489 1323 2523 aedem
1348 2487 1492 2531 publico
1508 2499 1568 2522 eos
1594 2489 1789 2530 praeeunte
1814 2486 1952 2521 lumine

334 2544 486 2586 propt-ijs
509 2544 675 2577 manibus
698 2545 832 2578 refecta
855 2543 973 2587 capita
996 2546 1226 2586 reportarunt
1245 2555 1251 2577 ι
1271 2542 1349 2586 pari
1366 2554 1451 2577 sane
1465 2541 1655 2584 miraculo,
1681 2552 1752 2585 quo
1773 2541 1950 2576 maximus

333 2597 394 2632 ille
421 2600 639 2642 Areopagita
664 2599 860 2633 Galliarum
889 2599 1070 2642 apostolus
1094 2598 1284 2642 Dionysius
1307 2598 1408 2632 iuxta
1435 2597 1615 2632 Lutetiam
1645 2599 1681 2632 et
1707 2595 1950 2631 sanctissimus

334 2653 510 2687 Proculus
534 2654 728 2695 Bononiae,
751 2665 838 2698 quas
866 2665 930 2697 pro
959 2654 1100 2688 Christo
1131 2653 1248 2687 securi
1278 2652 1517 2687 submiserant
1546 2651 1717 2693 ceruices,
1742 2651 1781 2686 in
1810 2653 1948 2695 partem

332 2709 506 2751 triumphi
522 2709 567 2742 ad
583 2709 798 2743 destinatum
821 2709 996 2744 diuinitus
1019 2709 1137 2742 locum
1161 2708 1378 2743 detulerunt.
1407 2707 1477 2742 Hic
1507 2707 1638 2751 cogita,
1667 2706 1847 2751 Belgium,
1877 2717 1948 2750 quo

329 2762 506 2798 Robertus
522 2765 582 2799 ille
598 2766 672 2800 zelo
687 2770 880 2809 sanctoque
899 2765 1041 2809 pietatis
1058 2765 1185 2799 ardore
1209 2776 1272 2808 per
1300 2764 1400 2798 mille
1430 2763 1591 2807 pericula
1620 2762 1687 2797 tibi
1718 2762 1947 2797 consulturus

327 2819 425 2853 venit
440 2832 448 2861 ς
466 2821 688 2855 sanctissimo
704 2821 855 2864 martyri
869 2821 1006 2865 gratias
1021 2832 1088 2865 age
1104 2823 1139 2855 et
1155 2822 1195 2854 ut
1217 2830 1339 2853 omnes
1355 2830 1377 2852 a
1392 2822 1427 2854 te
1439 2817 1573 2853 erroris
1588 2817 1737 2852 nebulas
1760 2816 1834 2850 suis
1849 2816 1945 2859 apud

329 2872 442 2908 Deum
459 2874 595 2908 meritis
611 2874 791 2914 discutiat,
810 2874 951 2909 assidue
966 2885 1066 2918 roga.
1088 2890 1103 2903 n
1121 2874 1181 2908 Zie
1198 2873 1267 2907 ook
1284 2873 1408 2916 Ripoll
1423 2872 1463 2915 (I,
1482 2874 1535 2913 81,
1551 2874 1636 2907 noot
1652 2872 1695 2914 1),
1713 2871 1771 2908 die
1793 2871 1945 2907 broeder

327 2926 464 2964 Robert
478 2929 613 2973 dapper
627 2928 825 2972 verdedjgt,
843 2929 968 2964 alsook
983 2940 1069 2964 onze
1086 2931 1171 2963 noot
1187 2931 1204 2963 1
1222 2939 1266 2972 op
1283 2928 1348 2962 blz.
1367 2929 1420 2962 97.
