2097 3466
767 210 900 248 ANNO
926 211 1038 254 1229,
1066 211 1168 247 1230
1734 213 1776 247 ’75

142 315 238 355 nent,
268 312 368 347 salva
398 311 500 347 nobis
531 310 768 346 nihilominus
788 309 1043 355 jurisdictione
1072 312 1194 345 nostra
1216 311 1252 345 et
1279 313 1498 352 nostrorum,
1528 309 1636 345 salvis
1667 309 1775 345 etiam

139 369 325 410 sententijs
352 366 484 402 nostris
510 370 546 402 et
574 370 778 402 nostrorum
810 365 957 400 inflictis
980 370 1014 400 et
1041 364 1257 409 infligendis,
1285 365 1538 400 conservandis
1554 370 1589 402 et
1613 367 1775 401 relaxan-

138 424 205 465 dis,
224 423 420 458 secundum
438 423 533 468 quod
547 422 649 457 nobis
664 426 700 457 et,
712 422 947 466 ipsisjustum
966 422 1081 456 visum
1099 421 1220 456 fuerit..
1240 421 1370 456 Sciatis
1391 422 1499 457 etiam
1517 423 1612 465 quod
1633 435 1775 458 omnem

138 479 343 514 libertatem
372 491 443 523 qua
471 480 630 524 gaudent
660 479 772 513 nostri
798 478 957 522 religiosi
988 478 1024 512 in
1054 481 1175 512 nostra
1203 477 1336 511 diocesi
1361 478 1416 511 vel
1445 479 1603 521 gaudere
1631 479 1772 513 debent,

137 534 276 570 illesam
306 538 342 570 et
365 534 545 579 integram
570 534 671 569 vobis
694 534 860 568 volumus
883 533 1078 568 observari.
1109 532 1346 576 Recipientur
1374 533 1503 567 fratres
1527 546 1615 577 quos
1643 534 1687 568 ad
1713 545 1775 568 nos

136 589 423 631 transmiseritis,
433 591 499 625 sub
514 593 635 625 nostra
648 593 684 624 et
696 589 844 625 ecclesie
859 593 978 623 nostre
992 588 1224 632 protectione.
1238 588 1452 622 Inducemus
1463 588 1570 622 etiam
1582 588 1776 631 diligenter

135 645 296 681 subditos
315 648 453 681 nostros
471 648 511 680 ut
528 645 701 680 fratribus
715 644 842 679 vestris
857 648 1041 687 tamquam
1059 643 1277 678 animalibus
1290 654 1400 677 onera
1414 646 1535 678 nostra
1549 643 1774 687 portantibus

134 712 282 736 manum
302 700 531 736 liberalitatis
555 700 593 735 in
611 700 685 734 suis
702 699 973 735 necessitatibus
988 699 1194 734 extendant.

178 756 310 791 Datum
339 756 435 799 apud
460 755 626 796 Worem,
642 755 733 790 seria
749 755 906 790 secunda
924 757 1007 790 ante
1032 755 1161 790 festum
1180 754 1275 789 beati
1294 753 1494 795 Laurentii,
1515 766 1610 789 anno
1628 753 1773 788 Domini

132 810 324 847 millesimo
339 810 585 848 ducentesimo
601 810 776 855 vigesimo
793 822 899 845 none.

484 887 556 923 HS.
580 888 730 923 Vanden
755 888 885 927 Berch.
913 889 972 923 sol.
995 890 1068 923 123.
1087 907 1130 913 -
1155 888 1272 923 Reeds
1296 887 1333 921 in
1349 886 1603 922 verselieidene
1627 887 1773 921 werken

526 943 756 988 uitgegeven,
776 955 878 978 maar
894 947 967 979 met
989 943 1098 978 lichte
1115 943 1358 987 wiJZigingen.
1379 944 1436 984 (rf.
1456 942 1641 981 Wauters,
1665 941 1774 976 Tame

527 997 830 1043 chronoloyiqzce,
862 999 941 1033 (1001
969 998 1030 1039 IV,
1058 998 1124 1032 blz.
1152 1000 1220 1039 85.)
1247 1017 1290 1022 -—
1314 998 1354 1032 Iu
1384 1000 1467 1032 1232
1496 1000 1591 1032 moet
1617 997 1773 1031 dezelsde

524 1053 692 1098 bisse-hep
716 1066 803 1089 eene
827 1058 906 1088 acte
930 1065 999 1088 van
1016 1054 1197 1088 dezelsden
1220 1054 1307 1087 aard
1325 1052 1601 1097 uitgevaardigd
1618 1053 1770 1091 hebben,

521 1109 610 1144 daar
633 1109 827 1144 kanunnik
857 1109 1007 1143 Yanden
1034 1109 1151 1143 Bereh
1180 1108 1217 1142 in
1246 1110 1315 1150 ziJn
1338 1108 1565 1142 handschrift
1593 1108 1666 1149 (fol.
1699 1110 1772 1149 14⁶2)

519 1165 788 1200 aantcekende:
810 1179 825 1192 κ
849 1164 1046 1208 Gregorius
1070 1176 1162 1208 papa
1178 1163 1345 1199 rescribit.
1366 1164 1411 1197 ud
1439 1175 1561 1198 omnes
1589 1162 1769 1203 ecclesias,

520 1224 560 1256 ut
573 1221 703 1255 fratres
716 1220 963 1264 predicatores
979 1219 1219 1255 admittantur
1231 1220 1275 1253 ad
1294 1219 1496 1254 functiones
1512 1218 1772 1254 ecclesiasticas

521 1275 668 1320 ubique.
696 1276 828 1310 Datum
853 1275 1089 1310 Lateranensi
1114 1277 1203 1317 (sic),
1219 1275 1311 1318 prid.
1330 1275 1378 1309 id.
1408 1275 1515 1317 Iunij,
1542 1274 1772 1318 pontificatus

524 1343 620 1366 anno
646 1330 774 1375 primo.
793 1331 951 1365 ,Ioannes
976 1334 1096 1365 autem
1120 1330 1308 1374 episcopus
1325 1330 1529 1365 Leodientis
1546 1330 1693 1364 mandat
1710 1342 1772 1373 per

518 1390 631 1422 totam
662 1398 763 1421 suam
791 1386 962 1421 diocesim
991 1389 1031 1421 ut
1058 1386 1165 1428 ijdem
1198 1385 1421 1429 recipiantur
1452 1389 1487 1420 et
1517 1385 1767 1420 admittantur.

519 1444 650 1478 Actum
681 1453 776 1476 anno
800 1442 844 1475 ab
869 1441 1127 1476 Incarnacione
1152 1441 1293 1475 Domini
1320 1442 1387 1475 ΜΟ.
1417 1441 1501 1476 CC⁰.
1527 1442 1672 1483 xxxijdo.
1695 1457 1710 1470 ’ν
1727 1460 1771 1465 -

522 1499 599 1533 Den
623 1500 663 1532 31
692 1497 845 1532 Januari
872 1500 955 1532 1234
979 1498 1046 1541 gaf
1070 1497 1235 1540 bisschop
1258 1497 1327 1531 Jan
1356 1497 1389 1531 II
1413 1508 1483 1531 van
1512 1496 1699 1540 Rumigny
1726 1497 1770 1531 de

518 1553 697 1597 toelating
720 1564 789 1587 aan
814 1553 857 1587 de
881 1552 1145 1596 predikheeren
1169 1564 1226 1586 om
1250 1555 1285 1587 te
1310 1553 1453 1587 Leuven
1479 1564 1544 1587 een
1561 1552 1720 1586 klooster
1734 1555 1769 1587 te

522 1608 689 1644 stichten.
708 1608 908 1651 (Wauters,
933 1607 1043 1642 Table
1058 1608 1355 1653 chronoloyique,
1373 1608 1452 1643 deel
1468 1607 1530 1649 IV,
1549 1607 1614 1642 blz.
1636 1608 1725 1649 190.)

897 1764 986 1811 76.

183 1908 324 1958 1229,
349 1907 598 1951 omstreeks
620 1907 860 1963 Auyustus
877 1906 954 1955 20,
977 1907 1192 1950 Perusia.
1214 1907 1295 1949 Bul
1318 1920 1403 1949 van
1424 1905 1662 1961 Gregorius
1679 1905 1760 1958 IX,

119 1977 298 2034 waarbij
324 1977 384 2034 hij
411 1976 463 2019 de
494 1976 747 2020 kettersche
770 1975 1005 2026 Catharen‚
1035 1976 1290 2027 Patarinen,
1318 1977 1480 2018 Armen
1505 1989 1588 2018 van
1624 1976 1760 2032 Lyon,

120 2046 419 2097 Arnaldisten,
444 2046 739 2102 Speronisten‚
763 2045 1047 2100 Passaginen,
1071 2059 1185 2096 enz.‚
1207 2046 1361 2088 alsook
1383 2045 1534 2100 eenige
1557 2044 1612 2102 bij
1637 2058 1763 2087 name

118 2116 337 2159 vermelde
360 2116 546 2166 ketters,
576 2118 664 2158 met
695 2114 843 2158 keizer·
862 2114 1071 2157 Frederik
1096 2115 1137 2157 Π
1158 2129 1239 2157 aan
1264 2116 1294 2157 ’t
1316 2115 1463 2167 hoofd,
1490 2114 1531 2156 in
1562 2113 1644 2156 den
1679 2113 1761 2156 ban

119 2185 196 2228 der
219 2186 340 2229 Kerk
359 2186 488 2229 slaat.
515 2186 1010 2241 (E'oeeommmzz'eamus
1033 2189 1072 2228 et
1096 2185 1576 2240 anallcematizamzcs).

471 2282 656 2317 Oderit-us
683 2282 906 2327 Raynaldus,
937 2283 1106 2317 Annales
1130 2283 1378 2324 ecclesiastici,
1397 2283 1474 2318 deel
1492 2282 1592 2324 XIII,
1613 2282 1679 2317 blz.
1698 2284 1761 2316 362

511 2350 556 2373 en
584 2340 661 2379 363,
692 2338 737 2372 ad
765 2350 901 2373 annum
932 2341 1027 2379 1229,
1046 2341 1069 2380 ἓ
1092 2341 1205 2373 37-41.
1232 2338 1423 2381 (Potthast‚
1442 2339 1520 2373 deel
1543 2338 1571 2379 I,
1591 2338 1656 2373 blz.
1683 2340 1758 2378 726,

512 2401 551 2428 nr
570 2394 683 2435 8445.)
699 2413 743 2418 -
759 2393 819 2429 Zie
836 2394 964 2429 verder
981 2406 1044 2429 ons
1062 2401 1100 2428 nr
1115 2396 1169 2428 79.

891 2554 975 2600 77.

181 2693 321 2744 1230,
349 2691 464 2744 Jule',
504 2692 792 2749 Wittenbergy.
817 2693 1057 2736 Uittreksel
1078 2694 1139 2737 uit
1159 2693 1239 2736 den
1261 2694 1519 2736 landsvrede
1542 2694 1648 2737 door
1674 2695 1756 2737 den

121 2762 390 2805 Roomsehen
416 2763 582 2818 koning
605 2761 801 2805 Hendrik
828 2767 912 2806 met
936 2763 988 2806 (le
1009 2768 1184 2806 vorsten
1209 2764 1283 2806 des
1319 2764 1442 2820 Rijks
1465 2763 1756 2820 afgekondigd

122 2844 225 2873 over
257 2831 334 2873 het
372 2831 552 2874 straffen
589 2832 665 2874 der
698 2832 868 2875 ketters
902 2846 954 2874 en
991 2836 1260 2875 tooveraars.
1300 2858 1353 2863 —
1379 2833 1436 2889 Zij
1472 2834 1613 2876 zullen
1650 2847 1757 2876 naar

121 2900 409 2956 goeddunken
433 2901 507 2944 des
533 2901 730 2945 rechters
754 2900 996 2958 behoorlijk
1016 2901 1201 2958 gestraft
1225 2902 1418 2944 worden.
