2097 3466
786 240 920 276 ANNO
946 253 976 275 c.
1006 243 1105 277 1380
1715 246 1776 281 24⁴1

135 335 313 382 episcopo,
348 334 507 380 principi
538 334 627 370 cleri
658 336 694 370 et
724 334 861 379 populi,
892 335 1141 379 frequentibus
1169 336 1329 381 epistolis
1356 336 1564 373 huiusmodi
1590 338 1778 383 negotium

135 393 243 428 fidem
260 403 480 427 concernens
501 389 717 426 catholicam
745 389 969 426 innotescere
994 391 1149 427 curauit.
1171 392 1286 434 Quem
1311 393 1407 428 inter
1429 396 1548 429 cetera
1570 394 1780 429 huiusmodi

136 448 342 483 animarum
359 446 534 492 periculis
552 458 810 482 succursurum
831 448 1061 491 expostulans
1077 447 1253 490 exorauit,
1274 451 1451 493 quatenus
1467 449 1542 493 ipse
1563 449 1657 484 sicut
1673 462 1780 484 verus

138 504 274 542 Christi
290 504 462 545 vicarius,
481 503 607 538 ouium
623 506 756 547 pastor,
776 504 891 538 bonus
908 505 1113 547 speculator
1133 504 1172 539 in
1188 509 1425 550 augmentum
1450 506 1532 540 fidei
1550 509 1585 541 ct
1608 507 1780 541 ecclesiae

133 560 393 602 defensionem,
427 560 599 595 baculum
632 560 812 604 pastorale
843 562 970 595 contra
1002 560 1235 595 inimicorum
1266 561 1417 596 insidias
1448 562 1590 606 erigere
1620 564 1656 597 ct
1682 562 1780 597 circa

133 628 214 652 eam
233 615 389 661 vigilare
406 618 515 660 atque
539 615 757 650 strictiorem
776 615 813 650 in
830 615 1035 659 praemissis
1060 615 1330 660 inquisitionem
1356 618 1486 659 faeere,
1514 630 1586 652 non
1610 618 1781 654 obstanti-

133 672 201 706 bus
231 670 418 715 precibus,
454 670 570 715 pretio
603 671 661 705 vel
692 670 987 715 instigationibus
1020 671 1297 716 cuiuscumque,
1338 672 1488 707 minime
1519 675 1709 717 postponat
1740 677 1781 709 ut

133 726 319 763 indoctam
336 726 438 760 illam
455 727 699 770 vulpeculam,
718 726 935 761 multiformi
952 726 1180 770 turpitudine
1196 727 1406 769 deformem,
1425 727 1575 763 bestiam
1592 728 1777 771 infamem,

132 782 354 823 mendacem,
383 781 621 816 criminosum
646 784 883 825 apertumque
913 782 995 817 fidei
1024 784 1253 824 vastatorem,
1280 783 1714 827 pseudopraedicatorem,
1733 785 1778 820 de

132 836 274 873 haeresi
296 839 513 881 suspectum,
534 837 684 871 fratrem
709 835 818 871 istum
835 836 1155 872 Bartholomaeum
1171 838 1217 872 ad
1234 838 1516 881 praedicandum
1534 841 1689 885 amplius
1706 853 1778 876 non

133 891 351 934 admitteret,
386 892 448 926 sed
480 891 656 926 dolorosis
689 891 863 926 ecclesiae
893 891 1093 927 visceribus
1123 893 1323 935 medelans,
1361 906 1383 928 a
1413 906 1479 929 sua
1510 907 1593 930 cum
1623 897 1779 932 dioecesi

132 946 280 982 omnino
297 950 516 988 remoueret,
536 958 581 982 ne
598 947 685 981 fides
709 947 870 981 humana
894 958 916 981 a
939 948 1251 992 pseudopropheta
1267 948 1411 984 deuicta
1437 949 1584 992 iaceret,
1603 963 1648 986 ne
1670 951 1779 986 laico-

132 1014 215 1037 rum
243 1002 386 1038 insania
415 1003 554 1038 clerum
582 1003 673 1038 bene
698 1003 882 1038 viuentem
906 1003 1114 1047 depressum
1138 1008 1337 1048 superaret,
1357 1016 1401 1040 ne
1425 1006 1521 1049 quod
1545 1009 1671 1042 contra
1699 1018 1780 1042 cen-

131 1069 255 1093 suram
272 1057 556 1093 ecclesiasticam
573 1059 610 1092 et
626 1056 800 1092 ecclesiae
817 1056 1023 1093 libertatem
1045 1057 1084 1093 in
1107 1057 1177 1094 isto
1200 1058 1275 1093 iam
1298 1062 1541 1103 tentanerant,
1559 1060 1781 1106 impunitum

130 1115 344 1148 remaneret.

176 1169 263 1204 Post
278 1167 436 1204 debitam
462 1167 579 1213 igitur
602 1168 646 1204 de
669 1168 841 1204 mandato
859 1168 997 1204 domini
1016 1169 1258 1205 Traiectensis
1281 1170 1391 1205 huius
1408 1173 1542 1216 negotij
1561 1171 1599 1207 in
1616 1172 1780 1216 partibus

134 1224 441 1261 examinationem
465 1227 579 1260 frater
601 1224 662 1260 hic
687 1225 989 1260 Bartholomaeus
1005 1226 1051 1260 ad
1074 1227 1215 1261 curiam
1233 1226 1501 1262 Traiectenscm
1517 1228 1674 1263 secundo
1692 1228 1778 1264 cita-

131 1283 202 1323 tus,
235 1279 508 1324 comparitionis
536 1291 623 1314 suae
653 1279 852 1314 terminum
879 1279 968 1324 ipse,
997 1281 1234 1325 coassumptis
1264 1281 1480 1325 quibusdam
1510 1283 1555 1318 de
1587 1284 1777 1328 Campensi

131 1337 321 1372 consulatu
344 1335 594 1371 defensoribus
617 1335 702 1377 suis,
721 1336 937 1380 praeuenire
952 1336 1119 1379 tentauit,
1146 1336 1184 1372 in
1207 1337 1375 1382 magistri
1400 1338 1552 1374 Gerardi
1576 1340 1780 1384 praesentia

130 1397 295 1430 metuens
319 1405 505 1439 apparere.
526 1393 632 1435 Quod
657 1393 838 1428 Henricus
861 1394 905 1429 de
929 1394 1098 1436 Wilsem,
1125 1394 1294 1430 scabinus
1320 1398 1408 1430 tunc
1437 1396 1657 1440 Campensis,
1683 1400 1776 1442 post-

129 1450 280 1485 modum
311 1449 351 1484 in
378 1449 593 1485 Windesem
626 1450 740 1484 frater
769 1450 967 1494 professus,
1001 1450 1142 1485 occulte
1173 1450 1376 1494 percipiens
1407 1450 1583 1496 magistro
1616 1452 1777 1488 Gerardo

132 1505 354 1542 Dauentriae
378 1505 573 1541 constituto
598 1505 752 1541 celerius
776 1505 948 1541 innotuit.
976 1505 1048 1547 Qui
1071 1506 1146 1540 zelo
1175 1506 1241 1541 Dei
1269 1518 1452 1548 accensus,
1480 1519 1563 1542 cum
1585 1507 1660 1542 iam
1687 1512 1778 1544 esset

131 1573 292 1606 vespera,
311 1560 449 1596 currim
466 1560 588 1596 statim
607 1561 850 1596 conscendens
866 1563 902 1596 et
917 1561 988 1596 iter
1003 1563 1079 1596 tota
1095 1564 1199 1597 nocte
1216 1573 1366 1606 carpens
1384 1574 1448 1606 per
1463 1563 1587 1598 decem
1602 1563 1778 1600 milliaria

131 1627 238 1652 mane
262 1616 363 1652 venit
391 1617 614 1651 Traiectum.
635 1617 715 1658 Quo
740 1616 864 1651 audito
893 1628 975 1660 pars
1002 1617 1156 1652 aduersa
1183 1617 1312 1652 territa
1339 1620 1374 1653 et
1401 1619 1648 1662 obstupefacta
1674 1619 1777 1656 iuxta

131 1672 344 1707 mandatum
360 1671 499 1707 domini
518 1671 760 1707 Traiectensis
784 1672 822 1707 in
846 1672 1013 1717 magistri
1043 1672 1195 1708 Gerardi
1219 1673 1424 1717 praesentia
1446 1674 1669 1711 iudicialiter
1685 1688 1779 1712 com-

130 1726 265 1772 paruit.
285 1726 357 1762 Ubi
381 1726 556 1771 magister
582 1727 764 1762 Gerardus
786 1727 945 1772 Magnus
968 1727 1065 1762 dicta
1089 1730 1124 1763 et
1148 1730 1230 1763 acta
1257 1728 1403 1763 testium
1429 1729 1778 1774 Transyselanorum

131 1785 258 1818 contra
281 1783 432 1817 fratrem
448 1782 770 1817 Bartholomaeum
795 1783 914 1817 debite
937 1782 1144 1818 examinata
1170 1782 1209 1817 in
1232 1783 1393 1818 medium
1418 1785 1632 1828 producens,
1659 1785 1778 1830 ipsum

129 1838 173 1873 de
196 1837 338 1872 haeresi
363 1837 572 1872 conuictum
596 1837 701 1881 petiit
729 1836 885 1872 iuridice
908 1837 1155 1872 condemnari.
1176 1838 1316 1879 Quibus
1340 1838 1617 1883 diligentissime
1641 1841 1774 1876 exami-

130 1892 236 1934 natis,
256 1904 339 1927 cum
356 1904 427 1927 non
453 1895 546 1928 esset
568 1893 669 1927 locus
686 1893 842 1937 amplius
866 1892 1093 1938 diffugiendi,
1119 1894 1264 1929 tandem
1289 1894 1399 1929 iudex
1416 1895 1460 1930 de
1483 1895 1776 1940 iurisperitorum

129 1948 280 1984 consilio
309 1951 344 1984 et
367 1960 513 1983 assensu
542 1948 777 1984 diffinitiuam
805 1949 923 1983 ferens
950 1948 1177 1991 sententiam,
1204 1951 1246 1984 ut
1268 1950 1492 1986 haereticum
1516 1951 1670 1988 dictauit
1693 1964 1777 1988 cum

128 2005 207 2039 fore
223 2004 454 2045 censendum,
474 2003 513 2038 in
530 2003 634 2038 cuius
657 2003 803 2048 signum
827 2003 982 2047 forcipes
1005 2004 1095 2038 duas
1119 2005 1163 2039 de
1189 2005 1339 2039 alterius
1356 2006 1487 2040 coloris
1510 2018 1642 2051 panno,
1661 2020 1776 2044 unum

130 2062 227 2101 ante,
246 2058 359 2093 alium
376 2062 456 2103 post
472 2071 520 2100 se,
539 2059 579 2093 in
595 2058 810 2094 vestimento
827 2071 892 2093 suo
909 2059 1087 2103 superiori
1104 2060 1250 2103 publice
1266 2060 1334 2094 sibi
1352 2061 1478 2095 consui
1495 2062 1696 2098 mandauit.

173 2114 277 2149 Hanc
293 2113 541 2148 confusionem
557 2117 593 2149 et
616 2115 828 2149 scandalum
845 2115 1009 2149 consules
1031 2117 1067 2150 et
1092 2114 1190 2150 ciues
1208 2116 1423 2159 Campenses
1447 2115 1598 2162 indigne
1620 2118 1776 2154 ferentes

130 2172 290 2206 fautores
316 2173 352 2206 et
382 2169 518 2204 amicos
545 2169 714 2214 magistri
744 2169 897 2204 Gerardi
928 2169 1052 2204 multis
1083 2169 1230 2205 iniuriis
1261 2171 1474 2205 lacessentes
1506 2175 1540 2207 ct
1573 2173 1779 2216 opprobriis

129 2226 336 2271 fatigantes,
356 2226 530 2270 quosdam
546 2225 591 2260 de
615 2224 766 2260 ciuitate
782 2237 847 2259 sua
864 2225 1043 2269 expellere
1064 2228 1100 2261 et
1122 2226 1316 2261 deturbare
1337 2228 1557 2270 coeperunt3
1577 2226 1672 2261 inter
1689 2239 1778 2271 quos

127 2282 281 2317 deuotus
312 2281 374 2316 ille
401 2280 624 2315 scholarium
656 2280 695 2315 in
728 2280 872 2324 Campis
902 2283 991 2316 tunc
1022 2280 1221 2317 instructor
1251 2282 1456 2317 wernerus
1488 2282 1705 2326 Keynkamp
1732 2284 1778 2318 dc

129 2340 300 2381 Lochem,
334 2338 475 2383 primus
506 2338 736 2382 postmodum
766 2337 868 2382 prior
898 2337 938 2372 in
965 2336 1197 2379 Windesem,
1230 2340 1378 2382 propter
1411 2336 1595 2372 Christum
1626 2344 1662 2372 et
1693 2337 1779 2372 fidei

129 2394 350 2430 orthodoxae
381 2393 573 2429 veritatem
603 2406 647 2429 ex
676 2393 808 2438 oppido
839 2393 1030 2437 Campensi
1059 2405 1142 2428 cum
1170 2394 1284 2429 multo
1314 2393 1508 2438 opprobrio
1536 2393 1680 2437 publice
1708 2393 1779 2430 fuit

129 2449 292 2484 eductus.

479 2493 561 2528 Joh.
593 2493 786 2533 Buschius,
823 2491 1032 2527 Chronicon
1065 2493 1376 2535 WVindcsemense,
1406 2493 1555 2537 uitgave
1586 2505 1658 2528 van
1689 2494 1778 2529 Ros-

523 2549 660 2593 weyde,
681 2549 748 2583 blz.
770 2550 893 2591 15-193
918 2548 1065 2593 uitgave
1087 2560 1158 2583 van
1181 2548 1314 2590 Grube,
1334 2550 1400 2583 blz.
1421 2550 1577 2583 259-26‘2.
1592 2568 1636 2573 —
1652 2549 1779 2584 Zooals

522 2605 673 2648 Acquoy
705 2603 883 2645 (Gerardi
907 2603 1044 2647 Mafflzi
1068 2603 1242 2647 epistolae
1266 2604 1372 2644 XIV,
1392 2604 1458 2637 blz.
1486 2605 1539 2645 24)
1563 2603 1665 2638 rccds
1688 2604 1778 2639 deed

521 2659 731 2704 opmerken,
750 2658 780 2692 is
802 2658 855 2693 dit
878 2659 1027 2693 verhaal
1047 2660 1296 2703 grootendecls
1318 2660 1521 2704 getrokken
1538 2658 1593 2694 uit
1608 2660 1652 2694 dc
1668 2671 1771 2694 voor-

523 2715 665 2759 gaande
690 2713 838 2748 brieven
863 2726 933 2748 van
958 2715 1066 2750 Gecrt
1091 2715 1235 2756 Groote,
1254 2726 1425 2749 waarvan
1449 2715 1531 2749 zelfs
1555 2718 1621 2749 cen
1645 2714 1683 2749 in
1704 2716 1774 2750 den

522 2770 619 2805 tekst
642 2769 672 2803 is
699 2780 937 2814 opgenomen.
953 2769 1015 2805 Zic
1032 2770 1102 2805 ook
1119 2770 1220 2812 Moll,
1239 2769 1609 2815 Kcrkfflcsclcicdcnis,
1628 2770 1707 2806 deel
1723 2771 1769 2812 ΙΙ,

534 2827 571 2859 3e
589 2824 686 2865 stuk,
705 2825 772 2858 blz.
791 2827 906 2859 68-72.
