2097 3466
888 250 1020 288 ANNO
1047 252 1146 306 1359
1746 249 1808 285 201

187 345 322 381 tionem
339 356 513 390 usurpare
529 348 564 381 et
579 345 625 381 ad
641 346 755 382 multa
771 345 843 381 alia
859 345 987 381 illicita
1003 356 1192 390 erumpere
1206 344 1358 380 minimo
1375 346 1569 380 vereantur
1583 356 1592 387 ;
1610 342 1811 379 timendum

187 403 251 442 est,
266 393 361 444 quod.
372 403 446 436 tam
458 404 751 445 praesumptuosa
764 401 945 438 temeritas
957 404 992 436 et
1003 401 1194 436 temeraria
1211 399 1464 444 praesumptio,
1480 398 1548 434 nisi
1561 399 1594 434 ei
1608 397 1809 443 persalubri

188 455 348 490 antidoto
364 459 588 496 occurratur,
606 456 768 499 paritura
783 456 829 491 sit
846 468 917 491 non
934 456 1047 491 levem
1064 455 1258 500 perniciem
1277 466 1341 489 nec
1358 454 1434 489 sine
1450 454 1655 498 aliquorum
1669 454 1808 488 morbo-

186 520 268 545 rum
285 508 408 544 lethali
422 509 590 554 contagio
607 519 801 554 properans
817 510 854 545 in
868 510 1053 554 plurimos
1072 520 1152 544 sero
1164 509 1315 553 recipiat
1330 509 1559 543 medicinam.

230 564 461 600 Attendentes
487 564 644 607 insuper,
673 564 766 607 quod
791 576 903 606 error,
931 565 992 608 qui
1021 576 1091 599 non
1109 563 1299 604 resistitur,
1318 563 1472 607 quodam
1494 563 1600 598 modo
1616 561 1809 606 approbari

187 619 341 662 videtur,
355 623 391 655 et
407 620 501 664 qnod
516 631 560 654 ex
577 620 694 654 officio
720 620 820 654 nobis
838 621 1002 664 injuncto
1018 619 1280 664 compellimur,
1299 622 1340 653 ut
1367 630 1454 662 quos
1482 629 1545 662 per
1572 617 1641 652 iter
1666 616 1809 652 devium

186 675 340 710 errando
356 685 502 709 currere
525 677 560 709 et
583 675 704 718 plures
732 675 769 709 in
798 674 1133 718 praecipitationem
1161 685 1281 709 secum
1309 673 1453 708 trahere
1482 672 1698 717 percipimus
1713 683 1755 705 ac
1771 672 1810 707 in

185 728 441 773 dispersionem
458 729 655 762 multarum
671 729 836 772 gentium
851 730 1050 768 ambulare,
1069 729 1270 764 revocando
1287 740 1309 762 a
1323 727 1439 768 devio,
1458 731 1497 761 ut
1514 726 1551 761 in
1568 726 1663 760 viam
1680 725 1808 760 verita—

185 785 232 821 tis
257 787 291 820 et
313 783 476 828 justitiae
503 783 664 828 dirigant
695 796 837 828 gressus
868 796 949 819 suos
981 784 1102 828 eisque
1133 783 1321 828 providere
1352 794 1416 826 per
1446 788 1623 826 oportuna
1652 780 1810 816 remedia

185 840 410 881 studeamus3
442 839 659 873 fraternitati
690 844 828 874 vestrae
855 840 898 874 de
930 830 1082 874 fratrum
1112 843 1315 874 nostrorum
1343 837 1493 872 consilio
1521 848 1585 881 per
1615 836 1809 880 apostolica

185 895 319 938 'scripta
334 890 592 928 committimus
607 897 642 928 et
658 893 820 929 districte
837 894 1089 938 praecipiendo
1113 894 1336 934 mandamus,
1355 896 1532 936 quatenus
1547 904 1609 927 vos
1623 895 1659 927 et
1674 891 1808 936 singuli

185 952 343 985 vestrum
360 948 398 983 in
414 947 568 993 singulis
585 947 792 983 civitatibus
809 949 936 984 vestris
963 953 999 983 et
1025 949 1247 984 dioecesibus
1270 960 1333 992 per
1356 959 1418 983 vos
1434 959 1494 982 seu
1512 947 1624 982 alium
1641 948 1697 983 vel
1720 947 1810 982 alios

185 1002 455 1039 adinventiones
467 1003 674 1046 hujusmodi
691 1015 752 1038 seu
770 1003 861 1039 ritus
878 1004 1080 1048 prophanos
1093 1005 1194 1047 (quos
1209 1014 1282 1038 una
1298 1015 1380 1037 cum
1404 1002 1646 1043 societatibus,
1661 1014 1809 1047 congre-

184 1057 402 1103 gationibus,
419 1057 562 1092 statutis
586 1061 621 1092 et
637 1057 926 1093 ordinationibus
950 1058 1176 1102 supradictis,
1195 1058 1256 1101 qui
1274 1069 1322 1098 sc,
1340 1061 1381 1092 ut
1397 1057 1651 1101 praemittitur,
1670 1057 1808 1101 Flagel-

184 1113 317 1148 latores
331 1112 525 1156 appellant,
553 1112 744 1147 temerarie
769 1117 972 1154 attentatos,
988 1114 1031 1148 de
1048 1114 1242 1148 eorundem
1260 1114 1413 1148 fratrum
1431 1115 1635 1146 nostrorum
1659 1111 1809 1146 consilio

184 1169 378 1211 perpetuae
394 1165 630 1209 prohibitioni
648 1167 867 1210 subjecimus
884 1171 918 1202 et
934 1172 1104 1212 tanquam
1122 1167 1267 1202 illicitos
1282 1167 1577 1211 reprobavimus),
1595 1167 1809 1202 auctoritate

185 1224 307 1257 nostra
337 1221 551 1265 reprobetis,
587 1221 624 1255 in
656 1222 782 1257 vestris
815 1222 1021 1257 civitatibus
1051 1226 1087 1258 et
1118 1222 1358 1263 dioecesibus,
1391 1223 1561 1266 reprobos
1591 1226 1627 1257 et
1662 1222 1809 1257 illicitos

183 1275 327 1320 publice
342 1275 582 1317 denuncietis3
600 1286 642 1310 ac
658 1287 780 1311 omnes
793 1279 866 1311 tam
886 1277 1035 1311 elericos
1051 1277 1252 1312 saeculares
1275 1288 1382 1320 quam
1395 1276 1580 1321 regulares
1595 1279 1631 1311 et
1642 1276 1753 1311 laicos
1765 1276 1809 1312 de

183 1330 368 1376 praedicta
382 1330 628 1374 superstitiosa
651 1334 747 1365 secta
773 1331 830 1365 vel
857 1331 1026 1366 societate
1043 1342 1269 1374 quocumque
1285 1330 1429 1366 nomine
1444 1330 1634 1365 existentes
1650 1331 1706 1365 vel
1729 1341 1808 1365 eam

183 1387 358 1420 sectantes
380 1385 594 1419 auctoritate
618 1385 801 1428 praedicta
824 1397 970 1420 monere
999 1389 1035 1420 et
1061 1385 1232 1420 inducere
1258 1385 1442 1426 studeatis,
1467 1388 1508 1420 ut
1531 1386 1576 1420 ab
1603 1385 1808 1428 hujusmodi

183 1438 422 1480 observantia,
455 1442 551 1474 secta
579 1442 615 1474 et
641 1450 733 1474 nova
761 1439 938 1484 religione
969 1439 1129 1475 totaliter
1155 1439 1325 1474 desistere
1355 1443 1391 1474 et
1419 1439 1560 1474 resilire
1591 1443 1806 1483 procurent3

184 1495 350 1539 quodque
366 1494 486 1528 nullus
502 1493 668 1538 deinceps
681 1494 904 1538 praedictam
918 1498 1049 1530 sectam
1067 1507 1128 1529 seu
1146 1494 1435 1529 conventiculum
1453 1496 1657 1538 praesumat
1672 1494 1809 1529 intrare

183 1552 248 1585 aut
267 1550 360 1585 ritus
386 1552 422 1584 et
447 1552 581 1584 statuta
606 1549 819 1585 societatum
847 1549 1055 1594 hujusmodi
1081 1550 1294 1591 observare;
1313 1549 1535 1584 contrarium
1560 1550 1729 1585 facientes
1746 1562 1810 1594 per

183 1615 372 1641 censuram
395 1604 674 1640 ecclesiasticam
697 1605 894 1640 coercendo
916 1616 1054 1640 necnon
1079 1616 1150 1646 θος,
1169 1604 1207 1639 in
1232 1615 1320 1648 quos
1343 1605 1575 1648 temporalem
1587 1604 1808 1649 jurisdictio-

183 1671 266 1696 nem
291 1659 442 1700 habetis,
460 1670 524 1703 per
550 1670 682 1703 poenas
709 1660 936 1704 temporales,
962 1660 1006 1696 de
1029 1659 1160 1704 quibus
1186 1659 1354 1703 expedire
1377 1659 1551 1702 videritis,
1569 1660 1808 1705 appellatione

184 1714 390 1758 postposita,
409 1714 642 1758 compellatis.

229 1768 323 1804 Sane
339 1772 380 1805 ut
401 1769 561 1814 religiosi
589 1773 625 1805 et
650 1769 714 1804 alii
741 1781 907 1805 errorum
935 1769 1113 1813 magistri,
1132 1769 1190 1814 qui
1222 1769 1463 1814 praedicando
1486 1773 1521 1805 et
1536 1770 1809 1815 dogmatizando

183 1824 363 1868 simplices
379 1824 574 1868 decipiunt,
593 1829 628 1860 et
644 1825 742 1861 caeci
760 1825 930 1860 ducatum
960 1824 1075 1860 caecis
1099 1825 1308 1869 praebentes
1335 1825 1429 1869 ipsos
1456 1837 1577 1860 secum
1603 1825 1642 1859 in
1669 1825 1809 1860 foveam

183 1879 345 1921 trahunt,
363 1882 399 1915 et
414 1879 444 1914 si
468 1891 540 1915 non
556 1880 679 1915 divino
696 1891 829 1921 amore,
849 1881 975 1915 saltem
993 1880 1152 1915 humana
1168 1880 1376 1916 confusione
1391 1891 1413 1915 a
1436 1883 1509 1915 tam
1533 1880 1657 1924 iniquo
1681 1891 1808 1927 propo-

184 1934 253 1970 sito
268 1938 493 1976 revocentur,
511 1946 633 1970 omnes
649 1938 684 1970 et
701 1935 863 1980 singulos
887 1934 1133 1979 cujuscunque
1156 1935 1227 1970 sint
1249 1935 1398 1976 ordinis,
1416 1935 1615 1980 religionis,
1635 1935 1807 1979 praeemi-

185 1990 328 2026 nentiae
343 1991 399 2026 vel
414 1994 537 2032 status,
557 2003 643 2035 quos
660 1991 697 2026 in
717 1991 921 2035 praemissis
939 1991 1038 2026 vobis
1054 1991 1254 2027 constiterit
1267 1991 1469 2035 deliquisse,
1480 1990 1559 2034 capi
1570 1990 1721 2031 faciatis,
1737 2002 1809 2026 non

184 2047 348 2082 obstante
364 2058 578 2091 quocunque
594 2047 788 2092 privilegio
805 2047 860 2081 vel
877 2047 1030 2087 indulto,
1050 2048 1145 2091 quod
1161 2047 1212 2082 eis
1232 2047 1270 2082 in
1287 2047 1386 2082 nullo
1409 2046 1601 2092 suffragari
1628 2047 1805 2088 volumus,

182 2104 258 2138 tam
275 2101 338 2137 diu
355 2101 515 2146 captivos
531 2102 733 2142 detineatis,
751 2102 867 2136 donec
883 2102 982 2136 aliud
999 2113 1019 2136 a
1037 2101 1138 2136 nobis
1153 2101 1363 2146 acceperitis
1379 2101 1418 2136 in
1434 2101 1623 2142 mandat-is,
1642 2101 1808 2136 invocato

179 2156 231 2196 ,ad
247 2156 327 2198 hoc,
345 2156 375 2190 si
392 2168 481 2201 opus
496 2157 616 2198 suerit,
635 2157 771 2192 auxilio
788 2157 927 2192 brachii
943 2156 1149 2192 saecularis.

229 2211 302 2246 Per
332 2210 516 2255 praedicta
547 2214 670 2246 tamen
701 2223 926 2255 nequaquam
958 2211 1178 2246 intendimus
1204 2210 1411 2255 prohibere,
1445 2222 1489 2245 ne
1521 2210 1654 2245 Christi
1686 2210 1808 2245 fideles

185 2264 391 2310 impositam
417 2265 485 2300 sibi
513 2265 771 2309 poenitentiam
796 2265 853 2300 vel
876 2264 984 2301 etiam
1008 2277 1081 2300 non
1107 2264 1322 2309 impositam,
1348 2265 1541 2300 dummodo
1567 2267 1666 2300 reeta
1692 2264 1806 2300 inten—

185 2320 285 2356 tione
309 2323 346 2355 et
368 2332 460 2365 pura
487 2321 674 2356 devotione
702 2321 748 2356 ad
771 2321 871 2355 illam
898 2322 1139 2365 peragendam
1164 2321 1358 2364 procedant
1384 2320 1422 2355 in
1449 2320 1523 2354 suis
1549 2320 1724 2364 hospitiis,
1751 2321 1808 2356 vel

184 2376 276 2412 alias
291 2376 425 2420 absque
448 2376 702 2420 superstitiosis
725 2376 1078 2422 congregationibus,
1095 2376 1325 2412 societatibus
1348 2379 1384 2411 et
1406 2376 1666 2411 conventiculis
1687 2387 1809 2420 supra-

186 2430 294 2466 dictis
306 2430 441 2475 possint
457 2431 575 2466 facere
593 2435 627 2466 et
642 2443 679 2466 se
697 2431 734 2466 in
751 2431 853 2466 bonis
867 2431 1066 2466 exercendo
1081 2431 1257 2466 virtutum
1273 2430 1412 2466 actibus
1429 2430 1593 2472 Domino,
1613 2434 1718 2474 prout
1733 2430 1810 2475 ipse

186 2484 429 2529 inspiraverit,
448 2484 486 2519 in
502 2484 720 2520 humilitatis
735 2485 863 2529 spiritu
877 2484 1068 2520 deservire.

231 2540 420 2575 Caeterum
438 2539 523 2583 quia
539 2544 743 2584 praesentes
759 2539 900 2575 litterae
916 2543 1097 2584 nequeunt
1112 2539 1264 2584 singulis
1286 2542 1444 2575 vestrum
1472 2543 1618 2584 propter
1644 2540 1807 2576 locorum

175 2595 396 2630 discrimina
422 2597 607 2632 commode
635 2597 867 2641 praesentari,
897 2597 1062 2631 volumus
1089 2597 1185 2640 quod
1218 2607 1282 2640 per
1311 2599 1357 2637 te,
1386 2596 1499 2630 frater
1526 2595 1806 2640 archiepiscope,

187 2663 311 2686 earum
328 2654 611 2696 transsumptum
629 2651 773 2696 publica
789 2662 897 2685 manu
915 2651 1087 2695 scriptum
1103 2654 1139 2686 et
1161 2654 1223 2686 tuo
1251 2650 1510 2686 communitum
1534 2650 1655 2696 sigillo
1681 2651 1808 2687 vostris

186 2706 424 2751 suffraganeis
439 2706 716 2746 transmittatur,
732 2705 790 2740 cui
807 2705 970 2740 adhiberi
988 2706 1151 2740 volumus
1168 2706 1308 2749 plenam
1327 2706 1444 2740 tidem.

231 2760 362 2796 Datum
379 2761 576 2802 Avenione,
594 2760 683 2796 XIII
696 2761 840 2796 kalend.
860 2761 1082 2801 Novembris
1099 2761 1326 2805 pontificatus
1340 2760 1451 2795 nostri
1467 2772 1562 2796 anno
1577 2764 1715 2796 octavo.

536 2846 768 2889 Trithemius,
787 2846 948 2882 Annales
964 2846 1262 2892 fflrsauqae‘enses,
1280 2846 1357 2881 deel
1374 2846 1419 2887 11,
1435 2846 1500 2882 blz.
1519 2848 1674 2891 209-211,Ι
