2097 3466
286 305 327 338 92
970 299 1102 336 ANNO
1129 300 1230 334 1233

285 396 445 432 revelare
461 394 674 439 simpliciter
687 397 951 439 proenrarunt;
970 394 1021 429 ita
1045 393 1140 438 quod
1157 396 1258 437 pater
1278 392 1354 428 filio
1374 393 1430 428 vel
1450 391 1567 434 uxori,
1585 391 1681 427 filius
1710 392 1786 436 ipse
1800 392 1908 437 patri,

285 462 376 485 uxor
393 450 547 494 propriis
570 450 694 485 liberis
723 454 784 485 aut
809 450 939 485 marito
956 450 1012 484 vel
1036 449 1260 484 consortibus
1283 448 1441 492 ejusdem
1465 447 1627 483 criminis
1656 447 1695 482 in
1718 448 1787 482 hac
1809 451 1910 492 parte

284 505 351 539 sibi
376 505 603 548 aliquatenus
630 516 702 539 non
725 506 930 549 parcebant,
961 516 996 538 se
1020 504 1166 548 insuper
1193 504 1392 544 offerentes,
1418 503 1512 547 quod
1535 502 1677 546 publice
1707 502 1907 543 mandares
1929 537 1933 542 ,

284 561 351 595 1100
369 571 457 603 pene
475 559 616 603 penitus
632 560 883 599 acclamarent,
902 562 935 594 et
954 558 1120 593 immissis
1138 558 1287 593 nexibus
1319 557 1450 602 ligneis
1465 557 1540 592 sive
1555 557 1709 591 vinculis
1725 557 1909 591 voluntate

284 619 479 659 spontanea
506 615 603 649 circa
620 615 724 656 colla,
743 615 967 649 omnimodae
995 613 1229 647 satisfactioni
1260 613 1346 656 ipsis
1377 613 1421 647 ab
1452 613 1604 648 ecclesia
1634 613 1846 648 indicenda-e
1872 623 1909 647 se

284 671 417 715 singuli
449 671 693 715 exponebant,
719 681 762 704 ex
789 681 941 713 quorum
969 668 1173 703 testimonio
1201 672 1236 702 et
1262 668 1378 702 relatu
1407 670 1504 703 certo
1529 667 1662 702 certius
1690 667 1847 702 didicisti
1874 669 1909 702 et

284 725 450 760 invenisti
467 725 588 765 etiam,
607 725 644 759 in
661 725 737 769 ipsa
753 725 839 758 villa
856 723 1026 758 foetidum
1044 734 1118 757 esse
1132 722 1255 756 nidum
1270 721 1451 765 nequitiae
1466 723 1692 766 supradictae
1709 725 1743 757 et
1758 722 1908 757 eandem

283 780 378 813 ultra
402 779 587 814 infamiam
612 779 846 823 praelibatam
864 789 972 822 supra
988 777 1193 821 opinionem
1219 776 1380 811 omnium
1394 777 1598 821 generalem
1622 776 1790 811 infectam
1807 787 1906 820 prae-

282 835 345 870 fati
364 835 526 870 criminis
543 837 745 880 corruptela
762 849 769 877 3
788 836 837 870 ita
863 835 956 877 quod
980 834 1040 868 vix
1058 836 1120 868 aut
1136 844 1319 876 nunquam
1346 833 1477 876 poterit.
1500 833 1545 867 ad
1570 832 1664 867 viam
1682 832 1907 867 rectitudinis

281 890 455 928 revocari.
475 902 557 925 cum
574 892 618 925 ab
642 902 683 925 ca
708 891 776 924 tide
793 889 971 924 catholica
987 900 1077 932 pene.
1098 888 1239 932 pcnitus
1255 888 1415 931 relegata
1430 887 1632 922 habitantes
1654 887 1705 921 ibi
1726 887 1771 921 ad
1787 887 1908 921 confu—

280 945 416 980 sionem
440 945 551 989 ipsius
574 946 715 979 occulta
739 944 989 979 conventicula
1013 944 1233 977 celebrantes
1258 941 1455 986 abjecerint
1477 954 1498 976 a
1522 954 1558 976 se
1579 945 1713 987 jugum
1735 943 1907 978 ecclesiae

280 1001 502 1045 disciplinae.
530 1001 615 1035 faeti
643 1012 706 1044 per
733 1012 768 1034 se
795 999 960 1043 magistri
989 998 1131 1033 sceleris
1155 997 1290 1041 pariter
1316 1000 1351 1032 et
1374 997 1518 1038 erroris,
1537 998 1599 1041 qui
1623 999 1723 1033 nullo
1747 1009 1906 1043 unquam

279 1062 439 1101 tempore
462 1057 673 1091 exstiterunt
697 1055 864 1098 discipuli
888 1054 1061 1095 veritatis
1081 1065 1234 1097 quorum
1257 1053 1367 1087 fallax
1383 1053 1533 1088 scientia
1549 1054 1606 1088 vel
1621 1053 1796 1095 doctrina,
1815 1065 1906 1098 quae

279 1112 397 1156 potius
420 1111 627 1155 insipientia
651 1111 722 1145 dici
751 1111 866 1151 debet,
885 1121 967 1143 suos
989 1110 1182 1144 extendens
1206 1107 1371 1152 palmites
1395 1108 1687 1152 circumquaque,
1706 1120 1779 1144 non
1801 1110 1906 1145 flores

280 1166 439 1211 protulit,
470 1167 531 1201 scd
557 1168 710 1201 factores
737 1166 862 1199 mortis
891 1165 1091 1208 pestiferae,
1122 1164 1232 1197 immo
1259 1163 1366 1207 pestis
1393 1163 1599 1198 mortiferae
1634 1174 1675 1198 ac
1716 1164 1906 1200 damnatae

280 1222 486 1267 contagiosa
514 1222 643 1265 poeula
670 1222 859 1266 regionum
888 1221 1034 1255 illarum
1061 1219 1325 1254 habitatoribus
1355 1219 1571 1263 propinavit,
1601 1219 1723 1263 sicque
1748 1220 1906 1256 ministri

280 1277 433 1312 Satanae
450 1277 614 1311 scelerati
631 1277 735 1312 messi
754 1276 905 1310 Divinae
920 1288 1040 1311 semen
1057 1275 1430 1318 superseminaverunt
1447 1275 1612 1319 iniquum
1625 1286 1689 1319 per·
1701 1275 1903 1312 Bituricen-

279 1342 363 1369 scm,
391 1331 703 1374 Rotomagensem,
723 1331 968 1365 Turonensem
996 1333 1031 1364 et
1059 1329 1300 1364 Senonensem
1327 1329 1541 1372 provincias,
1567 1341 1631 1373 per
1656 1333 1769 1365 totam
1795 1331 1904 1367 etiam

280 1386 487 1421 Flandriam
512 1390 546 1421 et
571 1386 642 1420 alia
659 1386 771 1419 multa
788 1386 877 1425 loca,
897 1384 1088 1428 praecipue
1104 1395 1168 1428 per
1183 1383 1303 1417 vicina
1320 1383 1358 1417 in
1375 1395 1486 1427 regno
1504 1384 1680 1419 Franciae
1696 1385 1900 1428 constituta,

278 1444 411 1476 astutos
435 1441 656 1484 decipiendo,
682 1440 861 1483 simplices
888 1440 1100 1479 seducendo,
1119 1439 1291 1473 habentes
1318 1439 1471 1482 speciem
1500 1438 1653 1482 pietatis,
1680 1441 1757 1483 eius
1783 1443 1904 1476 autem

278 1496 446 1530 virtutem
464 1496 605 1539 penitus
621 1496 851 1539 abnegantes,
867 1494 1135 1528 multitudinem
1152 1494 1384 1528 effraenatam
1400 1494 1562 1537 praefata
1576 1493 1746 1538 rubigine
1762 1495 1905 1530 damna-

278 1551 399 1586 biliter
415 1551 799 1594 infecerunt,quorum
817 1562 997 1585 sermones
1013 1561 1120 1594 super
1143 1551 1262 1584 oleum
1279 1553 1361 1584 sunt
1377 1550 1507 1585 molliti
1529 1553 1564 1586 et
1586 1551 1655 1595 ipsi
1673 1552 1798 1596 Jacula
1820 1555 1906 1588 sunt

277 1616 342 1648 pro
365 1608 474 1644 certo,
494 1605 578 1648 quia
602 1605 716 1639 cauda
740 1608 907 1648 pungunt
924 1607 964 1638 ut
987 1604 1127 1647 scorpio
1159 1616 1200 1638 ac
1224 1603 1262 1638 in
1286 1604 1357 1638 fine
1380 1604 1544 1639 mordent
1566 1607 1607 1639 ut
1630 1605 1777 1640 coluber
1803 1608 1838 1641 et
1863 1608 1905 1641 ut

277 1660 371 1704 aspis
387 1672 524 1695 venena
541 1660 643 1704 quasi
670 1661 818 1704 regulus
835 1660 1084 1700 diffundentes,
1103 1663 1138 1694 et
1154 1659 1216 1703 qui
1240 1660 1360 1703 plures
1376 1660 1420 1693 ad
1444 1662 1581 1694 tartara
1597 1672 1718 1695 secum
1740 1661 1901 1704 trahunt,

276 1716 500 1750 arbitrantur
526 1717 642 1759 majus
666 1715 877 1759 obsequium
905 1728 941 1751 se
968 1719 1149 1759 praestare
1182 1715 1255 1750 Deo
1283 1717 1319 1749 et
1344 1714 1453 1749 etiam
1476 1716 1631 1750 aliorum
1651 1717 1793 1762 judicio
1824 1719 1905 1762 plus

276 1772 493 1813 laudantur;
511 1773 556 1806 ab
572 1783 697 1806 eorum
714 1775 834 1807 autem
859 1771 1038 1807 consortio
1061 1771 1251 1815 repellitur
1266 1774 1306 1805 ut
1329 1770 1501 1814 indignus
1518 1771 1679 1815 quisquis
1700 1772 1903 1817 iniquitatis

275 1837 361 1860 suae
378 1825 555 1870 particeps
572 1838 643 1860 11011
659 1826 779 1861 existit
794 1840 802 1867 ς
821 1832 1005 1870 praeterea
1023 1826 1051 1859 si
1073 1826 1153 1869 quis
1168 1826 1292 1869 vulpes
1316 1825 1466 1868 incipiat
1490 1826 1667 1870 prosequi,
1686 1830 1726 1862 ut
1736 1828 1904 1872 jurisdic-

275 1880 409 1915 tionem
431 1882 509 1924 ejus
532 1880 708 1924 effugiant
739 1882 795 1915 vel
820 1881 966 1920 evitent,
985 1882 1031 1915 ad
1053 1881 1162 1915 aliam
1187 1892 1223 1915 se
1246 1881 1467 1915 transferunt
1489 1880 1686 1924 regionem.
1712 1884 1767 1918 Ne
1788 1882 1904 1928 igitur

275 1946 382 1978 super
397 1935 452 1969 liis
466 1947 566 1969 mora
583 1937 784 1978 periculum
801 1937 846 1970 ad
862 1948 898 1970 se
914 1936 1045 1977 trahat,
1061 1936 1197 1970 dictum
1215 1935 1399 1979 negot-ium
1417 1938 1500 1970 tuae
1512 1935 1724 1979 prudentiae
1735 1934 1903 1969 duximus

275 1990 581 2029 committendum,
600 1988 825 2024 devotionem
841 1990 941 2023 tuam
957 1991 1126 2032 rogantes
1141 1988 1313 2023 attentius
1336 1991 1372 2022 et
1401 1990 1585 2023 monentes
1605 1990 1641 2022 et
1663 1987 1702 2021 in
1724 1986 1901 2022 remissio·

274 2056 355 2079 nem
382 2045 449 2079 tibi
477 2044 725 2088 peccaminum
753 2044 994 2089 injungentes,
1021 2046 1195 2087 quatenus
1223 2055 1296 2078 una
1323 2055 1405 2078 cum
1433 2043 1538 2078 dictis
1565 2043 1714 2088 collegis
1751 2043 1824 2078 tuis
1845 2044 1903 2079 vel
1952 2039 1964 2055 ²

273 2111 397 2133 eorum
429 2100 554 2141 altero,
589 2099 618 2133 si
650 2100 754 2134 ambo
786 2110 857 2134 non
885 2099 1042 2142 poterint
1072 2099 1253 2139 interesse,
1287 2110 1330 2133 ac
1357 2099 1641 2134 dioecesanorum
1669 2098 1831 2140 consilio,
1856 2099 1903 2134 ad

273 2153 525 2197 extirpandum
542 2155 584 2188 de
602 2153 690 2188 villa
713 2154 874 2197 praefata
898 2157 933 2188 et
956 2153 1154 2187 convicinis
1169 2153 1390 2197 regionibus,
1411 2155 1518 2198 juxta
1533 2153 1696 2197 priorum
1717 2153 1900 2189 continen-

272 2209 359 2244 tiam
382 2210 581 2250 literarum,
601 2210 821 2244 haereticam
839 2209 1053 2252 pravitatem
1070 2211 1105 2243 et
1127 2209 1334 2253 hujusmodi
1357 2209 1565 2253 vulpeculas
1589 2208 1790 2252 capiendas,
1810 2220 1902 2252 quae

272 2265 442 2299 tortuosis
473 2264 696 2299 anfractibus
723 2264 866 2299 vineam
894 2263 1038 2298 Domini
1065 2264 1222 2298 Sabaoth
1250 2263 1415 2298 demoliri
1444 2263 1621 2305 nituntur,
1653 2264 1826 2298 advocato
1855 2264 1902 2298 ad.

273 2317 353 2358 hoc,
372 2317 401 2351 si
426 2329 567 2353 necesse
594 2318 714 2359 fuerit,
735 2318 882 2353 brachio
911 2317 1077 2358 seculari,
1097 2317 1376 2352 contradictores
1392 2329 1456 2361 per
1479 2328 1666 2352 censuram
1689 2317 1900 2353 ecclesiasti-

273 2384 364 2413 cam,
401 2373 640 2416 appellatione
676 2373 882 2416 postposita,
917 2373 1184 2416 compescendo,
1218 2373 1279 2406 des
1316 2373 1471 2416 diligens
1501 2371 1660 2406 studium
1690 2375 1726 2407 et
1755 2383 1900 2416 operam

272 2427 454 2461 efficacem
471 2427 508 2461 in
524 2430 763 2471 receptatores
779 2431 813 2461 et
830 2427 1032 2461 defensores
1062 2429 1097 2460 et
1120 2427 1278 2460 fautores
1295 2437 1432 2466 eorum,
1455 2426 1836 2462 excommunicationis
1865 2429 1901 2462 et

272 2481 311 2515 in
328 2485 462 2515 terram
478 2493 603 2516 eorum
620 2481 804 2516 interdicti
821 2481 1014 2516 sententias
1030 2482 1294 2525 promulgando
1311 2485 1346 2516 et
1362 2481 1451 2515 alias
1466 2483 1574 2524 prout
1589 2482 1756 2525 expedire
1767 2481 1900 2516 videris

273 2538 519 2581 procedendo;
554 2538 724 2573 attentius
752 2538 972 2582 provisurus,
1003 2549 1048 2572 ne
1075 2538 1137 2581 qui
1165 2537 1333 2573 videntur
1361 2538 1506 2579 reverti,
1525 2537 1723 2572 moliantur
1752 2536 1899 2580 gravius

272 2591 414 2626 vineam
440 2593 585 2626 Domini
609 2593 787 2634 demoliri,
806 2594 901 2627 unde
925 2593 1141 2637 apostolicae
1168 2593 1261 2628 sedis
1287 2596 1420 2628 statuta
1447 2605 1538 2637 quae
1564 2603 1671 2636 super
1692 2592 1899 2638 hujusmodi

272 2645 440 2680 duximus
458 2647 732 2691 promulganda,
763 2647 829 2682 tibi
857 2648 922 2682 sub
946 2648 1046 2682 bulla
1068 2651 1190 2682 nostra
1213 2647 1420 2682 transmissa
1443 2647 1619 2691 inspicere
1648 2647 1781 2691 poteris
1796 2649 1832 2682 et
1853 2648 1898 2682 ab

272 2712 397 2735 eorum
421 2701 561 2735 insidiis
585 2713 650 2745 per
673 2702 887 2745 sapientiam
910 2702 976 2737 tibi
1005 2703 1125 2737 datam
1148 2714 1169 2736 a
1190 2702 1344 2736 Domino
1366 2714 1590 2746 praecavere.
1618 2701 1657 2736 Si
1678 2713 1764 2736 vero
1784 2701 1898 2745 aliqui

271 2755 458 2798 haeretici,
478 2758 557 2792 labe
569 2757 711 2801 penitus
727 2758 905 2802 abjurata,
919 2758 964 2792 ad
980 2758 1150 2792 ecclesiae
1166 2757 1284 2792 redire
1300 2758 1480 2792 voluerint
1495 2757 1681 2798 unitatem,
1696 2756 1782 2800 ipsis
1791 2757 1898 2800 juxta

271 2812 423 2845 formam
448 2812 619 2846 eeclesiae
643 2824 726 2846 cum
743 2812 1038 2847 dioecesanorum
1059 2812 1237 2847 dictorum
1255 2811 1404 2846 consilio
1426 2811 1638 2847 beneficium
1664 2811 1898 2846 absolutionis

270 2867 455 2909 impendas
479 2870 513 2901 et
545 2867 714 2911 injungas
730 2867 792 2908 eis,
812 2868 907 2911 quod
927 2867 1060 2902 talibus
1078 2867 1262 2902 consuevit
1283 2867 1439 2911 injungi.
1458 2867 1514 2901 Ad
1529 2867 1618 2901 haec
1634 2869 1674 2901 ut
1695 2865 1898 2910 praemissis

270 2921 436 2955 omnibus
452 2921 610 2956 officium
633 2922 698 2956 tibi
723 2933 805 2956 cum
832 2922 1023 2966 praedictis
1047 2921 1195 2966 collegis
1215 2922 1286 2956 tuis
1311 2922 1538 2958 commissum
1554 2922 1673 2956 valeas
1696 2921 1846 2956 liberius
1861 2923 1897 2956 et

269 2975 450 3011 efficacius
476 2987 653 3019 exercere,
680 2977 845 3012 omnibus
872 2977 934 3022 qui
959 2978 1005 3013 ad
1031 2977 1337 3022 praedicationem
1360 2981 1460 3014 tuam
1488 2981 1524 3014 et
1547 2977 1728 3013 sociorum
1749 2979 1896 3013 tuorum
