2097 3466
299 259 361 299 294
982 259 1114 294 ANNO
1142 256 1242 294 1372

342 357 416 391 Nos
440 355 567 399 igitur,
585 354 647 399 qui
671 354 851 390 dictorum
876 354 1191 398 praedecessorum
1208 352 1362 398 vestigia
1382 352 1537 388 libenter
1559 352 1781 390 ferventibus
1803 353 1922 390 imita-

297 423 379 446 mur
397 410 586 445 affectibus
618 421 660 444 ac
677 409 760 444 fidei
783 414 818 444 et
841 408 1032 453 religionis
1047 408 1217 452 ampliari
1241 408 1380 442 cultum
1399 412 1434 443 et
1455 409 1629 453 extirpari
1652 409 1786 453 ubique
1801 409 1925 454 hujus·

299 465 395 502 modi
428 465 645 509 pravitatem
676 463 896 499 haereticam
929 465 1114 507 cupimus,
1155 467 1280 498 tenore
1311 463 1554 507 praesentium
1584 464 1685 499 vobis
1715 467 1751 500 et
1779 464 1925 508 utrique

298 526 458 556 vestrum
483 520 522 555 in
545 519 699 555 solidum
717 519 979 554 committimus
996 522 1030 553 et
1054 518 1279 559 mandamus,
1297 521 1473 561 quatenus
1488 529 1550 553 vos
1578 519 1635 553 vel
1657 519 1750 554 alter
1765 521 1926 554 vestrum

297 578 341 611 de
357 575 510 611 consilio
527 575 732 618 aliquorum
750 575 990 609 discretorum
1015 574 1170 608 fratrum
1187 573 1326 608 ordinis
1341 573 1646 618 praedicatorum,
1665 579 1768 618 cujus
1789 574 1925 619 profes-

297 643 395 667 sores
422 631 587 671 existitis,
620 630 781 673 quinque
808 629 897 664 dicti
926 629 1065 664 ordinis
1094 629 1225 664 fratres
1255 629 1299 662 ad
1331 628 1400 663 hoc
1427 629 1574 664 idoneos
1606 630 1644 664 in
1670 629 1752 674 lege
1779 628 1926 664 Domini

298 686 476 731 profunde
493 686 664 726 eruditos,
679 696 833 728 quorum
857 684 1007 719 honesta
1030 684 1256 718 conversatio
1280 683 1483 727 exemplum
1507 684 1645 719 tribuat
1671 684 1869 720 honestatis
1891 687 1927 720 et

297 742 502 776 doctrinam
531 740 684 775 fundant
712 740 855 775 erudita
882 740 978 773 labia
1006 739 1214 780 salutarem,
1244 738 1475 782 inquisitores
1503 742 1630 774 contra
1659 739 1862 776 haereticos
1891 741 1928 775 et

297 797 520 837 defensores,
550 799 793 838 receptatores
825 805 867 828 ac
899 794 1058 828 fautores
1088 793 1296 828 eorumdem
1328 793 1366 827 in
1398 793 1620 836 civitatibus,
1653 793 1855 829 diocesibus
1884 805 1927 829 ac

299 851 497 897 provinciis
513 850 800 895 Moguntinensi,
821 848 1038 890 Coloniensi,
1058 848 1294 892 Trajectensi‚
1314 848 1600 893 salzeburgensi,
1618 848 1928 895 Magdeburgensi

298 911 334 940 et
351 905 550 947 Bremensi‚
570 906 753 950 perpetuis
773 905 907 940 futuris
930 905 1166 948 temporibus,
1184 905 1351 948 quotiens
1375 916 1464 948 opus
1488 905 1568 947 erit,
1587 904 1639 940 ita
1661 906 1755 948 quod
1780 917 1846 950 per
1868 917 1928 941 eos

298 962 509 1005 hujiismodi
528 962 687 996 officium
705 962 816 1006 possit
833 961 979 1002 ibidem,
997 961 1105 995 dante
1119 961 1284 1001 Domino,
1301 960 1525 995 commodius
1541 964 1576 994 et
1592 960 1735 995 facilius
1751 960 1924 1002 exerceri,

299 1017 517 1051 auctoritate
541 1018 737 1060 apostolica
761 1017 951 1061 deputetis,
970 1017 1031 1060 qui
1057 1016 1165 1051 simul
1188 1016 1244 1051 vel
1267 1015 1474 1060 separatim,
1492 1017 1600 1058 prout
1622 1015 1766 1060 negocii
1789 1014 1928 1050 utilitas

298 1073 476 1113 suadebit,
495 1073 560 1106 sub
578 1084 638 1116 spe
654 1073 830 1108 mercedis
855 1077 1024 1108 aeternae
1051 1073 1089 1107 in
1113 1072 1334 1113 civitatibus,
1357 1071 1559 1106 diocesibus
1575 1074 1610 1106 et
1625 1069 1823 1114 provinciis
1844 1069 1931 1113 ipsis

299 1130 426 1160 contra
454 1126 656 1162 haereticos
688 1131 722 1162 et
754 1129 923 1169 fautores,
949 1128 1152 1162 defensores
1180 1130 1215 1162 et
1245 1130 1491 1169 receptatores
1521 1136 1646 1160 eorum
1673 1124 1868 1161 efficaciter
1896 1127 1932 1160 et

300 1183 453 1217 discrete
472 1183 668 1226 procedant
685 1187 720 1217 et
744 1184 882 1218 dictum
899 1183 1059 1217 officium
1077 1182 1232 1217 fideliter
1249 1185 1491 1224 exequantur.

344 1238 381 1271 Si
421 1249 506 1271 vero
546 1249 609 1272 vos
645 1238 702 1272 vel
731 1239 823 1273 alter
851 1243 1011 1272 vestrum
1039 1238 1197 1280 aliquem
1229 1237 1481 1279 inquisitorem
1504 1234 1713 1279 hujusmodi
1741 1246 1784 1270 ex
1810 1234 1933 1278 aliqua

295 1296 394 1336 Justa
416 1296 451 1327 et
474 1292 686 1328 rationabili
711 1305 820 1327 causa
836 1293 1125 1336 quandocunque
1150 1292 1226 1326 sore
1241 1290 1406 1326 videritis
1429 1291 1681 1331 amovendum,
1702 1289 1818 1334 ipsum
1835 1300 1930 1324 amo-

299 1348 412 1382 veatis
428 1352 463 1382 et
478 1347 706 1383 substituatis
724 1348 838 1383 alium
864 1349 942 1382 loco
967 1347 1022 1382 sui
1046 1346 1213 1390 quotiens
1236 1346 1338 1381 vobis
1362 1346 1420 1380 vel
1445 1345 1550 1380 alteri
1567 1348 1738 1386 vestrum,
1757 1346 1932 1381 delibera-

299 1404 397 1438 tione
413 1415 496 1438 cum
513 1404 695 1447 aliquibus
712 1404 879 1438 discretis
893 1403 1101 1447 hujusmodi
1126 1403 1301 1437 fratribus
1318 1402 1544 1446 praehabita,
1562 1402 1632 1436 hoc
1656 1401 1733 1435 fore
1751 1398 1934 1434 videbitur

299 1458 515 1500 faciendum,
535 1470 640 1502 quem
655 1460 891 1494 substitutum
909 1459 1065 1494 similem
1078 1458 1211 1494 habere
1224 1458 1391 1492 volumus
1403 1460 1633 1501 potestatem.
1652 1457 1698 1490 Et
1721 1455 1752 1490 si
1775 1455 1934 1497 aliquem

300 1513 357 1547 vel
383 1513 522 1555 aliquos
546 1513 806 1557 inquisitorum
830 1514 991 1558 ipsorum
1019 1513 1192 1548 decedere
1217 1513 1310 1547 forte
1334 1512 1574 1556 contingeret,
1601 1522 1666 1546 nos
1692 1507 1935 1545 substituendi

299 1567 343 1601 de
360 1567 510 1602 consilio
534 1568 741 1612 hujusmodi
768 1569 1010 1604 discretorum
1033 1569 1147 1603 alium
1171 1568 1227 1602 vel
1257 1568 1347 1602 alios
1380 1568 1460 1602 loco
1484 1567 1583 1602 illius
1606 1566 1664 1602 vel
1687 1566 1846 1607 illorum,
1871 1563 1935 1608 qui

299 1622 529 1665 decesserint,
548 1624 599 1658 ita
615 1625 710 1667 quod
723 1624 933 1667 hujusmodi
946 1623 1132 1658 substituti
1151 1624 1276 1659 eadem
1293 1623 1511 1658 auctoritate
1534 1626 1567 1657 et
1592 1625 1769 1666 potestate
1784 1621 1935 1666 fungan-

301 1683 372 1720 tur,
388 1679 489 1713 vobis
505 1684 540 1714 et
556 1680 706 1714 cuilibet
724 1684 883 1715 vestrum
902 1679 1135 1714 concedimus
1152 1684 1278 1714 tenore
1296 1679 1539 1723 praesentium
1556 1679 1783 1713 facultatem.

345 1733 395 1768 Ut
421 1734 537 1779 igitur
565 1736 694 1770 fratres
723 1736 901 1779 praedicti
930 1740 1134 1779 praesentes
1163 1739 1197 1770 et
1225 1735 1370 1780 posteri,
1395 1746 1484 1778 quos
1511 1735 1556 1768 ad
1584 1734 1654 1769 hoc
1682 1745 1746 1779 per
1773 1744 1836 1768 vos
1876 1731 1936 1767 vel

301 1799 522 1823 successores
539 1792 687 1829 vestros,
706 1789 768 1831 qui
787 1793 894 1823 erunt
916 1799 982 1832 pro
1003 1793 1180 1832 tempore,
1197 1789 1241 1822 ad
1259 1789 1485 1832 praedictum
1512 1787 1759 1831 Inquisitionis
1774 1786 1935 1821 officium

301 1844 339 1878 in
356 1843 462 1878 dictis
479 1843 699 1882 civitatibus.
719 1843 923 1878 diocesibus
940 1847 975 1878 et
997 1843 1198 1887 provinciis
1223 1845 1465 1878 exercendum
1482 1843 1676 1888 contigerit
1691 1842 1870 1887 deputari,
1889 1842 1935 1876 ad

301 1898 556 1941 extirpandum
584 1897 628 1932 de
656 1898 819 1942 ipsarum
848 1898 981 1932 finibus
1012 1903 1148 1942 pestem
1177 1899 1377 1942 praefatam
1407 1899 1522 1933 libere
1551 1898 1747 1942 procedere
1776 1898 1934 1940 valeant,

303 1953 444 1988 nullum
469 1964 576 1996 super
600 1953 669 1987 hoc
699 1953 999 1996 impedimentum
1033 1954 1304 1996 quomodolibet
1338 1953 1512 1996 habituri,
1531 1953 1748 1989 auctoritate
1770 1964 1935 1997 praesen·

301 2009 393 2043 tium
410 2009 476 2043 sub
493 2008 735 2043 anathematis
750 2019 868 2051 poena
884 2009 1085 2043 districtius
1102 2008 1320 2049 inhibemus,
1339 2020 1384 2043 ne
1400 2009 1532 2052 aliquis
1553 2012 1800 2052 cuiuscunque
1816 2007 1934 2053 digni-

301 2065 397 2105 tatis,
411 2067 537 2105 status,
554 2063 694 2098 ordinis
709 2063 766 2098 vel
784 2064 1003 2098 conditionis
1019 2063 1187 2106 existant,
1203 2065 1344 2098 etiamsi
1360 2064 1611 2108 patriarchali,
1637 2062 1937 2108 archiepiscopali

300 2119 358 2152 vel
383 2118 590 2162 episcopali,
610 2118 790 2161 imperiali
813 2119 869 2153 vel
893 2118 1009 2163 regali
1033 2125 1098 2153 aut
1121 2120 1195 2153 alia
1218 2119 1382 2161 qualibet
1405 2119 1544 2163 fulgeat
1569 2118 1760 2163 dignitate,
1793 2119 1935 2153 eosdem

300 2173 545 2216 inquisitores,
566 2173 760 2215 quominus
776 2173 935 2207 officium
954 2173 1205 2216 Inquisitionis
1229 2173 1436 2217 praedictae
1453 2174 1591 2217 possint
1616 2174 1656 2208 in
1678 2173 1786 2208 dictis
1809 2173 1936 2207 civita-

302 2229 411 2269 tibus,
423 2227 626 2263 diocesibus
640 2233 673 2263 et
687 2228 884 2272 provinciis
898 2228 1012 2263 libere
1027 2239 1206 2269 exercere,
1219 2228 1489 2271 quomodolibet
1501 2227 1678 2273 impedire
1691 2230 1934 2274 praesumant,

303 2284 467 2327 quinimo
483 2284 650 2318 volumus
674 2286 709 2317 et
732 2283 951 2317 auctoritate
977 2282 1165 2326 praedicta
1181 2281 1410 2317 decernimus
1440 2281 1536 2326 ipsos
1559 2282 1605 2316 ad
1633 2282 1874 2318 exercendum
1897 2281 1936 2316 in

305 2338 437 2372 eisdem
469 2337 691 2379 civitatibus,
723 2337 950 2372 dioecesibus
981 2340 1017 2372 et
1052 2337 1250 2380 provinciis
1286 2337 1490 2381 praefatum
1520 2336 1682 2373 officium
1711 2337 1788 2371 sore
1821 2335 1936 2370 libere

304 2393 563 2427 admittendos.

350 2448 517 2482 Ceterum
535 2450 678 2482 nostrae
702 2444 915 2483 intentionis
936 2447 1071 2489 existit,
1092 2447 1187 2490 quod
1212 2448 1282 2482 duo
1306 2445 1539 2491 inquisitores
1557 2450 1635 2490 jam
1651 2445 1758 2481 dictis
1772 2445 1937 2490 partibus

304 2503 523 2538 auctoritate
540 2503 737 2546 apostolica
760 2502 923 2546 deputati
947 2503 991 2537 de
1015 2514 1167 2538 numero
1191 2503 1371 2538 dictorum
1394 2503 1555 2547 quinque
1578 2503 1733 2538 existant
1764 2504 1799 2536 et
1820 2499 1935 2536 libere

301 2557 442 2591 dictum
459 2558 619 2592 officium
635 2566 827 2592 exerceant
844 2558 937 2592 sicut
957 2559 1074 2600 prius.

348 2612 481 2647 Datum
508 2613 603 2657 apud
627 2612 763 2647 Villam
787 2613 926 2648 Novam
950 2613 1213 2649 Avenionensis
1230 2613 1414 2657 dioecesis,
1432 2613 1469 2648 X
1491 2613 1569 2648 kal.
1598 2612 1768 2657 Augusti,
1787 2611 1932 2657 pontifi-

305 2671 407 2702 catus
424 2668 539 2703 nostri
556 2679 651 2704 anno
667 2668 842 2702 secundo.

650 2721 841 2765 Mosheim‚
860 2722 930 2757 blz.
953 2725 1114 2759 380-383.

1062 2823 1177 2867 216.

370 2912 506 2969 1372,
534 2916 746 2968 Hollcmd,
788 2916 996 2960 Brabcmt
1028 2929 1082 2960 en
1115 2916 1285 2960 andere
1312 2917 1553 2974 yewesten.
1591 2913 1830 2960 Uittreksel
1865 2913 1929 2959 uit
