2097 3466
806 219 938 255 ANNO
966 232 996 255 c.
1025 221 1126 255 1250
1719 223 1779 256 119

196 310 420 348 Venerabilis
436 316 472 349 et
488 313 562 349 Deo
579 313 710 360 dignus
724 314 916 355 Guiardus,
937 313 1203 351 Cameracensis
1220 313 1417 359 episeopus,
1437 313 1542 358 (siout
1562 325 1583 349 a
1605 313 1777 350 fratribus

151 368 288 403 ordinis
304 369 592 412 praedicatorum
617 371 767 411 audiui).
787 383 867 405 cum
894 371 929 405 in
955 372 1012 405 via
1037 374 1162 405 contra
1187 370 1473 414 Antwerpienses
1490 371 1665 406 hereticos
1688 375 1774 415 aput

151 424 404 468 Affiigemense
447 427 704 460 monasterium
752 427 945 461 Brabantie
984 427 1021 460 in
1060 425 1219 470 regulari
1265 426 1512 460 observatione
1550 426 1774 461 strictissima

150 480 262 514 vitam
289 492 390 514 suam
420 481 489 514 fine
518 481 722 516 beatissimo
751 482 987 523 terminasset,
1017 481 1053 515 in
1082 481 1158 525 ipso
1186 484 1346 524 tempore
1378 481 1605 524 migrationis
1632 481 1775 515 cuidam

150 534 253 569 fratri
269 535 557 578 praedicatorum
572 548 635 579 per
647 537 853 580 sumpnium
866 536 1031 580 apparuit
1051 536 1087 570 in
1102 536 1287 570 Gandauo.
1305 535 1370 570 Cui
1390 536 1518 569 frater:
1538 555 1552 563 ι»
1571 537 1769 577 Quomodo,

150 588 278 632 inquit,
297 592 409 633 pater,
429 589 493 623 tibi
511 593 563 624 est
578 590 588 623 ζ
604 607 618 617 w
639 591 681 625 Et
699 591 758 625 ille
777 591 891 635 inquit
908 603 914 625 :
937 607 951 618 n
972 591 1137 625 Mortuus
1153 602 1231 624 sum
1248 590 1408 625 debitum
1427 602 1615 625 6011011006
1631 592 1773 625 soluens

149 643 365 678 conditionis
392 643 560 678 humane.
579 665 623 669 —
647 646 857 686 Quomodo?
878 663 892 674 ··
919 646 1047 689 inquit.
1072 665 1116 670 --
1141 660 1155 672 ⁶⁴
1184 646 1275 679 Ecce
1303 646 1348 679 ad
1372 645 1457 679 satis
1481 658 1611 687 graues
1639 645 1774 680 transio

150 709 269 742 penas,
288 698 496 742 priusquam
513 701 558 734 ad
576 701 730 745 gloriam
749 704 956 742 trans-strar,
975 702 1240 747 expurgandus
1263 718 1278 732 υ
1299 702 1342 735 Et
1358 713 1439 735 mox
1457 702 1589 735 frater:
1610 715 1624 727 ιι
1646 702 1734 741 Que,
1758 717 1772 729 n

149 753 278 796 inquit.
300 769 314 780 ει
335 765 424 797 pene
451 755 608 789 1111116ἔί
636 757 701 789 Cui
728 756 812 791 illc:
844 772 859 784 «ι
880 757 1001 791 Nimia
1028 757 1212 797 sonoritas,
1234 772 1249 784 n
1274 755 1403 799 inquit,
1434 769 1450 782 κ
1477 766 1533 788 me
1561 754 1776 796 culpabilem

149 808 306 843 reddidit
321 812 355 843 et
372 811 621 854 purgandunn
637 812 698 846 scd
712 812 769 846 via
787 812 864 851 ista,
881 824 951 856 qua
968 816 1091 847 contra
1106 811 1283 846 hereticos
1296 822 1360 854 pro
1373 810 1608 854 expurganda
1621 809 1772 845 ecclesia

150 863 291 898 avidius
307 863 504 906 inhiabam,
524 878 651 909 penam
669 879 783 901 meam
807 867 995 902 imminuet
1011 871 1043 902 ct
1066 866 1282 901 accelerabit
1303 865 1457 911 gloriam
1482 866 1553 899 iam
1577 865 1737 900 dilatam.
1759 881 1774 893 n

498 942 654 977 Thomas
680 943 974 987 Cantipratensis,
1000 943 1147 977 Bonum
1176 942 1387 976 universale
1415 942 1460 976 cle
1487 942 1629 986 apibus,
1659 942 1720 976 lib.
1747 942 1774 982 Ι,

540 1010 617 1041 cap.
638 1002 656 1032 4
674 998 711 1032 111
728 999 809 1039 finc,
830 999 1053 1043 aangehaald
1071 999 1160 1032 door
1176 997 1399 1038 Diercxsens,
1418 997 1633 1041 Antverffia,
1648 997 1726 1030 (1661
1745 997 1772 1035 1,

539 1052 604 1086 blz.
626 1054 688 1086 ‘272
705 1063 749 1086 611
766 1052 855 1086 door
871 1052 1029 1086 Mertens
1046 1062 1090 1085 en
1108 1051 1224 1090 Tora,
1247 1049 1506 1084 Geschiedenis
1524 1060 1596 1082 van
1611 1050 1774 1082 Amwer·

535 1117 621 1151 pen,
640 1107 718 1140 (1661
736 1107 762 1147 Ι,
779 1107 845 1141 blz.
865 1109 939 1148 410,
956 1108 1040 1140 noot
1058 1109 1087 1140 1.
1103 1104 1290 1150 (Bissehop
1307 1104 1488 1140 Guiardus
1505 1103 1658 1139 stierfin
1676 1106 1771 1138 1247.

537 1163 582 1197 ef.
602 1161 761 1203 Raissus,
782 1162 934 1206 Belqica
954 1160 1180 1203 Christiana,
1200 1161 1265 1196 blz.
1286 1160 1375 1204 136.)

903 1297 1017 1343 125.

210 1428 466 1472 Omstreeks
508 1429 648 1481 1250,
683 1428 977 1483 Antwerpen.
1023 1425 1262 1469 Uittreksel
1295 1426 1358 1469 uit
1390 1439 1466 1468 een
1502 1423 1775 1468 handschrist

146 1497 222 1540 der
251 1498 317 1540 13Θ
339 1511 477 1548 6611111,
505 1497 766 1540 bevattende
790 1511 895 1539 eene
920 1497 1009 1553 lijst
1032 1497 1109 1539 der
1130 1495 1437 1539 veroordeelde
1463 1495 1664 1551 delingen
1687 1507 1773 1536 van

144 1567 463 1623 Antwerpsehe
495 1566 680 1610 ketters.
717 1593 773 1598 —
806 1567 917 1608 Deze
949 1566 1153 1621 dolingen
1186 1563 1398 1608 betreffen
1431 1564 1482 1606 de
1514 1563 1692 1614 aflaten,
1721 1563 1774 1606 (16

144 1636 232 1688 1161,
266 1636 317 1678 (16
350 1637 609 1687 aalmoesen,
638 1636 688 1678 de
712 1635 911 1678 armoede
943 1649 995 1677 en
1028 1635 1110 1677 den
1134 1634 1336 1691 rijkdom,
1363 1634 1415 1676 de
1439 1632 1770 1683 onkuisehheid,

145 1705 226 1748 den
251 1704 482 1757 banvloek‚
520 1706 570 1748 de
598 1705 827 1761 zaligheid,
865 1705 917 1747 (16
952 1704 1154 1747 maehten
1188 1704 1264 1745 der
1299 1703 1522 1758 priesters,
1560 1703 1612 1745 (16
1647 1702 1776 1744 dood-

143 1774 324 1826 zonden‚
360 1775 442 1818 den
476 1774 647 1817 diefstal
675 1776 777 1832 jege
799 1788 832 1816 is
867 1774 1025 1829 rijken‚
1061 1773 1112 1815 (16
1146 1773 1398 1830 maaltijden
1430 1771 1486 1829 bij
1525 1771 1680 1829 rijken‚
1722 1771 1774 1813 de

145 1844 607 1900 ongehoorzaamheid,
634 1844 686 1887 de
708 1843 931 1887 waarheid
951 1843 1026 1885 der
1050 1843 1102 1885 H.
1126 1842 1303 1893 Schrift,
1326 1842 1376 1884 de
1395 1841 1650 1889 communie,
1675 1854 1769 1883 enz.

191 1968 266 2002 Hec
280 1973 364 2002 sunt
381 1967 534 2009 hereses,
555 1979 623 2013 que
638 1969 788 2013 fuerunt
807 1969 1006 2013 dampnate
1022 1972 1149 2002 contra
1168 1967 1347 2013 quosdam
1366 1967 1410 2000 de
1426 1967 1639 2010 Ancverpia.

190 2024 365 2059 Dicebant
383 2025 477 2068 quod
493 2024 724 2068 indulgencie
742 2025 962 2068 prelatorum
981 2035 1052 2057 non
1070 2027 1219 2067 prosunt
1235 2022 1436 2057 animabus

190 2081 278 2115 Item
297 2081 392 2124 quod
408 2080 590 2115 infernum
608 2092 679 2114 non
695 2080 763 2115 erit
782 2083 857 2123 post
874 2079 968 2114 diem
980 2079 1125 2125 judieii.

190 2136 278 2171 Item
296 2137 390 2180 quod
408 2137 528 2170 nullus
545 2139 657 2179 potest
675 2137 760 2170 dare
777 2135 1009 2171 elemosinam
1026 2137 1069 2170 de
1085 2136 1279 2179 superfluo.

190 2193 277 2227 Item
295 2194 389 2236 quod
406 2193 527 2227 nullus
542 2193 641 2227 dives
659 2195 770 2236 potest
789 2192 919 2226 salvari
938 2196 971 2227 et
990 2192 1084 2235 quod
1101 2191 1217 2225 omnis
1234 2191 1332 2225 dives
1348 2194 1398 2225 est
1416 2201 1556 2224 avarus.

190 2248 278 2283 Item
297 2249 391 2292 quod
410 2249 530 2282 nullus
546 2260 683 2291 pauper
700 2252 812 2291 potest
829 2247 1031 2291 dampnari,
1048 2248 1107 2281 sed
1125 2259 1247 2281 omnes
1264 2247 1510 2280 salvabuntur.

189 2305 277 2339 Item
295 2305 390 2348 quod
407 2304 558 2348 simplex
575 2304 767 2339 fornicatio
785 2315 855 2337 non
872 2307 923 2337 est
942 2305 1126 2347 peecatum
1144 2302 1279 2337 viventi
1298 2303 1333 2336 in
1352 2304 1572 2346 paupertate.

188 2361 279 2396 Item
296 2361 391 2403 quod
409 2361 528 2394 nullus
545 2363 658 2404 potest
675 2359 981 2394 excommunicari
999 2359 1054 2393 vel
1074 2359 1398 2393 excommunicare.

190 2416 278 2451 Item
296 2416 390 2459 quod
408 2416 528 2450 nullus
544 2419 657 2459 potest
679 2415 811 2449 salvari
829 2427 910 2449 eum
928 2415 1063 2458 duplici
1081 2418 1176 2449 veste
1194 2415 1351 2458 ejusdem
1369 2414 1522 2458 generis.

188 2472 276 2506 Item
295 2471 388 2514 quod
406 2471 570 2505 sacerdos
586 2470 740 2506 existens
758 2470 795 2504 in
811 2470 955 2505 mortali
981 2482 1051 2504 non
1079 2474 1192 2514 potest
1216 2470 1392 2504 conticere
1418 2480 1481 2503 1166
1505 2469 1687 2503 absolvere
1710 2472 1774 2503 aut

145 2527 273 2572 ligare.

188 2582 276 2617 Item
294 2582 388 2625 quod
406 2593 476 2615 non
493 2584 574 2615 sunt
594 2581 660 2615 nisi
678 2580 747 2615 tria
766 2583 910 2624 peecata
928 2580 1095 2615 mortalia
1110 2592 1116 2614 :
1145 2580 1293 2621 invidia,
1312 2579 1470 2614 avaricia
1487 2583 1522 2614 et
1537 2579 1773 2624 prodigalitas

143 2637 337 2672 indisereta
354 2640 387 2671 et
405 2648 620 2679 cognoscere
637 2648 785 2670 uxorem
803 2647 903 2669 suam
923 2635 1198 2679 impregnatam.

188 2694 276 2729 Item
294 2694 388 2736 quod
406 2693 545 2727 licitum
563 2696 613 2727 est
631 2693 774 2726 aufcrre
791 2691 963 2726 divitibus
980 2695 1012 2726 61
1030 2692 1116 2726 darc
1134 2691 1363 2735 pauperibus.

189 2748 278 2783 Item
297 2747 392 2790 quod
410 2746 565 2781 invitans
583 2746 730 2780 divitem
747 2746 792 2779 ad
809 2746 1015 2779 convivium
1033 2750 1154 2789 peccat
1173 2746 1374 2780 mortaliter
1390 2749 1422 2779 ct
1442 2745 1624 2779 invitatus.

187 2804 275 2838 Item
293 2803 387 2846 quod
408 2802 651 2836 inobedientia
670 2813 738 2835 non
756 2805 808 2836 est
825 2805 1022 2845 peecatum,
1042 2802 1126 2835 dum
1144 2805 1262 2835 tamen
1282 2801 1413 2835 nesciat
1433 2802 1601 2844 prelatus,

188 2859 277 2893 Itcm
293 2858 388 2902 quod
412 2857 564 2901 quilibet
590 2857 755 2892 sacerdos
783 2860 895 2900 potest
926 2856 1110 2891 absolvere
1139 2857 1181 2891 de
1209 2857 1369 2900 quolibet
1398 2859 1542 2900 peccato
1567 2855 1657 2890 sicut
1681 2855 1771 2900 epis-

146 2927 267 2960 oopus.
