2097 3466
786 257 918 292 ANNO
945 258 1040 291 1451
1653 257 1714 291 337

875 387 990 432 319.

155 516 294 567 1461,
321 517 569 560 omstreeks
599 517 815 568 Januarz',
853 517 1053 560 Atreeht.
1093 514 1332 558 Uittreksel
1373 516 1436 558 uit,
1468 516 1519 559 de
1543 516 1721 573 kronijk

93 598 178 628 van
200 585 382 641 Jacques
414 587 476 628 Du
500 585 650 640 Clercq
685 599 788 628 over
811 585 884 628 het
909 586 1112 642 vrijlaten
1136 597 1219 626 van
1245 583 1417 626 Marten
1444 585 1632 628 Cornille
1666 600 1719 629 en

93 664 198 695 over
217 651 270 694 de
302 651 679 703 snmadschristen,
708 652 774 695 die
798 651 1063 710 bedektelijk
1086 652 1127 693 in
1150 651 1316 707 omloop
1341 665 1489 695 waren
1516 655 1645 708 tegen
1668 652 1719 695 de

92 721 345 777 geestelijke
360 735 412 763 en
427 721 695 777 wereldlijke
710 722 961 777 vervolgers
975 721 1052 763 der
1069 720 1351 763 Waldenzen.
1362 745 1415 751 —
1429 721 1600 763 Mar-ten
1616 721 1718 764 Cor-

92 789 210 838 nille,
233 789 299 832 die
322 790 365 832 in
389 789 468 831 den
489 788 649 832 kerker
667 803 750 832 van
769 790 850 832 den
869 789 1190 844 aartsbissehop
1213 802 1296 831 van
1317 790 1538 848 Besangzon
1558 803 1719 845 gevan-

92 871 175 913 gen
199 870 306 909 was,
334 858 452 900 werd
473 858 577 900 door
594 859 644 900 de
668 858 1130 914 vicarissen-generaal
1150 870 1232 899 van
1253 858 1438 900 Atreeht
1457 859 1719 915 vrijgespro-

92 925 195 977 ken,
215 926 425 968 alhoewel
444 927 497 984 zij
520 927 618 968 hem
635 940 820 982 vroeger
838 928 881 969 in
904 928 986 970 den
1005 926 1088 969 ban
1113 926 1188 968 der
1206 926 1327 968 Kerk
1346 926 1515 969 hadden
1534 927 1716 983 gedaan.

94 995 152 1037 Te
175 994 359 1038 Atrecht
383 995 570 1037 strooide
594 1009 690 1037 men
714 995 905 1052 blaadjes
930 996 1077 1051 papier
1102 995 1178 1044 uit,
1207 1008 1383 1051 waarop
1407 1009 1486 1038 een
1516 996 1722 1051 dreigend

95 1063 362 1106 smaaddicht
380 1065 648 1119 geschreven
669 1063 811 1116 stond,
827 1064 998 1119 ger-ioht
1020 1069 1149 1119 tegen
1173 1063 1255 1105 den
1274 1063 1413 1106 deken
1434 1077 1518 1106 van
1538 1064 1723 1107 Atrecht

95 1130 225 1175 Jacob
238 1132 299 1174 Du
316 1132 430 1183 Bois,
445 1132 526 1174 den
546 1132 743 1187 bissehop
758 1146 841 1175 van
858 1132 1080 1183 Beirouth‚
1096 1132 1177 1174 den
1193 1131 1391 1188 bissehop
1408 1147 1489 1175 van
1509 1132 1718 1185 Salubrie,

96 1200 178 1243 den
197 1200 454 1255 inquisiteur
478 1202 622 1244 Pieter
643 1202 701 1242 Le
725 1202 970 1252 Moab-sart,
994 1200 1044 1243 de
1068 1200 1547 1256 viearissen-generaal,
1575 1202 1722 1245 hunne

95 1268 334 1312 advocaten
357 1269 508 1319 paine,
537 1270 735 1319 Fourme,
763 1270 988 1325 Flameng.
1016 1283 1130 1319 enz.‚
1160 1283 1211 1311 en
1246 1273 1374 1325 tegen
1407 1271 1445 1312 al
1482 1270 1532 1313 de
1564 1271 1724 1313 andere

96 1338 350 1394 vervolgers
374 1338 451 1380 der
473 1338 759 1381 Waldenzen.
788 1339 867 1390 (De
899 1339 989 1381 tien
1012 1338 1177 1381 stt-efen
1204 1351 1284 1381 van
1310 1338 1371 1382 dit
1404 1339 1725 1395 sehimpschrift

97 1405 217 1462 geeft
238 1407 300 1450 Du
323 1406 448 1461 Clerq
472 1406 515 1450 in
539 1407 650 1463 zijne
673 1406 886 1464 kronijk.)

144 1529 324 1564 Commeat
341 1528 391 1562 les
408 1531 565 1563 vicaires
580 1529 736 1564 cl’Arras
752 1529 1010 1564 absoulclerent
1028 1531 1174 1566 Martia
1191 1531 1364 1573 Coruino,
1381 1530 1500 1576 lequel
1518 1530 1564 1565 ils
1581 1534 1725 1567 avoienc

99 1586 352 1618 excommunic
371 1595 508 1618 comme
525 1584 710 1619 vauldoz's.

99 1718 190 1748 estre
206 1713 409 1757 prisonnier
433 1725 524 1756 pour
547 1714 579 1748 le
604 1714 667 1748 fait
685 1714 728 1748 de
745 1715 928 1749 vaulderic
944 1727 989 1750 en
1006 1716 1039 1749 la
1057 1716 1178 1759 prison
1195 1716 1237 1750 de
1254 1716 1516 1760 l'archevesque
1533 1717 1575 1752 de
1593 1718 1723 1752 Besan—

98 1781 165 1814 qon
181 1780 226 1804 en
243 1769 473 1812 Bourgogne,
493 1770 609 1812 lequel
634 1770 769 1804 Martin
787 1770 883 1804 avoit
906 1775 1041 1814 envoye
1065 1771 1228 1815 signifier
1243 1783 1306 1805 son
1335 1771 1671 1815 emprisonnement,
1690 1778 1726 1808 et

99 1835 168 1867 que
183 1824 314 1858 durant
331 1824 363 1857 le
377 1828 490 1866 temps
506 1823 608 1866 qu'ils
621 1823 850 1867 proeedoient
866 1835 887 1858 a
903 1836 967 1858 son
980 1825 1331 1860 excommunication
1348 1825 1373 1858 il
1387 1826 1489 1861 estoit
1508 1826 1722 1869 prisonnier,

99 1879 218 1914 iceulx
233 1878 396 1919 vicaires,
416 1879 630 1914 nonobstant
653 1879 732 1922 qu‘a
761 1879 840 1913 leur
863 1891 1015 1922 poureas
1040 1881 1127 1915 ledit,
1150 1881 1286 1915 Martin
1308 1881 1478 1921 Col-nille,
1498 1881 1671 1917 Willame
1694 1883 1728 1917 le

100 1933 236 1968 Febvre
251 1937 287 1968 et
310 1933 420 1968 Hotin
439 1934 530 1978 Loys
553 1935 709 1969 euissent
737 1938 808 1968 este
833 1935 1099 1969 excommunies
1117 1947 1255 1970 comme
1278 1936 1423 1971 atteints
1448 1941 1481 1971 et
1509 1938 1727 1972 convaincus

99 1987 202 2022 dudit
217 1999 286 2028 cas,
307 1987 351 2022 ils
367 1988 510 2023 avoient
527 1992 692 2032 attaeque
709 1989 804 2023 leurs
823 1990 1191 2025 excommunications
1208 2002 1273 2034 par
1288 1991 1338 2026 les
1355 1995 1507 2034 portaux
1524 1992 1585 2027 des
1600 1993 1730 2037 eglises

100 2049 135 2078 et
152 2046 270 2086 portes
286 2043 328 2077 de
345 2043 455 2078 ladite
472 2043 557 2078 ville
574 2044 729 2085 d'Arras,
746 2045 831 2079 ledit
846 2045 982 2079 Martm
995 2050 1088 2080 estre
1104 2046 1232 2079 absous
1249 2046 1349 2080 dudit
1367 2047 1727 2082 exeonnnuniement.

145 2098 304 2133 Environ
321 2111 360 2133 ce
385 2104 497 2143 temps
522 2100 662 2134 feurent
685 2112 729 2134 en
754 2100 933 2143 plusieurs
956 2100 1054 2135 lieux
1078 2102 1121 2135 de
1149 2101 1184 2135 la
1201 2101 1284 2135 ville
1309 2102 1453 2135 d‘Arras
1468 2106 1562 2136 seme
1585 2107 1618 2137 et
1638 2104 1729 2146 Jette

102 2153 208 2188 rolles
223 2153 266 2188 de
283 2153 418 2197 papier,
437 2154 574 2198 esquels
590 2154 693 2189 estoit
711 2155 843 2198 eseript
859 2166 903 2189 en
921 2166 1000 2189 vers
1017 2155 1126 2188 rilnes
1143 2167 1182 2189 ce
1200 2167 1268 2198 que
1284 2156 1429 2190 s'ensust
1443 2167 1449 2189 :

495 2231 560 2265 Les
576 2231 727 2265 traitons
744 2231 888 2274 relnplis
905 2231 948 2266 de
965 2231 1101 2275 grande
1119 2231 1233 2272 envie,

495 2286 544 2320 De
561 2286 755 2320 convoitiso
771 2290 805 2321 et
822 2287 864 2320 de
882 2286 989 2321 venin
1006 2298 1167 2327 convers,

495 2341 564 2375 Ont
582 2341 647 2375 fait
663 2352 794 2385 regner
812 2352 854 2375 ne
871 2353 954 2385 sqay
973 2342 1090 2385 quelle
1107 2341 1304 2381 vaulderie,

494 2395 593 2429 Pour
609 2395 734 2429 cuider
751 2395 904 2438 prendre
921 2407 942 2428 a
959 2398 1030 2429 tort
1048 2398 1081 2429 et
1099 2406 1119 2428 a
1136 2398 1274 2429 travers

496 2450 560 2483 Les
578 2449 677 2483 biens
693 2450 877 2483 d‘aulcuns
895 2450 1056 2483 notables
1073 2454 1107 2484 et
1124 2461 1250 2492 expers

493 2507 588 2539 Avec
606 2506 700 2539 leurs
717 2516 831 2548 corps,
852 2505 948 2539 leurs
966 2506 1114 2538 sennnes
1131 2508 1166 2539 et
1183 2505 1401 2545 ehevanvhe,

497 2559 539 2594 Et
557 2563 683 2594 mettre
701 2570 721 2592 a
737 2563 829 2593 mort
846 2559 906 2593 des
922 2570 1009 2603 gens
1026 2559 1147 2594 d'estat
1164 2560 1293 2594 divers.

498 2614 610 2654 Hach,
630 2614 733 2648 noble
750 2616 872 2655 Arras,
891 2617 928 2648 tu
947 2625 984 2648 as
1002 2614 1081 2648 bien
1099 2625 1141 2648 eu
1162 2614 1377 2648 l'advanche.

495 2715 567 2749 Par
582 2718 653 2758 toy,
671 2714 797 2757 doyen,
817 2713 878 2758 qui
896 2713 1003 2749 tients
1020 2726 1062 2748 en
1082 2714 1113 2747 la
1133 2714 1267 2758 clergie

494 2771 610 2805 Moult
627 2771 772 2810 abhus&
791 2770 939 2805 cuidant
955 2773 1101 2804 trouver
1119 2770 1167 2803 les
1185 2771 1262 2803 sons

497 2826 686 2860 Dhulcuns
703 2829 832 2860 seez-ets
847 2825 890 2860 de
908 2826 942 2859 la
960 2824 1139 2868 t}1‹.·‹.›l‹·gie
1156 2838 1163 2859 :

495 2880 586 2915 Mais
603 2881 713 2924 garde
731 2884 789 2923 toy
806 2892 891 2915 avec
909 2884 960 2915 tos
977 2891 1219 2923 cmnpagnons
1236 2893 1243 2917 :

496 2936 537 2971 de
556 2940 588 2971 1(-
606 2939 772 2979 premcts,
793 2947 881 2970 nous
897 2936 1051 2975 dum-as,
1072 2941 1104 2970 tc
1123 2935 1239 2970 serens
