2097 3466
791 237 923 274 ANNO
950 239 1048 273 1411
1679 234 1741 269 271

111 354 194 380 rum
211 342 334 380 Sancti
352 342 518 385 Quintini
543 342 582 378 in
606 342 842 378 Viromandia
866 339 1116 377 Noviomensis
1138 339 1301 382 diocesis,
1326 338 1530 376 haereticae
1553 338 1743 384 pravitatis

110 400 325 445 inquisitore
355 410 419 444 per
448 399 567 434 sedem
598 398 830 444 apostolicam
862 398 901 433 in
931 397 1064 433 eisdem
1089 395 1234 432 civitate
1265 398 1301 430 et
1326 394 1459 431 diocesi
1491 393 1740 431 Cameracensi

110 454 330 490 sufficienter
345 453 510 489 instituto
526 465 592 498 per
607 466 670 489 nos
687 457 834 489 evocato
851 456 997 498 propter
1012 452 1093 494 hoc,
1111 450 1170 486 cui
1187 449 1394 496 hujusmodi
1413 452 1572 485 nostrum
1599 461 1738 494 proces-

111 521 190 545 sum
213 511 340 544 contra
365 511 401 544 te
427 509 563 544 factum
591 509 811 544 sufficienter
841 506 1200 548 communicavimus,
1232 505 1277 540 de
1304 505 1486 549 ipsiusque
1516 503 1740 548 inquisitoris

111 563 261 600 consilio
277 566 313 600 et
336 574 510 599 consensu
534 563 776 608 procedentes,
795 566 830 598 to
847 564 994 598 fratrem
1009 561 1249 598 VVilhelmum
1273 559 1316 594 (10
1343 558 1600 594 Hildernissem
1616 569 1739 602 supra-

110 618 260 661 dictum,
287 618 372 664 quia
400 619 502 654 nobis
530 618 691 654 constitit
718 622 825 662 atque
857 619 997 652 constat
1028 615 1289 661 propositiones
1316 613 1355 649 in
1377 614 1522 649 divinae
1548 613 1745 659 majestatis

111 675 283 711 offensam
310 686 375 720 per
397 674 713 710 sceleratissimum
740 673 926 710 hominem
955 673 1059 708 illum
1086 671 1281 717 Aegidium
1311 671 1502 706 Cantorem
1530 668 1742 714 publicatas,

112 733 265 767 assertas
279 734 316 767 et
331 730 584 766 collationibus
597 729 748 774 privatis
761 729 930 764 cordibus
942 727 1162 773 simplicium
1176 727 1304 762 infixas
1318 725 1426 761 fuisso
1438 728 1474 761 et
1486 736 1560 760 esse
1577 734 1745 760 erroneas

112 789 149 823 et
163 787 390 822 scandalosas
406 798 448 821 ac
465 785 548 820 fidei
566 785 767 820 catholicae
785 784 985 820 contrarias
1002 786 1038 819 et
1053 783 1232 824 adversas,
1251 791 1358 825 super
1385 780 1515 825 quibus
1541 781 1745 823 suspectum

111 845 147 878 te
169 841 425 877 verisimilibus
449 841 631 877 tenuimus
660 840 890 884 conjecturis,
917 840 963 874 ad
993 839 1134 874 easdem
1167 837 1204 872 in
1229 838 1345 872 forma
1368 835 1464 882 juris
1491 845 1613 870 coram
1642 832 1745 868 nobis

112 897 329 942 abjurandas
345 897 558 940 easdemque
579 896 834 940 reprobandas,
854 895 950 930 clero
968 897 1164 929 convocato
1179 892 1403 928 sollemniter
1425 890 1534 925 hodie
1558 889 1596 924 in
1623 891 1745 923 nostra

113 953 198 988 aula
213 953 406 998 episcopali
424 951 685 993 Cameracensi,
703 953 739 986 et
763 951 989 995 postmodum
1013 949 1051 984 in
1078 949 1165 983 villa
1194 946 1432 987 Bruxellensi,
1453 945 1568 990 primo
1597 944 1635 979 in
1663 944 1742 979 loco

113 1008 271 1052 publico,
298 1007 435 1044 scilicet
463 1010 608 1043 sanctae
639 1007 803 1042 Gudulae
835 1005 1091 1046 Bruxeliensis,
1111 1007 1146 1040 et
1173 1003 1324 1039 ulterius
1348 1002 1387 1037 in
1411 1003 1490 1037 loco
1518 1001 1742 1045 Begutarum

111 1062 254 1108 publice
269 1065 305 1099 et
320 1062 544 1108 intelligibili
561 1074 646 1098 voce
663 1065 698 1098 et
713 1062 760 1097 ad
774 1062 843 1097 hoc
867 1061 963 1105 quod
987 1060 1128 1096 easdem
1151 1060 1295 1104 abjures
1319 1061 1355 1094 et
1380 1057 1561 1102 reprobes,
1588 1066 1742 1100 quarum

111 1118 396 1164 propositionum
413 1118 576 1162 sequitur
590 1120 695 1153 tenor
710 1117 751 1152 in
766 1117 859 1152 haec
874 1117 1006 1151 verba:

156 1188 172 1203 «ι
192 1174 401 1219 Sequuntur
412 1174 477 1209 illa
492 1185 600 1218 super
615 1174 746 1217 quibus
763 1184 830 1218 ego
846 1173 960 1207 frater
975 1171 1198 1208 Wilhehnus
1213 1170 1267 1205 fui
1282 1169 1422 1205 delatus
1437 1166 1634 1204 reverendo
1647 1164 1742 1211 patri

110 1229 257 1265 domino
275 1229 525 1266 Cameracensi
541 1229 720 1274 episcopo,
739 1241 830 1274 quae
841 1228 1068 1274 judicialiter
1091 1227 1256 1272 abjuravi
1273 1229 1308 1262 et
1323 1226 1441 1261 adhuc
1458 1225 1586 1269 abjuro
1601 1225 1636 1258 et
1654 1233 1746 1266 quae

110 1285 260 1330 promisi
291 1288 327 1322 et
349 1285 474 1331 juravi
504 1285 710 1329 reprobare,
745 1286 853 1328 prout
883 1294 926 1318 ea
956 1294 1053 1318 nunc
1080 1282 1224 1327 publice
1251 1281 1417 1325 reprobo,
1447 1278 1533 1323 quia
1559 1277 1746 1313 continent

110 1338 313 1375 doctrinam
341 1340 479 1382 falsam,
510 1351 699 1376 erroneam
745 1342 781 1375 et
820 1338 1054 1380 haereticam,
1087 1338 1265 1372 bonorum
1311 1346 1454 1370 morum
1485 1332 1742 1377 corruptivam,

111 1395 358 1431 scandalosam
373 1398 410 1431 et
425 1395 509 1431 fidei
531 1395 730 1431 catholicae
745 1394 990 1429 subversivam
1014 1395 1049 1429 et
1072 1392 1259 1438 cujusdam
1286 1402 1401 1426 novae
1427 1392 1545 1425 sectae
1568 1386 1744 1433 pernicio-

111 1450 271 1487 sissimae
287 1451 581 1486 introductivam.

155 1506 202 1542 Et
217 1507 334 1551 primo
359 1506 558 1542 imitatores
585 1505 808 1551 subscriptae
836 1508 954 1541 sectae
981 1516 1042 1540 seu
1070 1502 1289 1539 seductionis
1324 1501 1529 1538 haereticae
1556 1503 1686 1537 vocant
1713 1511 1750 1536 se

110 1564 237 1597 mutuo
253 1560 421 1596 homines
441 1561 711 1606 intellzyentiae
726 1564 762 1597 et
784 1561 920 1596 habent
945 1560 1017 1595 duo
1042 1559 1173 1604 capita,
1193 1570 1214 1593 a
1245 1557 1375 1602 quibus
1406 1558 1600 1602 languores
1627 1554 1748 1591 diffusi

111 1619 195 1652 sunt
209 1616 249 1652 in
264 1616 428 1661 pluribus
445 1617 617 1652 membris
631 1616 716 1651 suis.
733 1616 856 1652 Unum
873 1615 1052 1651 dictorum
1070 1613 1229 1658 capitum
1241 1615 1392 1648 vocatur
1401 1613 1513 1648 frater
1523 1611 1745 1648 Wilhelmus

110 1671 156 1707 de
173 1671 433 1707 Hildernissem
450 1671 648 1707 carmelita.
668 1671 779 1706 Aliud
805 1674 858 1706 est
881 1669 1028 1715 quidam
1055 1669 1171 1704 laicus
1197 1668 1402 1710 illiteratus,
1431 1668 1524 1702 forte
1550 1678 1742 1711 sexagena-

111 1726 199 1769 rius,
217 1727 334 1763 dictus
363 1727 538 1773 Aegidius
557 1726 733 1769 Cantoris,
753 1726 814 1771 qui
832 1738 868 1762 se
885 1726 1003 1770 ipsum
1027 1727 1171 1770 reputat
1193 1723 1485 1759 excellentiorem
1508 1722 1604 1758 dicto
1632 1723 1744 1757 fratre

111 1781 326 1825 wilhelmo,
345 1782 560 1827 quibusdam
577 1794 662 1817 suae
691 1781 909 1817 seductionis
925 1781 1021 1816 idem
1038 1778 1346 1821 confirmantibus,
1365 1777 1447 1813 aliis
1462 1780 1584 1813 tamen
1606 1776 1743 1813 dictum

113 1837 265 1872 fratrem
280 1837 524 1874 Wilhelmum
542 1836 838 1882 praeferentibus.

156 1895 188 1928 1.
208 1892 299 1928 Item
326 1892 444 1928 dictus
466 1893 581 1928 laicus
607 1892 775 1927 seductor
801 1890 892 1926 dixit
918 1889 1055 1936 pluries
1082 1888 1276 1934 repetendo
1300 1887 1466 1933 pluribus
1492 1887 1743 1923 audientibus:

101 1947 192 1993 Ego
209 1959 288 1983 sum
304 1948 462 1984 salvator
476 1947 686 1992 hominum3
711 1951 747 1984 et
773 1958 838 1992 per
864 1958 921 1982 me
949 1946 1122 1981 videbunt
1147 1945 1342 1987 Christum,
1361 1944 1455 1980 sicut
1476 1954 1541 1988 per
1564 1942 1747 1979 Christum

112 2006 263 2048 patrem.

157 2061 189 2093 2.
208 2058 298 2094 Item
314 2058 406 2094 dixit
430 2059 525 2102 quod
551 2058 716 2093 diabolus
740 2057 900 2093 finaliter
915 2056 1125 2099 salvabitur,
1143 2056 1205 2091 sed
1229 2057 1316 2091 tunc
1332 2066 1404 2090 non
1428 2054 1498 2090 erit
1517 2053 1694 2095 diabolus,
1711 2056 1746 2088 et

113 2113 390 2158 superbissimus
406 2114 554 2150 Lucifer
577 2115 646 2150 erit
671 2114 910 2156 humillimuS,
936 2116 972 2149 et
995 2113 1091 2158 quod
1118 2112 1276 2148 finaliter
1300 2123 1424 2148 omnes
1446 2110 1610 2147 homines
1633 2111 1745 2146 salva·

117 2169 263 2205 buntur.

157 2227 190 2260 3.
208 2225 297 2261 Item
313 2225 478 2262 diabolus
494 2238 566 2262 non
582 2225 740 2271 portavit
757 2225 951 2261 Dominum
968 2224 1090 2260 Jesum
1107 2235 1215 2268 super
1231 2223 1466 2268 pinnaculum
1483 2221 1619 2266 templi.

157 2284 188 2315 4.
207 2280 297 2316 Item
313 2281 405 2316 dixit
427 2281 543 2318 dictus
568 2281 741 2326 Aegidius
758 2281 865 2325 quod,
891 2280 968 2324 ipso
985 2280 1139 2323 quadam
1155 2278 1234 2314 vice
1249 2281 1356 2314 eunte
1380 2290 1444 2323 per
1458 2277 1566 2319 viam,
1587 2275 1744 2321 Spiritus

115 2334 267 2371 Sanctus
282 2335 472 2380 inspiravit
487 2337 555 2372 sibi
571 2337 660 2372 haec
677 2337 807 2372 verba:
836 2336 892 2371 Tu
909 2347 946 2370 es
969 2335 1184 2371 constitutus
1208 2334 1246 2369 in
1269 2337 1363 2370 statu
1380 2333 1483 2378 pueri
1500 2333 1611 2369 trium
1635 2344 1743 2367 anno-

113 2401 207 2425 rum.
226 2391 307 2426 Non
319 2390 514 2436 jejunabis,
533 2390 644 2426 immo
661 2390 824 2425 comedes
847 2389 1031 2425 lacticinia
1055 2389 1093 2424 in
1115 2387 1402 2433 quadragesima.
1423 2387 1527 2429 Quod
1549 2386 1644 2422 idem
1661 2397 1743 2421 cum

114 2445 195 2480 aliis
211 2445 284 2480 suis
300 2447 536 2482 sectatoribus
551 2450 587 2482 et
609 2445 858 2482 sectatricibus
874 2445 1073 2481 continuat.
1093 2446 1168 2480 Ncc
1184 2446 1314 2479 curant
1329 2442 1397 2487 ipsi
1415 2443 1584 2487 jejunare
1600 2441 1743 2485 quando

115 2500 192 2537 sine
208 2501 378 2537 exteriori
397 2505 481 2537 nota
497 2502 684 2537 comedere
701 2504 848 2546 possunt
865 2512 991 2536 carnes
1008 2499 1108 2535 feriis
1123 2499 1231 2535 sextis
1249 2502 1284 2534 et
1299 2498 1338 2533 in
1355 2496 1643 2542 quadragesima.

159 2558 192 2591 5.
210 2555 299 2592 Item
324 2557 368 2592 de
391 2557 545 2599 statutis,
566 2556 767 2601 praeceptis
790 2559 825 2592 et
852 2555 1141 2591 ordinationibus
1165 2554 1336 2590 ecclesiae
1360 2565 1432 2589 non
1456 2555 1586 2588 curant
1616 2564 1682 2589 nec
1704 2552 1748 2588 (10

116 2610 350 2654 orationibus,
369 2612 528 2648 dicentes
545 2612 641 2656 quod
658 2612 752 2648 Deus
777 2610 865 2647 facit
887 2610 983 2655 quod
999 2609 1175 2655 disposuit
1198 2610 1316 2645 facere
1331 2611 1367 2645 et
1389 2607 1485 2660 quod
1499 2608 1589 2651 vult,
1607 2620 1673 2644 nec
1695 2610 1747 2644 est

115 2677 205 2711 opus
221 2667 400 2703 formandi
417 2667 608 2703 orationes.

159 2724 191 2757 ὓ.
211 2721 300 2757 Item
317 2734 384 2758 nec
400 2726 530 2758 curant
545 2723 587 2758 (10
609 2722 851 2766 confessione3
870 2721 931 2758 sed
946 2722 1062 2757 solum
1079 2721 1125 2757 ad
1140 2719 1428 2766 praecavendum
1441 2718 1485 2754 de
1497 2716 1746 2754 vexationibus

117 2777 308 2814 ostendunt
331 2790 367 2813 se
395 2779 609 2823 quandoque
637 2778 827 2820 sacerdoti,
853 2778 975 2822 aliqua
1000 2790 1091 2822 quac
1118 2778 1163 2812 (10
1189 2789 1226 2812 50
1252 2779 1336 2811 sunt
1366 2774 1508 2810 venalia
1531 2772 1745 2813 confitendo,

117 2833 336 2869 subtacendo
351 2836 453 2869 actus
470 2834 674 2869 luxuriosos
690 2833 897 2868 criminales
913 2836 948 2868 et
963 2833 1036 2868 alia
1052 2832 1219 2869 mortalia
1235 2830 1374 2877 gravia,
1393 2830 1523 2874 quibus
1539 2831 1681 2874 possent
1702 2827 1745 2863 do

118 2887 331 2925 infidelitate
348 2889 477 2931 notari,
496 2893 601 2934 prout
619 2889 732 2933 aliqui
749 2901 791 2924 ex
810 2889 895 2932 ipsis
911 2889 1124 2924 retulerunt.

162 2947 195 2979 7.
214 2944 302 2980 Item
330 2946 471 2982 nullum
501 2945 659 2990 rigorem
686 2944 927 2990 poenitentiae
957 2944 1163 2988 admittunt,
1193 2945 1354 2982 tenentes
1384 2942 1480 2988 quod
1508 2940 1641 2979 talibus
1671 2949 1741 2976 non

119 2998 334 3046 indigemus.
