2097 3466
757 226 892 262 ANNo
916 227 1020 262 1112
1682 229 1724 263 21

90 323 251 380 gingen
272 322 426 367 aldaar
456 323 597 380 geleid
620 322 725 366 door
746 324 908 374 Bruno,
936 321 1136 377 bisschop
1158 334 1245 365 van
1269 321 1406 365 Trier.
1433 347 1490 354 —
1513 321 1722 365 Frederik

90 406 144 436 en
165 393 410 436 Dominicus
429 393 626 443 Willem,
641 396 756 436 twee
777 394 984 448 priesters
1003 405 1085 434 van
1111 392 1230 448 Ivoy‚
1246 392 1518 447 volgelingen
1541 405 1622 434 van
1643 392 1724 434 den

88 461 237 506 ketter
259 464 548 519 Berengarius
571 463 638 519 (2),
666 462 838 505 hieldeu
873 476 920 504 er
942 462 1137 518 geheiine
1160 460 1503 517 bije‹›11k‹>1nste11
1537 475 1588 503 cn
1618 475 1722 504 von-

90 530 172 574 den
195 531 289 574 veel
313 531 607 587 aanhangers,
630 531 697 573 die
715 531 766 573 de
785 531 978 586 dwaling
999 545 1104 574 over
1123 528 1395 585 Luxemburg
1419 530 1720 576 verbreidden.

89 599 152 656 Op
185 600 270 643 last
301 614 386 643 van
419 602 567 643 Bruno
600 600 778 643 werden
810 601 864 656 zij
900 605 986 644 met
1018 604 1132 643 twee
1167 599 1336 649 leeken,
1365 599 1634 642 Hamelricus
1669 613 1723 642 en

90 669 333 721 Diu-andus,
359 668 675 724 aangehouden
709 682 761 711 en
787 684 894 712 naar
915 670 1038 712 Trier
1059 668 1283 726 gebracht,
1310 681 1431 710 waar
1452 668 1504 726 zij
1531 667 1636 712 voor
1669 670 1721 712 de

90 737 253 796 synode
274 737 561 780 verschenen.
587 737 816 780 Durandus
848 737 1043 781 bckende
1075 738 1186 795 zijne
1221 737 1369 793 doling
1391 751 1444 780 en
1477 751 1621 780 zwoer
1652 737 1720 780 die

89 807 146 851 af.
174 807 233 850 De
256 807 440 863 priester
462 806 673 849 Frederik
697 807 933 850 volhardde
967 809 1009 851 in
1042 808 1155 865 zijue
1178 807 1371 863 ketterij,
1399 807 1585 863 hetgeen
1615 821 1721 850 eene

88 873 447 930 volksbeweging
470 876 795 923 veroorzaakte,
821 877 1069 933 gedurende
1093 876 1289 919 dewelke
1313 877 1370 933 hij
1399 876 1441 918 in
1470 876 1499 918 't
1526 875 1719 931 gedrang

90 945 379 987 ontvluchtte.
408 945 467 988 De
489 945 650 988 andere
675 946 861 1002 priester
884 946 1109 989 beweerde
1134 946 1215 1002 vrij
1243 958 1326 987 van
1351 945 1544 1000 dwaling
1572 949 1614 987 te
1639 946 1724 1002 zijn

90 1026 143 1056 en
160 1013 282 1056 werd
304 1017 368 1057 tot
391 1014 567 1070 staving
587 1028 673 1057 van
691 1015 776 1071 zijn
800 1016 989 1072 gezegde
1008 1019 1072 1058 tot
1089 1015 1164 1058 het
1188 1015 1308 1057 lezen
1327 1027 1458 1056 eener
1477 1014 1556 1056 inis
1576 1018 1724 1070 toege-

88 1081 208 1126 laten
231 1096 285 1126 en
309 1082 472 1126 daarna
495 1096 547 1138 op
582 1083 689 1140 vrije
711 1090 867 1128 voeten
891 1085 1075 1141 gesteld.
1101 1083 1365 1128 Naderhand
1398 1083 1564 1125 herviel
1593 1083 1650 1140 hij
1677 1084 1722 1126 in

88 1151 140 1196 de
158 1153 333 1210 ketterij
359 1167 412 1197 en
437 1154 621 1210 ontging
642 1154 768 1197 God's
791 1155 906 1198 straf
922 1155 1028 1207 niet,
1055 1155 1161 1197 daar
1177 1153 1235 1210 hij
1262 1153 1375 1196 later
1392 1152 1456 1196 als
1474 1153 1723 1210 overspeler

88 1222 156 1264 ter
172 1221 284 1266 dood
306 1221 428 1264 werd
449 1221 675 1278 gebracht.

132 1322 205 1360 Per
228 1335 288 1360 eos
317 1324 427 1360 etiam
457 1325 533 1360 dies
563 1326 754 1361 ecclesiam
784 1326 1050 1368 Trevirensem,
1075 1325 1138 1361 vix
1163 1325 1251 1360 dum
1281 1325 1326 1360 ab
1358 1324 1487 1359 infami
1516 1323 1723 1360 schismatis

88 1377 237 1415 dissidio
252 1381 504 1424 respirantem,
523 1381 623 1416 aliud
648 1383 822 1426 perfidiae
837 1383 938 1417 virus
963 1394 1006 1418 ex
1030 1381 1248 1426 Berengarii
1272 1392 1410 1416 veneno
1434 1380 1608 1416 coalitum
1625 1379 1724 1415 affia-

88 1434 154 1470 vit.
172 1436 316 1471 Etenim
344 1436 455 1471 lvodii
480 1437 631 1480 antiquo
657 1438 884 1474 Trevirensis
910 1438 1075 1473 dioecesis
1097 1438 1243 1481 oppido,
1266 1437 1338 1472 duo
1362 1436 1576 1481 presbyteri,
1596 1435 1723 1471 Fride·

88 1491 186 1527 ricus
217 1496 252 1528 et
283 1492 496 1528 Dominicus
528 1493 767 1536 Guilhelmus‚
798 1494 962 1530 nefandis
990 1498 1025 1529 et
1055 1494 1221 1529 absurdis
1248 1493 1462 1536 Berengarii
1490 1491 1722 1535 opinionibus

88 1549 218 1584 imbuti
250 1549 498 1584 detestabilem
529 1558 657 1584 contra
688 1551 987 1595 augustissimum
1013 1554 1281 1585 sacramentum
1324 1548 1566 1584 eucharistiae
1588 1548 1722 1583 doctri-

88 1614 172 1639 nam
215 1603 450 1638 clandestinis
480 1605 718 1639 conventibus
757 1606 1021 1650 propagabant,
1069 1617 1197 1640 verum
1232 1605 1270 1639 in
1309 1606 1539 1639 sacrosancta
1583 1602 1722 1637 hostiae

88 1659 223 1695 Christi
248 1671 380 1704 corpus
395 1665 431 1695 et
456 1660 671 1704 sanguinem
696 1672 771 1695 esse
795 1668 985 1705 negantes.
1011 1661 1135 1704 Itaque
1159 1661 1304 1694 inanem
1331 1658 1543 1703 Berengarii
1566 1657 1721 1702 speciem

92 1715 248 1760 amplexi
280 1716 432 1759 aliisque
465 1716 586 1759 pravis
616 1715 744 1750 infecti
776 1716 956 1760 dogmatis
991 1716 1112 1759 plures
1147 1715 1185 1749 in
1215 1715 1292 1749 dies
1321 1725 1443 1749 secum
1482 1714 1520 1748 in
1564 1724 1725 1748 errorem

93 1772 332 1806 abducebant.
351 1771 441 1806 Cum
467 1776 588 1806 autem
614 1772 737 1806 Bruno
763 1771 1008 1816 comperisset,
1036 1771 1207 1814 perfidiae
1231 1770 1367 1805 semine
1395 1770 1434 1804 in
1460 1769 1726 1813 Lutzeburgen-

93 1826 186 1861 sium
210 1827 309 1871 agris
335 1837 470 1870 sparso,
505 1826 662 1870 quietem
687 1827 858 1861 ecclesiae
882 1826 1089 1871 perturbari
1114 1826 1326 1869 plebemque
1350 1829 1427 1860 tum
1452 1836 1537 1859 sane
1562 1825 1606 1858 ab
1631 1828 1723 1867 ejus-

93 1881 190 1917 modi
215 1883 433 1926 contagione
462 1893 589 1926 puram
618 1893 660 1916 ac
691 1881 893 1925 simplicem
925 1881 1101 1924 perversis
1128 1881 1227 1915 hisce
1252 1881 1436 1915 erroribus
1476 1880 1612 1922 imbui3
1639 1890 1723 1922 quo,

93 1949 138 1972 ne
166 1937 264 1972 labes
287 1949 329 1972 ea
359 1942 566 1981 contempta
596 1937 705 1972 latius
737 1939 975 1982 proserperet,
1005 1948 1080 1971 rem
1112 1937 1157 1970 ad
1189 1936 1402 1981 diligentem
1434 1934 1723 1978 disquisitionem

93 1991 245 2027 adduxit
285 1996 320 2027 et
361 2004 402 2027 eo
429 2003 542 2035 usque
572 1992 778 2036 indagando
803 1992 979 2035 pervenit,
1005 1995 1046 2026 ut
1073 1993 1252 2036 patefacto
1279 1991 1362 2025 dolo
1386 1994 1604 2026 veteratores
1631 1991 1727 2032 ipsos

94 2047 210 2082 Ivodii
241 2047 528 2092 deprehenderet
547 2048 693 2082 tandem
721 2052 829 2091 atque
852 2047 904 2082 ita
926 2058 1117 2092 perversae
1138 2046 1325 2082 doctrinae
1348 2045 1485 2081 zizania
1507 2046 1729 2089 opprimeret

93 2101 134 2137 in
149 2101 274 2138 herba.
293 2103 391 2138 Duos
418 2102 552 2146 itaque,
578 2114 667 2146 quos
690 2102 851 2137 diximus
875 2103 1090 2144 sacerdotes,
1117 2106 1153 2137 et
1175 2101 1425 2138 Hamelricum
1450 2112 1493 2135 ac
1510 2099 1726 2135 Durandum

94 2156 254 2201 plebeios
277 2168 320 2192 ex
348 2157 562 2202 opinionum
599 2169 749 2193 suarum
784 2161 882 2193 secta
912 2158 1064 2201 prodere
1102 2161 1209 2201 atque
1247 2157 1367 2201 palam
1390 2157 1565 2191 damnare
1593 2154 1728 2200 coegit.

96 2211 191 2247 Tum
215 2224 300 2248 vero
325 2213 530 2254 Durandus,
550 2218 634 2248 ante
658 2225 782 2249 omnes
808 2213 994 2255 accedens,
1020 2212 1196 2248 hactenus
1218 2213 1364 2256 quidem
1388 2224 1425 2246 se
1447 2211 1592 2246 sceleris
1616 2210 1728 2254 hujus

95 2269 340 2313 patrocinium
358 2270 554 2314 suscepisse
571 2273 679 2314 atque
711 2281 848 2305 errasse
879 2269 976 2304 haud
1001 2269 1165 2311 infitiari,
1183 2280 1310 2304 verum
1335 2279 1466 2311 cupere
1489 2268 1726 2311 imposterum

96 2326 271 2360 nuncium
303 2325 485 2369 pestilenti
527 2325 671 2361 mittere
699 2325 814 2360 errori
839 2337 881 2360 ac
907 2325 1060 2360 multam
1086 2325 1310 2369 Berengario
1334 2324 1454 2359 dicere
1482 2323 1659 2367 salutem3
1686 2326 1727 2357 ut

97 2381 205 2417 fidem
229 2382 336 2417 dictis
360 2388 546 2425 exaequet,
565 2382 743 2417 contactis
767 2382 933 2425 reliquiis
955 2393 993 2416 se
1013 2385 1097 2425 jure
1121 2382 1280 2425 jurando
1303 2381 1516 2415 obstrictum
1534 2380 1638 2413 velle.

141 2440 189 2474 At
220 2438 429 2474 Fridericus
461 2439 659 2483 presbyter,
698 2438 923 2482 pervicacior
954 2438 1049 2472 tueri
1087 2437 1266 2472 haeresim
1297 2448 1400 2471 suam
1439 2443 1474 2470 et
1504 2436 1732 2480 argumentis

98 2502 240 2536 parare,
266 2492 417 2527 eandem
442 2492 640 2527 adstruere.
664 2492 762 2536 Ergo
787 2492 923 2532 Bruno,
953 2491 1074 2526 oblata
1101 2489 1309 2534 disputandi
1334 2489 1449 2532 copia,
1482 2500 1563 2523 cum
1591 2489 1730 2533 gravis-

98 2547 199 2581 simis
230 2558 353 2581 sacrae
391 2547 594 2590 scripturae
633 2546 862 2587 testimoniis,
906 2550 984 2581 tum
1028 2545 1226 2590 Augustini
1266 2545 1303 2579 in
1341 2545 1469 2588 primis
1500 2544 1729 2586 auctoritate,

99 2603 340 2648 pertinaciam
370 2602 530 2637 hominis
562 2603 607 2636 ad
638 2602 824 2637 silentium
856 2613 969 2645 usque
1001 2603 1044 2635 ad
1079 2603 1333 2645 oppugnmset,
1367 2611 1482 2643 neque
1522 2604 1728 2644 susceptum

99 2663 220 2694 tamen
237 2669 396 2693 errorem
414 2657 522 2693 homo
539 2657 742 2692 obstinatus
758 2657 954 2700 ainceretg
973 2656 1214 2691 acclamatum
1233 2655 1396 2690 Brunoni
1420 2666 1442 2688 a
1471 2654 1730 2690 circumstante

99 2712 219 2748 clero:
255 2721 271 2739 α
295 2712 475 2754 Quoniam
507 2712 695 2747 ecclesiam
720 2722 792 2747 non
823 2711 977 2754 audiret,
1003 2711 1131 2755 ecquid
1155 2710 1349 2751 dubitaret,
1376 2714 1454 2753 jam
1485 2720 1567 2745 eum
1594 2709 1729 2745 habere

101 2773 273 2813 tanquam
305 2768 491 2804 ethnicum
520 2772 556 2803 et
579 2768 840 2813 publicanum?
858 2786 874 2804 n
900 2779 1075 2811 vocesque
1093 2768 1158 2802 sub
1173 2767 1262 2801 haec
1286 2771 1373 2802 eunt
1396 2766 1667 2810 postulantium,
1694 2768 1735 2800 ut

101 2824 145 2860 de
182 2825 299 2869 gradu
336 2823 553 2859 saceidotali
590 2824 770 2858 nefarium
795 2827 904 2867 caput
927 2823 1087 2863 dejiciat,
1121 2822 1265 2865 lataque
1300 2820 1490 2862 sententia,
1516 2820 1615 2855 illico
1650 2832 1734 2854 mox

101 2880 331 2915 condemnet.
351 2878 431 2920 Quo
447 2890 587 2914 moram
604 2878 783 2920 trahente,
803 2878 1004 2913 multitudo
1029 2889 1181 2912 accensa
1206 2888 1417 2921 promovere
1440 2877 1607 2920 gradum,
1625 2880 1733 2919 atque

101 2939 143 2971 ut
164 2935 349 2971 hominem
371 2935 416 2970 ad
441 2945 594 2978 poenam
609 2934 778 2978 abripiat,
798 2934 938 2977 impetu
955 2944 1165 2969 occurrere.
1185 2932 1323 2969 Verum
1348 2931 1409 2969 hic
1438 2932 1628 2974 tumultus,
1642 2932 1730 2967 dum

103 2990 230 3028 concio
246 2990 494 3036 permiscetur,
511 2989 652 3026 homini
667 2989 818 3026 scelesto
834 2988 1012 3034 effugium
1028 2987 1145 3024 dedit.
