2097 3466
841 207 974 242 ANNO
1004 209 1102 242 1450
1730 210 1793 244 343

152 296 326 344 intelligi,
342 298 516 344 capiendo
534 299 722 345 proprium
746 303 786 336 ut
809 300 1048 346 distinguitur
1074 304 1200 336 contra
1216 300 1376 336 alienum
1400 304 1435 336 et
1459 313 1531 336 non
1555 303 1681 337 contra
1698 313 1792 337 com-

152 367 283 398 mune3
309 359 344 391 et
363 357 530 400 quamuis
555 358 623 392 hoc
647 369 772 393 verum
799 358 856 398 sit,
883 362 923 393 ut.
947 361 1066 393 tamen
1091 358 1244 402 populus
1269 357 1449 401 intelligat
1472 357 1722 393 habitudinem
1748 358 1794 393 ad

152 422 235 445 suos
253 414 408 452 curatos,
422 412 527 447 debet.
544 425 626 447 eum
652 413 849 447 informare.
865 413 908 447 de
934 413 997 447 illa
1014 413 1170 456 qualiter
1186 413 1295 447 semel
1314 412 1350 446 in
1368 424 1462 447 anno
1478 425 1514 447 se
1531 413 1635 447 debet
1652 425 1792 456 presen-

153 469 231 502 tare
259 466 313 501 illi
343 466 469 509 illique
487 468 673 502 ostendere
690 467 886 511 puritatem
911 467 1129 502 conscientie
1145 479 1220 507 sue,
1240 469 1279 501 ut
1294 470 1466 511 agnoscat
1483 468 1621 501 vultum
1641 468 1792 511 11000115,

153 521 246 556 sic-ut
262 521 435 565 scriptum
458 527 508 556 est
527 522 703 557 Prouerb.
720 526 773 557 27.
792 535 798 557 :
821 538 835 550 κ
864 523 1067 566 Diligenter
1088 534 1243 567 agnosce
1261 523 1400 557 vultum
1418 522 1555 566 pecoris
1581 523 1633 557 tui
1650 535 1793 567 greges-

153 588 222 620 que
245 580 326 612 tuos
343 576 531 611 considera
547 589 554 619 3
578 593 592 606 n
612 577 672 611 cui
697 577 806 612 etiam
832 578 924 622 Reg.
943 580 997 612 20.
1017 577 1173 612 dicitur:
1198 592 1213 604 «ι
1235 577 1381 611 Custodi
1399 577 1518 611 virum
1536 577 1643 611 istum
1659 591 1667 619 3
1686 577 1748 621 qui
1765 577 1795 612 si

150 631 271 675 lapsus
295 631 417 672 fuerit,
444 631 515 666 erit
539 632 661 667 anima
692 636 755 667 tua
783 645 848 676 pro
873 633 993 667 anima
1019 633 1128 667 illius.
1151 649 1166 662 ’ν
1192 633 1248 667 Ad
1276 633 1405 666 fratres
1428 635 1548 666 autem
1574 636 1794 676 presentatos

149 690 266 731 potest
281 687 436 731 populus
453 688 632 729 confiteri,
651 689 711 723 sed
726 701 797 723 non
815 692 959 724 tenetur
975 689 1010 723 vi
1028 688 1211 733 priuilegij
1231 688 1281 722 eis
1298 700 1319 722 a
1336 689 1418 723 sede
1434 688 1630 731 apostolica
1647 688 1790 724 indulti.

148 743 239 779 Item
269 743 365 787 quod
396 755 418 778 a
450 744 524 778 suis
556 744 691 779 curatis
722 745 831 779 habet
860 744 1044 788 precipere
1074 747 1299 778 sacramenta
1327 743 1567 778 ecclesiastica
1594 745 1791 779 secundum

147 797 369 843 exigentiam
385 802 421 834 et
438 798 677 842 capacitatem
702 799 800 834 illius
818 811 889 834 non
914 812 935 834 a
953 798 1207 843 priuilegiatis,
1229 801 1376 841 excepto
1393 801 1617 833 sacramento
1635 799 1792 842 peniten-

147 853 214 889 cie.
233 854 323 889 Item
341 854 437 898 quod
454 854 572 889 curati
589 866 632 889 ex
658 854 880 899 obligatione
896 857 1061 899 suscepta
1078 855 1122 888 ab
1141 854 1307 898 episcopo
1325 856 1499 897 quantum
1517 854 1561 887 ad
1586 865 1689 888 usum
1708 866 1790 897 ymo

147 921 169 944 a
201 909 343 944 Christo
376 909 664 953 primordialiter
695 913 871 953 quantum
904 911 949 945 ad
987 913 1200 954 potestatem
1233 908 1392 943 clauium
1426 908 1602 943 reddituri
1635 913 1717 943 sunt
1748 909 1792 944 de

146 964 337 999 animabus
353 964 552 999 commissis
576 965 767 1007 rationem,
790 978 862 1001 non
886 966 937 1000 sic
964 965 1232 1007 mendicantes3
1252 967 1398 1008 propter
1413 963 1481 998 1100
1499 966 1534 998 01
1557 962 1630 997 alia
1654 963 1789 997 mendi-

146 1022 268 1055 cantes
283 1019 351 1064 ipsi
368 1031 428 1055 eos
445 1032 534 1063 quos
551 1020 716 1062 audiunt,
739 1021 871 1056 debent
886 1020 1045 1056 exortari
1063 1032 1105 1054 ac
1123 1019 1295 1054 inducere
1311 1019 1393 1054 illos
1416 1019 1461 1053 ad
1484 1019 1691 1053 habendum
1708 1031 1791 1054 suos

145 1075 346 1110 sacerdotes
373 1075 602 1119 parochiales
631 1075 670 1112 in
697 1076 904 1112 reuerentia
933 1079 969 1111 et
993 1076 1200 1110 nullatenus
1229 1078 1483 1118 contempnere
1507 1085 1579 1115 eos,
1605 1086 1688 1108 cum
1717 1074 1790 1110 sint

143 1133 286 1166 tantum
302 1131 432 1165 fratres
445 1131 520 1166 dati
538 1131 576 1165 in
593 1131 817 1167 adiutorium
835 1143 972 1167 eorum.

189 1186 355 1221 Secunda
371 1197 454 1230 pars
471 1186 728 1230 propositionis
744 1190 822 1222 erat
854 1187 949 1230 quod
973 1187 1108 1221 habent
1135 1187 1265 1222 fratres
1293 1185 1362 1230 ipsi
1385 1185 1561 1220 maiorem
1577 1187 1789 1229 potestatem

144 1251 253 1284 quam
270 1241 471 1275 sacerdotes
489 1241 736 1285 parochiales3
755 1243 947 1286 respondet
964 1243 1059 1286 quod
1085 1245 1137 1277 est
1162 1253 1250 1276 uera
1275 1245 1309 1276 et
1332 1241 1401 1275 hoc
1421 1241 1464 1275 de
1488 1240 1695 1284 priuilegio,
1716 1252 1788 1275 non

144 1298 188 1331 de
216 1296 307 1338 iure,
328 1296 397 1331 nisi
422 1297 621 1333 extensiue.
650 1299 804 1343 Expedit
831 1300 927 1343 quod
955 1299 1125 1334 informet
1153 1299 1326 1343 populum
1351 1297 1485 1333 clarius
1512 1298 1556 1332 de
1583 1297 1789 1332 maioritate

113 1362 115 1364 ·
143 1350 343 1391 011101151113,
370 1354 458 1394 puta
486 1352 572 1394 quia
598 1353 643 1387 ad
672 1354 795 1397 plures
820 1353 1022 1397 parochias,
1053 1354 1099 1387 ad
1123 1354 1243 1397 plures
1270 1354 1460 1397 dyocoeses
1484 1352 1667 1396 supposito
1692 1353 1788 1395 quod

142 1406 215 1441 sint
230 1406 389 1447 admissi,
409 1406 577 1451 dicatque
595 1409 690 1451 quod
708 1409 908 1444 sacerdotes
927 1409 1045 1444 curati
1060 1409 1196 1444 habent
1212 1411 1423 1452 potestatem
1439 1407 1661 1442 ordinariam
1680 1419 1788 1451 super

142 1474 225 1498 suos
248 1464 499 1507 parochianos,
519 1475 591 1498 non
615 1463 855 1508 priuilegiati,
875 1463 961 1506 quia
978 1464 1096 1498 maior
1119 1467 1170 1499 est
1194 1475 1236 1498 00
1253 1464 1349 1506 quod
1373 1462 1609 1504 essentialior,
1628 1474 1670 1497 eo
1690 1463 1787 1506 quod

141 1519 348 1564 obligatior,
367 1531 409 1554 eo
434 1520 530 1563 quod
547 1530 568 1553 a
585 1518 715 1553 maiori
743 1521 830 1562 puta
849 1518 991 1553 Christo
1014 1518 1191 1554 instituta.
1211 1519 1300 1553 Item
1325 1518 1410 1552 licet
1431 1529 1556 1552 eorum
1572 1518 1726 1552 facultas
1746 1517 1785 1551 in

141 1574 330 1610 audiendis
346 1574 631 1610 confessionibus
658 1575 704 1609 sit
731 1574 849 1609 maior
874 1574 1058 1608 extensiue
1082 1575 1188 1609 modo
1214 1575 1322 1615 dicto,
1342 1585 1414 1608 non
1442 1578 1562 1608 tamen
1585 1574 1782 1616 extensiue,

141 1629 227 1673 quia
242 1641 315 1665 11011
331 1630 376 1664 3(1
393 1630 548 1664 maiores
565 1641 668 1664 casus
686 1641 748 1664 seu
774 1630 965 1674 grauiores
979 1642 1087 1674 quam
1113 1633 1323 1665 curatorum
1340 1629 1376 1662 vi
1392 1628 1577 1672 priuilegij
1596 1628 1786 1672 apostolici

140 1686 322 1729 concessi3
348 1689 470 1721 tamen
499 1689 643 1730 possent
671 1686 806 1721 habere
824 1698 928 1722 casus
945 1690 1147 1722 reseruatos
1171 1699 1191 1721 a
1215 1697 1355 1721 summo
1371 1684 1553 1729 pontifice,
1572 1684 1601 1718 si
1626 1685 1785 1728 placeret

138 1741 196 1775 vel
212 1740 391 1785 episcopo,
410 1744 446 1776 et
462 1740 592 1775 curati.

184 1795 349 1830 Secunda
365 1807 372 1830 :
392 1810 408 1823 «ι
422 1794 641 1830 Parochiani
660 1807 732 1830 non
747 1798 918 1830 tenentur
929 1797 1037 1831 semel
1062 1796 1101 1830 in
1124 1807 1220 1830 anno
1236 1798 1344 1838 atque
1360 1794 1450 1829 alias
1467 1794 1631 1829 confiteri
1648 1793 1783 1837 presbi-

136 1853 214 1886 tero
230 1849 431 1894 parochiali
447 1850 517 1884 nisi
535 1851 578 1884 de
595 1861 720 1884 eorum
737 1851 974 1894 beneplacito.
995 1868 1010 1880 n
1030 1850 1229 1895 Responsio
1245 1863 1252 1884 :
1272 1849 1347 1885 Etsi
1365 1850 1470 1884 istam
1488 1861 1560 1884 non
1575 1849 1785 1893 predicaue-

137 1907 207 1942 rim
232 1905 269 1940 in
287 1906 404 1940 forma
420 1916 581 1949 unquam
598 1908 707 1949 atque
730 1918 751 1940 a
774 1918 856 1941 11103
871 1907 1045 1941 memoria
1070 1907 1198 1947 euasit,
1227 1910 1279 1941 est
1306 1909 1425 1941 tamen
1442 1916 1538 1946 vera,
1556 1905 1585 1939 si
1615 1906 1780 1940 confiteri

138 1962 304 2006 capiatur
328 1973 393 2005 pro
410 1963 557 2004 peccata
574 1972 739 2005 expresse
756 1962 884 2005 fateri3
914 1962 943 1996 si
967 1965 1088 1997 autem
1105 1962 1272 2006 capiatur
1294 1964 1402 2005 prout
1426 1961 1519 1995 idem
1543 1964 1596 1995 est
1623 1961 1718 2004 quod
1743 1973 1780 1996 se

138 2015 248 2049 semel
271 2014 309 2048 in
334 2024 430 2047 anno
448 2015 698 2056 representare
722 2025 764 2048 30
781 2025 818 2048 50
834 2015 1036 2049 confessum
1053 2026 1223 2055 asserere,
1250 2026 1427 2059 arrogans
1454 2019 1506 2051 est
1533 2020 1568 2052 et
1595 2020 1778 2061 proterua.

138 2071 214 2105 Hec
239 2069 423 2113 responsio
453 2069 573 2112 quoad
600 2068 670 2103 hoc
698 2069 767 2103 nisi
792 2070 835 2104 de
859 2081 985 2104 eorum
1010 2070 1246 2114 beneplacito,
1266 2070 1410 2106 videtur
1436 2071 1588 2106 innuere
1616 2073 1711 2115 quod
1735 2073 1782 2108 sit

136 2136 235 2160 mere
251 2122 501 2159 voluntarium
519 2123 782 2166 parochianum
799 2125 977 2159 sacerdoti
995 2137 1059 2159 suo
1084 2125 1282 2168 parochiali
1301 2137 1365 2159 sua
1388 2129 1534 2169 peccata
1551 2126 1654 2161 fateri
1672 2128 1782 2162 semel

136 2180 174 2214 in
191 2191 298 2221 anno,
319 2179 414 2222 quod
432 2189 504 2212 non
520 2181 573 2213 est
593 2190 718 2213 verum
736 2193 744 2221 3
774 2190 870 2221 nam,
889 2179 974 2214 11001
997 2191 1070 2214 11011
1093 2179 1140 2214 sit
1164 2180 1406 2214 necessarium
1422 2181 1584 2215 absolute
1599 2181 1668 2215 1100
1686 2182 1777 2223 fieri,

136 2234 221 2278 quia
251 2233 419 2278 possibile
447 2235 501 2267 est
529 2234 625 2276 quod
657 2234 767 2269 fuerit
797 2234 979 2268 confessus
1009 2233 1156 2269 habenti
1186 2237 1397 2278 potestatem
1424 2234 1540 2278 ipsum
1569 2236 1777 2271 absolvendi

135 2293 169 2324 et
192 2290 238 2324 ab
255 2300 296 2324 eo
313 2288 499 2323 absolutus
530 2287 643 2323 fuerit
668 2291 704 2323 et
731 2300 774 2323 ex
798 2289 862 2323 illo
878 2292 1060 2324 momento
1080 2300 1152 2323 non
1180 2289 1225 2324 sit
1253 2289 1417 2324 conscius
1435 2289 1571 2334 peccati
1600 2291 1775 2331 mortalis,

133 2345 219 2379 dum
237 2343 326 2388 petit
349 2354 370 2377 a
387 2354 451 2377 suo
470 2346 597 2379 curato
617 2344 848 2379 eucaristiam
867 2358 875 2388 3
894 2348 1015 2380 tamen
1032 2345 1178 2389 expedit
1206 2357 1271 2380 suo
1297 2350 1423 2381 curato
1441 2345 1640 2390 parochiali
1667 2347 1778 2382 semel

131 2399 171 2434 in
187 2411 282 2440 anno
296 2400 473 2440 confiteri,
501 2401 539 2436 id
568 2404 621 2436 cst
637 2412 703 2434 sua
720 2404 869 2444 peccata
892 2401 1011 2442 fateri,
1031 2413 1102 2435 non
1120 2401 1183 2435 illa
1208 2402 1251 2436 de
1269 2401 1399 2444 quibus
1423 2401 1619 2442 absolutus,
1638 2402 1699 2435 sed
1715 2404 1778 2437 aut

131 2455 301 2497 venialia,
315 2455 344 2489 si
359 2457 460 2491 nulla
473 2456 642 2491 mortalia
658 2456 792 2491 habere
808 2468 844 2491 se
857 2456 1023 2492 meminit.
1035 2459 1113 2500 post
1125 2468 1276 2492 examen
1289 2456 1450 2491 debitum
1465 2468 1528 2491 5110
1545 2455 1775 2498 conscientie,

131 2513 172 2545 ut
186 2509 313 2545 dicunt
329 2511 476 2554 quidam
495 2511 662 2546 doctores
679 2510 816 2554 magni,
844 2514 908 2546 aut
924 2511 1019 2554 quod
1045 2522 1117 2545 non
1141 2515 1194 2546 est
1218 2511 1382 2546 conscius
1400 2510 1536 2555 peccati
1554 2511 1717 2545 mortalis
1733 2512 1779 2546 ad

130 2564 424 2600 satisfaciendum
438 2568 611 2610 precepto
627 2566 778 2600 ecclesie
792 2577 856 2610 per
872 2566 1089 2601 decretalem
1105 2578 1112 2600 :
1135 2567 1262 2600 Omnis
1281 2570 1471 2611 utriusque
1487 2577 1608 2600 sexus.
1624 2566 1778 2610 Propter

130 2621 288 2656 rationes
316 2624 429 2657 tactas
456 2621 555 2656 circa
587 2622 857 2666 responsionem
882 2622 1072 2657 memorati
1098 2621 1221 2656 fratris
1246 2623 1425 2665 quomodo
1449 2622 1554 2656 debet
1580 2621 1778 2657 informare

130 2677 303 2720 populum
320 2677 364 2712 de
387 2677 601 2712 habitudine
627 2677 705 2713 eius
731 2678 776 2712 ad
805 2689 887 2712 suos
911 2678 1112 2712 sacerdotes
1141 2678 1378 2721 parochiales,
1397 2677 1447 2712 ita
1471 2675 1627 2711 consulit
1650 2676 1776 2711 beatus

131 2732 288 2766 Thomas
312 2732 352 2766 in
371 2737 501 2776 quarto
519 2733 782 2768 sententiarum
799 2733 834 2768 d.
855 2735 893 2768 17
919 2736 955 2768 et
978 2745 1147 2776 sequaces
1172 2733 1248 2768 eius
1264 2733 1422 2767 dicentes
1446 2732 1541 2776 quod
1557 2731 1777 2766 confessores

129 2787 354 2832 priuilegiati
383 2791 418 2822 et
447 2788 632 2824 commissi
662 2789 793 2824 debent
821 2789 1009 2824 consulere
1036 2792 1072 2824 et
1099 2789 1270 2824 inducere
1294 2800 1376 2823 eum
1405 2788 1449 2822 ad
1477 2787 1529 2821 sic
1556 2787 1773 2823 faciendum.

129 2843 298 2878 Albertus
330 2844 487 2888 Magnus
520 2843 610 2878 dicit
641 2843 679 2878 in
712 2844 851 2879 forma:
879 2844 1035 2887 Propter
1066 2843 1226 2878 officium
1258 2844 1436 2887 pastorale
1467 2846 1500 2878 ct
1533 2843 1774 2878 reuerentiam

128 2899 355 2934 sacerdotum
381 2902 415 2935 et
433 2899 520 2945 quia
538 2911 610 2934 non
637 2902 691 2935 est
713 2899 764 2935 eis
781 2899 1043 2936 detrahendum
1061 2911 1182 2935 coram
1203 2899 1366 2941 subditis,
1393 2899 1536 2935 videtur
1552 2899 1647 2946 quod
1671 2900 1771 2934 abso-
