2097 3466
361 261 380 293 6
1012 262 1144 297 ANNO
1171 275 1206 296 c.
1238 264 1340 298 1043

1150 381 1198 423 3.

425 483 679 526 Omstreelcs
716 486 851 534 1048,
891 486 1024 528 [ΛιῖΙε.
1062 485 1181 527 Brief
1207 499 1293 528 van
1326 486 1478 536 Wazo,
1522 486 1861 542 prins-hisschop
1894 499 1979 529 van

363 551 471 594 Luik
505 551 579 606 Η-
607 553 751 609 1048),
779 567 859 596 aan
895 554 976 596 den
1010 553 1207 609 bisschop
1242 567 1323 596 van
1346 553 1547 605 chalons,
1576 554 1642 596 die
1676 555 1775 597 hem
1798 555 1978 610 geraad-

361 621 509 676 pleegd
545 621 627 663 had
651 635 755 665 over
777 624 852 667 het
875 624 1037 680 gedrag
1059 624 1134 666 (lat
1155 624 1213 681 hij
1238 638 1477 667 aannemen
1511 627 1648 668 moest
1668 628 1906 681 tegenover
1928 624 1980 673 de

361 688 528 732 ketters
553 705 635 733 van
657 693 742 749 zijn
766 692 943 736 bisdom.
974 719 1027 724 —-
1051 693 1116 735 Na
1139 696 1254 736 eerst
1285 694 1552 749 vastgesteld
1579 697 1620 737 te
1643 693 1808 737 hebben
1831 693 1904 737 dat
1926 694 1979 737 de

360 758 622 802 leerstelsels
643 760 769 803 dezer
790 763 974 805 laatsten
993 762 1096 804 door
1114 762 1163 804 de
1186 762 1306 804 Kerk
1330 763 1606 805 veroordeeld
1629 763 1731 820 zijn,
1754 765 1979 805 vermaant

359 827 417 884 hij
453 828 666 871 nochtans
698 830 840 886 zijnen
863 831 895 872 F
899 831 1114 873 ranschen
1147 830 1470 874 ambtsbroeder
1491 834 1557 874 tot
1579 834 1730 887 groote
1753 829 1980 874 zachtheid

360 909 413 938 en
446 897 563 954 wijst
586 897 684 940 hem
703 912 754 953 op
776 900 805 941 ’t
827 899 1055 941 voorbeeld
1079 913 1161 941 van
1184 899 1382 943 Christus
1405 900 1569 950 zelven,
1597 900 1665 942 die
1697 900 1788 942 niet
1810 899 1883 941 wil
1906 898 1980 942 dat

359 979 458 1008 men
481 966 555 1009 het
578 966 761 1009 onkruid
780 968 998 1011 uittrekke
1018 969 1080 1011 uit
1102 983 1228 1011 vrees
1250 969 1323 1012 dat
1342 982 1437 1011 men
1458 969 1537 1011 ook
1560 972 1602 1011 te
1625 968 1759 1025 gelijk
1777 967 1828 1010 de
1845 968 1980 1024 goede

359 1036 497 1077 tarwe
529 1035 763 1079 losrukken
795 1051 888 1080 zou.
921 1039 979 1080 De
1015 1039 1171 1088 ketter,
1200 1038 1266 1080 die
1298 1039 1437 1081 heden
1471 1039 1657 1082 onkruid
1688 1039 1738 1090 is,
1767 1039 1854 1082 kan
1885 1038 1980 1081 zich

360 1117 537 1159 morgen
559 1104 772 1147 bekeeren
805 1120 857 1147 en
879 1107 1012 1161 goede
1033 1111 1172 1149 tarwe
1203 1107 1396 1149 worden.
1422 1107 1514 1150 God
1545 1107 1724 1164 begeert
1755 1106 1837 1150 den
1871 1106 1981 1150 dood

361 1172 434 1214 des
467 1173 677 1216 zondaars
707 1175 810 1217 niet.
848 1176 953 1218 Laat
983 1190 1061 1218 ons
1092 1176 1267 1218 daarom
1298 1176 1372 1218 het
1405 1177 1647 1233 wereldlijk
1677 1175 1852 1218 zwaard
1890 1177 1982 1219 niet

361 1242 597 1298 gebruiken
632 1257 699 1285 om
732 1243 927 1299 degenen
959 1248 1003 1287 te
1035 1245 1201 1288 dooden
1234 1259 1315 1288 aan
1348 1246 1431 1288 wie
1463 1247 1514 1288 de
1546 1245 1762 1301 Schepper
1795 1245 1878 1287 den
1900 1245 1981 1302 tijd

359 1313 432 1354 wil
451 1313 569 1355 laten
591 1326 657 1354 orn
681 1313 775 1355 zich
796 1327 881 1356 van
904 1314 985 1356 den
1009 1314 1151 1357 duivel
1173 1315 1221 1358 af
1238 1319 1281 1358 te
1303 1315 1480 1358 keeren.
1506 1317 1564 1358 De
1588 1316 1870 1371 bisschoppen
1893 1315 1980 1372 ziJn

361 1382 451 1425 niet
472 1382 684 1438 gekomen
708 1396 775 1425 om
794 1385 836 1425 te
856 1383 1035 1434 dooden,
1063 1397 1184 1426 maar
1206 1398 1272 1426 om
1289 1385 1445 1427 levend
1462 1388 1506 1428 te
1524 1385 1695 1428 maken.
1722 1383 1980 1427 Intusschen

361 1453 474 1492 moet
498 1450 579 1492 den
613 1452 867 1507 geloovigen
890 1453 1074 1495 bevolen
1096 1454 1290 1505 worden,
1318 1455 1394 1497 dat
1425 1454 1476 1511 zij
1504 1454 1598 1496 zich
1619 1466 1704 1495 van
1739 1452 1789 1494 de
1811 1452 1980 1495 ketters

361 1520 511 1575 geheel
545 1533 597 1562 en
626 1520 667 1562 al
690 1520 969 1573 afzonderen;
996 1525 1119 1565 want
1149 1523 1276 1565 alwie
1299 1523 1381 1578 pek
1404 1523 1631 1574 aanraakt‚
1658 1521 1795 1579 krijgt
1816 1522 1980 1563 zwarte

361 1601 552 1647 vmgers.

403 1683 456 1717 De
479 1683 609 1726 quibus
632 1683 834 1727 scripsistis,
854 1694 978 1719 eorum
1000 1685 1145 1728 quidem
1169 1685 1381 1720 manifestus
1396 1688 1448 1721 est
1464 1696 1577 1727 error,
1596 1684 1796 1728 antiquitus
1810 1694 1832 1718 a
1847 1683 1982 1720 sanctis

358 1739 521 1783 patribus
536 1739 730 1774 ventilatus
750 1743 784 1775 et
800 1740 1096 1776 luculentissimis
1112 1752 1236 1776 eorum
1254 1741 1439 1776 sententiis
1455 1742 1671 1776 confutatus.
1692 1741 1796 1782 Nam,
1813 1742 1855 1774 ut
1875 1739 1980 1774 omit-

358 1798 475 1829 tamus
489 1795 734 1830 insanissimas
746 1796 876 1838 quibus
889 1796 932 1831 de
947 1796 1086 1841 Spiritu
1100 1797 1232 1832 Sancto
1246 1797 1314 1831 sibi
1328 1797 1554 1832 mentiuntur
1567 1795 1984 1840 blasphemias‚accipiat

358 1850 504 1884 dilectio
527 1854 657 1892 vestra,
675 1850 819 1893 quantis
841 1863 878 1886 se
900 1851 1247 1896 inoportunitatibus
1269 1863 1391 1887 rerum
1414 1863 1489 1886 sese
1504 1851 1573 1895 ipsi
1588 1850 1777 1894 implicare
1799 1849 1978 1891 studeant,

358 1906 453 1940 male
469 1905 652 1940 intellecto
668 1905 817 1941 Domini
840 1910 1043 1951 praecepto,
1061 1919 1132 1951 quo
1150 1909 1187 1942 in
1203 1911 1324 1942 vetere
1346 1908 1426 1951 lege
1443 1906 1598 1941 dicitur:
1618 1919 1634 1933 ιε
1654 1906 1708 1941 Ne
1731 1904 1874 1940 occidas
1891 1920 1922 1940 n.
1939 1905 1982 1939 In

357 1973 428 2006 quo
451 1961 520 1996 nisi
544 1961 657 1996 solam
679 1961 838 1996 hominis
861 1962 1077 1998 occisionem
1105 1963 1326 2007 prohibitam
1354 1974 1429 1997 esse
1456 1962 1712 2004 intellexerint,
1738 1961 1849 1996 simili
1875 1959 1981 1995 modo

358 2028 463 2054 usum
482 2028 619 2058 eorum,
637 2017 768 2060 quibus
791 2030 827 2052 se
843 2018 942 2053 licite
959 2019 1053 2053 vesci
1070 2019 1289 2059 existimant,
1307 2018 1430 2061 qualia
1445 2022 1529 2053 sunt
1545 2019 1779 2060 frumentum,
1795 2017 1983 2062 legumina

357 2078 392 2109 et
415 2074 550 2111 vinum,
568 2073 637 2107 sibi
661 2073 805 2109 videant
828 2074 1082 2119 interdictum;
1101 2087 1193 2119 quae
1217 2079 1256 2110 ut
1280 2078 1407 2116 essent,
1428 2087 1470 2109 ex
1486 2075 1633 2110 creditis
1651 2078 1770 2110 terrae
1784 2073 1982 2108 seminibus

356 2141 421 2165 sua
444 2129 588 2164 vivendi
611 2129 730 2172 specie
753 2129 978 2171 coaluerunt,
998 2134 1033 2166 et
1049 2131 1119 2165 nisi
1134 2131 1208 2165 iam
1223 2130 1420 2165 viriditatis
1437 2142 1522 2165 suae
1538 2130 1614 2166 vita
1629 2130 1829 2170 interfecta,
1848 2128 1982 2163 huma-

357 2187 395 2221 ni
432 2185 556 2221 usibus
595 2184 730 2219 servire
771 2185 1024 2227 nequiverunt.
1068 2186 1337 2221 Praetermissis
1363 2187 1581 2222 secularium
1609 2185 1763 2230 scriptis,
1788 2183 1898 2219 huius
1925 2183 1981 2219 rei

356 2242 455 2277 testis
479 2245 531 2277 est
553 2242 737 2286 psalmista
761 2242 908 2278 dicens:
935 2256 951 2270 ιι
978 2243 1024 2277 Et
1047 2242 1180 2277 occidit
1203 2243 1242 2277 in
1265 2242 1444 2287 grandine
1466 2242 1589 2277 vineas
1613 2253 1737 2277 eorum
1764 2258 1793 2276 n.
1821 2242 1981 2285 Itemque

357 2298 560 2342 apostolus:
588 2312 603 2326 u
632 2297 807 2342 Insipiens
830 2302 881 2340 tu,
907 2299 1005 2342 quod
1027 2298 1182 2333 seminas
1205 2310 1278 2333 non
1300 2297 1517 2339 vivificatur,
1543 2297 1614 2332 nisi
1637 2297 1738 2342 prius
1753 2297 1931 2332 moriatur
1949 2313 1978 2332 ἰ.

358 2352 439 2396 Ipsa
461 2363 602 2395 quoque
617 2353 773 2387 veritas:
793 2367 808 2380 ιι
830 2353 920 2395 Nisi,
939 2353 1067 2397 inquit.
1087 2365 1244 2398 granum
1267 2354 1442 2389 frumenti
1465 2354 1595 2388 cadens
1618 2354 1656 2387 in
1680 2356 1778 2388 terra
1797 2357 1981 2389 mot-tuum

356 2407 477 2448 suerit,
496 2408 614 2451 ipsum
636 2409 751 2443 solum
775 2413 897 2444 manet
914 2425 943 2444 „,
962 2409 1087 2444 Restat
1110 2410 1226 2454 igitur
1250 2413 1289 2444 nt
1310 2409 1510 2445 necessario
1534 2410 1714 2443 fateantur
1730 2408 1872 2450 vixisse,
1889 2419 1980 2452 quae

357 2462 604 2497 accidentibus
618 2474 660 2497 ex
676 2464 794 2498 causis
807 2467 947 2498 constat
962 2476 1064 2508 posse
1080 2465 1307 2500 mortificari.
1326 2465 1474 2508 Eligant
1491 2475 1578 2508 ergo
1595 2463 1690 2507 quod
1706 2463 1899 2504 voluerint,
1917 2467 1980 2498 aut

357 2528 457 2552 more
482 2517 743 2552 catholicorum
766 2519 809 2553 de
833 2520 908 2554 solo
931 2519 1078 2554 homine
1100 2520 1274 2564 scriptum
1299 2532 1372 2555 esse
1395 2520 1565 2554 credant:
1593 2534 1609 2548 ιι
1635 2521 1718 2554 Non
1741 2519 1882 2554 occides
1897 2535 1927 2561 n,
1945 2522 1982 2554 et

357 2573 543 2607 nobiscum
567 2574 841 2609 mactandarum
865 2575 1042 2618 pecudum
1066 2576 1169 2619 eopia
1192 2576 1292 2611 licite
1315 2579 1478 2616 utantur,
1499 2580 1563 2610 aut
1587 2575 1618 2610 si
1640 2575 1735 2610 hanc
1760 2575 1829 2610 sibi
1853 2575 1980 2620 negari

358 2628 619 2670 contenderint,
636 2641 698 2664 nos
714 2641 855 2673 quoque
867 2642 910 2665 ex
925 2631 1002 2674 ipsa
1019 2631 1152 2666 erroris
1168 2633 1224 2666 sui
1241 2633 1429 2673 sententia,
1448 2632 1564 2675 panis,
1578 2631 1807 2676 leguminum
1820 2634 1855 2666 et
1867 2635 1979 2667 caete-

357 2693 481 2717 rorum
493 2682 701 2727 huiusmodi
717 2684 768 2718 eis
785 2696 889 2719 usum
905 2685 1162 2726 inficiabimur,
1179 2687 1348 2729 quoniam
1366 2698 1418 2727 ea,
1437 2685 1507 2720 nisi
1519 2695 1581 2721 suo
1598 2686 1703 2721 modo
1733 2686 1979 2722 interficeren-

358 2742 429 2778 tur,
447 2738 548 2772 nullo
571 2739 676 2773 modo
700 2740 868 2774 humanis
892 2740 1076 2775 erroribus
1099 2745 1323 2784 aptarentur.
1345 2742 1443 2776 Haec
1465 2742 1550 2776 licet
1574 2741 1772 2776 christiana
1787 2740 1981 2776 abhorreat

358 2793 489 2836 religio
520 2797 554 2828 et
578 2805 659 2828 cum
677 2795 842 2829 arrianae
858 2795 1044 2830 haereseos
1061 2796 1230 2840 dampnet
1244 2796 1448 2841 sacrilegio,
1466 2800 1587 2831 tamen
1602 2796 1744 2830 imitata
1757 2795 1980 2831 salvatorem

360 2859 476 2889 suum,
495 2848 556 2891 qui
582 2849 678 2883 mitis
696 2853 730 2883 et
744 2849 893 2883 humilis
909 2850 1015 2884 corde
1031 2861 1102 2884 non
1120 2850 1217 2885 venit
1234 2850 1390 2885 clamare
1406 2861 1522 2894 neque
1539 2851 1766 2892 contendere,
1785 2850 1844 2885 sed
1861 2850 1980 2894 potius

358 2903 562 2946 obprobria,
580 2907 715 2948 stupra,
733 2905 867 2947 alapas,
886 2909 1065 2947 postremo
1088 2905 1207 2939 crucis
1230 2909 1383 2940 mortem
1406 2906 1540 2948 subire,
1559 2906 1704 2940 iubet-ur
1728 2905 1875 2940 interim
1890 2906 1981 2941 tales

355 2957 616 3000 quodammodo
639 2959 819 3002 tollerare,
844 2960 941 3003 quia,
968 2963 1007 2995 ut
1030 2960 1082 2995 ait
1104 2961 1228 2995 beatus
1253 2960 1461 3005 Gregorius,
1480 2972 1709 3005 nequaquam
1733 2961 1979 2997 innocentiam
