2097 3466
806 233 938 268 ANNO
966 234 1066 268 1453
1685 236 1749 270 335

121 325 356 370 approbatam
373 335 415 360 ac
431 325 504 361 alia
526 326 681 371 grandia
696 326 872 362 virtutum
890 326 1058 371 insignia,
1085 325 1215 370 quibus
1238 336 1425 369 personam
1449 328 1548 361 tuam
1572 327 1748 362 bonorum

121 380 226 416 dator
240 379 436 415 altissimus
448 381 644 421 decoravit,
662 393 704 416 ea
721 393 812 425 quae
828 381 949 425 gravis
963 386 1044 416 sunt
1063 380 1229 425 ponderis
1244 380 1310 415 tibi
1329 381 1545 416 fiducialiter
1557 382 1748 417 committi·

120 446 212 477 mus,
236 438 419 479 sperantes
444 435 607 477 firmiter,
627 435 715 479 quin
740 436 858 480 potius
882 448 946 480 pro
972 439 1069 470 certo
1094 438 1264 477 tenentes,
1284 436 1378 479 quod
1402 436 1447 470 ad
1472 436 1535 471 illa
1556 437 1751 472 efficaciter

119 489 327 533 exequenda
351 490 531 524 ferventer
555 490 730 530 intendas,
757 490 935 525 intentum
960 490 1072 524 animi
1098 490 1235 534 dirigas
1261 492 1296 524 ct
1319 502 1487 533 operosae
1511 491 1750 526 solicitudinis

119 542 238 579 studio
254 544 490 588 prosequaris,
514 544 606 579 Hinc
630 549 694 585 ost,
713 546 808 588 quod
837 557 910 585 uos,
930 545 991 589 qui
1017 544 1259 579 desideramus
1284 548 1319 579 et
1346 545 1382 579 iu
1407 546 1498 580 votis
1520 546 1692 590 gerimus,
1712 550 1750 582 ut

119 598 206 633 fides
222 598 400 633 catholiea
423 599 554 634 nostris
572 603 801 644 prosperetur
818 600 1038 644 temporibus
1054 603 1089 634 et.
1113 599 1270 643 pravitas
1290 611 1538 644 perversorum
1562 601 1750 636 hominum

118 651 157 687 in
180 664 292 698 regno
310 655 485 689 Franciae
502 655 701 699 vigentium
725 656 769 690 dc
793 656 924 690 tinibus
949 656 1108 691 fidelium
1125 655 1336 699 extirpetur,
1356 656 1452 690 circa
1475 657 1750 701 extirpationem

117 708 267 744 eandem
283 709 476 744 salubriter
491 713 527 745 et
543 710 682 746 utiliter
698 711 886 754 providere
904 711 1137 752 intendentes,
1150 714 1196 751 te,
1211 711 1284 754 qui,
1301 713 1341 745 ut
1356 711 1539 754 asseritur,
1559 713 1752 757 inquisitor

117 762 320 799 haereticae
332 764 519 808 pravitatis
536 765 751 800 auctoritate
768 765 860 799 sedis
877 765 1093 809 apostolicae
1110 765 1300 809 deputatus
1316 765 1449 807 existis,
1469 766 1506 800 in
1520 778 1633 811 regno
1651 779 1749 811 prae-

117 818 214 854 dicto
241 830 323 853 cum
347 820 513 854 omnibus
528 824 564 855 et
586 820 739 865 singulis
762 820 1063 862 immunitatibus,
1084 820 1296 865 privilegiis,
1315 821 1444 865 gratiis
1467 825 1502 857 et
1525 823 1752 858 libertatibus

117 873 392 918 inquisitoribus
417 874 534 909 dictae
558 875 746 919 pravitatis
769 887 791 909 a
808 877 892 920 jure
924 876 980 910 vel
1005 875 1263 910 consuetudine
1293 875 1467 912 hactenus
1495 878 1682 919 concessis,
1713 879 1751 913 in

118 928 235 964 causis
253 929 442 964 haeresum
466 929 715 974 inquisitorem
733 930 897 972 facimus,
917 931 1169 966 constituimus
1185 934 1220 967 et
1243 932 1353 967 etiam
1375 933 1601 976 deputamus,
1627 933 1752 968 dantes

117 986 153 1018 et
165 984 398 1019 concedentes
414 986 539 1019 contra
555 985 760 1028 praedictae
776 985 980 1020 haereticae
997 985 1185 1030 pravitatis
1198 986 1394 1027 credentes,
1408 989 1620 1030 receptores,
1637 988 1751 1022 fauto-

117 1048 174 1073 res
189 1041 225 1074 et
239 1038 440 1073 defensores
453 1049 589 1080 eorum,
608 1042 682 1073 tam
699 1038 958 1074 ecclesiasticas
975 1051 1083 1083 quam
1107 1041 1285 1075 seculares
1303 1040 1490 1084 utriusque
1507 1052 1610 1076 sexus
1634 1053 1750 1085 perso-

117 1103 193 1135 nas,
218 1096 398 1138 exemptas
425 1096 460 1129 et
485 1105 556 1128 non
579 1096 772 1137 exemptas,
799 1095 1058 1138 cujuscumque
1087 1095 1196 1130 etiarn
1228 1095 1427 1140 dignitatis,
1453 1099 1577 1138 status,
1603 1098 1749 1141 gradus,

117 1147 254 1183 ordinis
269 1149 326 1183 vel
353 1148 568 1184 conditionis
594 1148 760 1190 existant,
788 1160 927 1184 necnon
952 1149 1144 1185 infamatos
1169 1151 1226 1184 vel
1250 1154 1430 1194 suspectos
1453 1152 1497 1186 de
1519 1151 1659 1186 haeresi
1689 1155 1753 1187 aut

116 1202 300 1238 erroribus
330 1202 522 1247 praedictis
549 1203 765 1247 procedendi
792 1215 834 1237 ac
860 1203 1019 1238 officium
1051 1204 1277 1248 inquisitoris
1303 1205 1370 1240 tibi
1409 1205 1638 1240 commissum
1673 1218 1751 1241 exc-

117 1257 262 1302 quendi,
279 1270 370 1302 quae
386 1259 429 1293 de
439 1259 525 1303 jure
541 1258 597 1293 vel
610 1259 869 1294 consuetudine
886 1259 1116 1303 inquisitores
1133 1260 1320 1304 pravitatis
1337 1261 1540 1304 praedictae
1557 1262 1750 1306 quomodo-

116 1313 203 1348 libet
230 1313 348 1348 facere
375 1316 638 1348 consueverunt
662 1325 724 1348 seu
747 1313 856 1348 etiam
885 1318 1090 1357 potuerunt,
1121 1316 1263 1358 plenam
1288 1319 1324 1351 et
1354 1316 1505 1351 liberam
1537 1316 1751 1352 auctoritate

115 1367 312 1412 apostolica
332 1370 456 1402 tenore
481 1367 724 1411 praesentium
752 1368 981 1403 concedimus
1005 1369 1224 1404 facultatem.
1244 1370 1316 1405 Per
1340 1370 1605 1406 concessionem
1629 1374 1749 1406 autem

115 1422 322 1468 hujusmodi
338 1435 410 1458 non
432 1423 653 1458 intendimus
669 1423 835 1467 potestati
851 1424 1149 1467 acjurisdictioni
1165 1425 1321 1460 aliorum
1339 1426 1593 1470 inquisitorum
1610 1438 1632 1461 a
1648 1426 1750 1462 nobis

115 1479 172 1513 vel
188 1478 270 1513 aliis
286 1478 332 1513 ad
348 1478 416 1513 hoc
433 1477 685 1513 auctoritatem
702 1477 918 1512 habentibus
935 1479 1187 1522 deputatorum
1205 1479 1243 1514 in
1259 1480 1381 1524 aliquo
1395 1481 1580 1524 derogare.

160 1534 291 1569 Datum
309 1533 446 1568 Romae
462 1534 556 1577 apud
573 1535 736 1568 sanctum
755 1533 916 1574 Petrum,
936 1544 1030 1567 anno
1047 1533 1308 1569 incarnationis
1332 1535 1541 1570 Dominicae
1558 1535 1749 1571 millesimo

115 1587 469 1632 quadringentesimo
491 1587 802 1632 quinquagesimo,
829 1593 956 1631 quarto
981 1587 1061 1622 idus
1084 1588 1232 1632 Aprilis,
1258 1589 1488 1633 pontificatus
1517 1590 1630 1626 nostri
1654 1602 1749 1626 anno

116 1641 270 1687 septimo
285 1643 341 1685 (1).

460 1718 594 1762 Ripoll,
628 1718 706 1754 deel
728 1718 792 1759 III,
818 1718 883 1752 blz.
913 1720 988 1753 317.
1015 1737 1059 1742 —
1080 1719 1123 1754 In
1147 1719 1229 1754 dcze
1255 1720 1318 1754 bul
1341 1719 1424 1756 hcet
1453 1721 1497 1755 de
1528 1719 1747 1764 inquisiteur

505 1775 648 1810 Roland
666 1775 710 1808 cle
727 1775 849 1817 Cosie;
864 1785 966 1809 maar
978 1774 1015 1809 in
1028 1786 1094 1810 een
1106 1776 1218 1810 ander
1230 1776 1314 1811 stuk
1331 1788 1400 1811 van
1415 1777 1484 1811 den
1501 1779 1542 1811 28
1558 1777 1577 1811 J
1583 1777 1645 1811 uni
1661 1780 1745 1812 1471

505 1829 570 1872 (zie
585 1830 713 1864 verder
728 1841 792 1864 ons
808 1837 846 1864 nr
863 1831 939 1871 347)
952 1832 1072 1865 noemt
1087 1830 1138 1874 hij
1157 1830 1357 1866 zichzelven
1379 1831 1413 1864 Ze
1430 1831 1543 1866 Cosic.
1563 1832 1605 1867 In
1622 1831 1747 1876 Ripoll

505 1884 603 1919 lezen
620 1886 677 1927 wij
702 1884 790 1933 ook:
819 1898 834 1912 ιι
861 1884 1048 1919 Rolandus
1072 1885 1116 1918 de
1140 1885 1243 1920 Cosic
1266 1897 1328 1921 seu
1353 1886 1405 1920 Le
1429 1886 1544 1928 Cozic,
1572 1890 1613 1922 ut
1643 1899 1746 1923 voca-

504 1941 565 1973 tur
587 1939 684 1982 apud
707 1938 862 1980 Echard,
881 1941 975 1974 tome
998 1939 1015 1974 Ι
1036 1939 1210 1984 Scriptor.
1232 1940 1319 1975 Ord.
1340 1940 1386 1976 ad
1408 1952 1466 1975 an.
1485 1941 1743 1983 MCCCCLIV,

504 2003 586 2037 pag.
606 1995 681 2028 813.
703 2009 718 2023 ⁹·

873 2124 995 2168 295.

179 2254 319 2307 1453,
345 2255 543 2298 Leuven.
571 2254 812 2297 Uittreksel
845 2254 909 2296 uit
930 2252 1132 2295 Molanus
1154 2251 1250 2307 (16e
1272 2251 1416 2308 eeuw)
1449 2264 1554 2294 over
1571 2253 1746 2295 Antoon

115 2323 326 2366 Laecman
349 2337 434 2366 van
467 2324 570 2374 Zon,
598 2323 665 2366 die
689 2326 833 2366 rector
855 2322 932 2365 der
954 2321 1232 2364 Leuvensche
1254 2321 1542 2376 hoogeschool
1567 2334 1676 2373 waS,
1701 2322 1744 2364 iu

119 2391 234 2435 1453
255 2391 383 2435 stierf
399 2406 452 2435 en
471 2391 816 2448 waarschijnlijk
833 2390 1092 2447 inquisiteur
1114 2391 1150 2433 is
1173 2394 1380 2446 geweest.

164 2515 469 2550 Commemoratio
487 2515 727 2550 celebriorum
743 2516 995 2560 professorum
1003 2516 1027 2558 j
1033 2517 1122 2550 uris.

232 2571 416 2605 Antonius
439 2571 637 2612 Laccman‚
669 2582 693 2605 α
721 2571 811 2605 Zon,
837 2571 892 2605 Ab
920 2570 1216 2605 vicecancellario
1249 2569 1452 2605 Heimcrico
1483 2569 1743 2613 pronunciatus

159 2744 204 2787 (1)
228 2743 280 2779 Te
295 2742 398 2779 recht
419 2744 538 2779 merkt
551 2744 595 2779 de
611 2744 775 2787 uitgever
790 2743 870 2779 hier
886 2756 942 2788 op,
961 2744 1022 2779 dat
1037 2756 1077 2779 er
1093 2744 1184 2780 nicts
1199 2756 1268 2779 aan
1292 2745 1361 2779 den
1376 2744 1500 2779 datum
1523 2743 1662 2788 hapert.
1683 2743 1741 2786 Hij

115 2803 195 2845 zegt
211 2812 219 2835 ε
239 2814 255 2828 u
274 2800 483 2846 Legendum
499 2800 593 2842 L111,
612 2811 694 2835 cum
711 2800 939 2844 pontificatus
954 2812 1070 2835 annus
1093 2800 1264 2845 septimus
1289 2799 1525 2842 asscribatur3
1550 2800 1607 2835 vel
1622 2799 1744 2835 dicen-

114 2856 202 2891 dum
217 2857 313 2901 quod
336 2856 471 2892 erravit
496 2855 724 2891 amanuensis
747 2856 784 2890 in
808 2855 885 2900 ipso
911 2856 1138 2899 pontificatus
1166 2867 1272 2898 anno,
1291 2859 1326 2892 ct
1342 2855 1572 2891 scribendum
1591 2867 1599 2890 :
1620 2854 1742 2890 Ponti·

116 2911 242 2948 ficatus
260 2911 373 2949 nost-ri
388 2923 483 2947 anno
499 2916 641 2956 quarto,
661 2910 795 2947 Christi
810 2911 1012 2947 MCCCCL.
1034 2927 1050 2940 ’ν
