2097 3466
811 241 946 278 ANNO
974 245 1078 279 1112
1678 246 1735 280 -19

95 342 490 400 kroniJkschrijVer
523 342 600 386 der
636 342 770 386 Gesta
808 343 1103 386 Trevirorum
1136 355 1241 385 over
1269 342 1732 400 kettervervolgingen

97 413 261 465 aldaar,
305 413 445 470 geleid
484 413 589 456 door
625 415 788 464 Bruno,
825 412 1024 467 bisschop
1058 424 1143 454 van
1178 411 1316 454 Trier.
1353 437 1411 443 —
1447 413 1505 455 De
1538 411 1735 469 kronijk-

96 483 313 541 schrijVer
330 481 510 528 woonde
534 481 586 525 de
609 480 718 524 zaak
736 481 857 524 zelve
880 480 954 537 bij.
978 480 1084 524 Vier
1099 480 1270 523 ketters
1293 493 1377 522 van
1400 480 1520 537 Ivoy,
1543 481 1594 523 de
1617 484 1733 525 twee

94 552 304 611 priesters
345 551 555 595 Frederik
598 566 651 594 en
695 550 942 594 Dominicus
985 550 1185 601 Willem,
1227 563 1280 592 en
1324 549 1376 592 de
1418 552 1532 592 twee
1576 550 1731 593 leeken

96 621 326 666 Dux-andus
368 635 422 664 en
465 621 737 664 Hamelricus
781 620 959 663 werden
1009 623 1054 663 te
1098 619 1219 661 Trier
1260 617 1366 661 veor
1409 618 1490 661 den
1533 617 1734 674 bisschop

97 690 324 748 gebracht.
366 690 427 748 Zij
462 690 643 733 doolden
681 704 785 734 over
823 691 899 734 het
940 689 1115 746 doopsel
1160 704 1214 732 en
1258 689 1335 732 het
1379 691 1623 732 sacrament
1661 687 1736 730 des

95 759 275 803 altaars.
317 758 588 803 Hamelricus
628 759 921 804 ontvluchtte.
966 759 1197 804 Duraudus
1242 757 1437 801 bekende
1476 755 1658 814 gedoold
1696 758 1739 798 te

96 827 282 881 hebben,
314 842 436 871 maai·
466 842 613 873 zwoer
642 829 756 886 zijne
789 829 963 887 ketterij
999 828 1057 872 af.
1094 828 1304 872 Frederik
1339 828 1390 871 de
1424 827 1613 883 priester
1646 826 1736 869 vol-

96 896 282 950 hardde,
329 912 383 941 en
427 897 592 955 terwijl
631 897 684 941 de
725 897 926 954 bisschop
971 898 1068 941 hem
1111 897 1198 955 zijn
1242 896 1434 954 ongeIiJ'k
1477 896 1532 954 bij
1578 894 1734 938 middel

95 981 181 1011 van
226 967 386 1011 citaten
432 968 500 1011 uit
547 967 630 1010 den
668 968 722 1010 H.
767 966 1041 1024 Augustinus
1081 966 1268 1018 bewees‚
1311 966 1518 1009 ontstond
1562 980 1609 1008 er
1658 979 1736 1009 een

97 1036 308 1095 gedrang,
345 1038 607 1081 waaronder
640 1037 699 1095 hij
739 1039 841 1081 wist
875 1042 921 1082 te
961 1041 1248 1094 ontsnappen.
1279 1036 1478 1091 Afwezig
1510 1036 1632 1079 werd
1676 1035 1733 1091 hij

100 1105 252 1151 alsdan
276 1107 339 1149 als
362 1107 508 1150 ketter
530 1107 826 1150 veroordeeld.
855 1108 915 1150 De
938 1107 1099 1150 andere
1129 1107 1330 1163 priester‚
1358 1104 1601 1148 Dominicus
1626 1104 1739 1148 Wil-

98 1177 196 1229 lem,
218 1177 477 1221 verklaarde
499 1177 621 1222 nooit
643 1178 824 1234 gedoold
847 1181 890 1222 te
913 1177 1084 1221 hebben
1109 1192 1162 1222 en
1185 1180 1325 1220 moest
1347 1176 1410 1219 als
1435 1175 1562 1231 proef
1585 1175 1636 1217 de
1658 1174 1737 1216 mis

97 1246 235 1300 lezen,
261 1260 443 1291 waarna
474 1247 534 1305 hij
562 1247 641 1305 vrij
677 1248 852 1304 gelaten
885 1248 1020 1291 werd.
1050 1247 1175 1291 Maar
1197 1247 1309 1290 later
1331 1245 1501 1288 herviel
1524 1243 1582 1301 hij
1618 1243 1662 1286 in
1685 1243 1737 1286 de

97 1314 275 1374 ketterij
300 1330 355 1360 en
377 1316 498 1359 werd
523 1316 587 1360 als
609 1317 792 1374 plichtig
815 1331 898 1361 aan
922 1317 1121 1374 overspel
1144 1319 1213 1360 ter
1236 1314 1345 1359 dood
1367 1313 1593 1371 gebracht.

146 1441 254 1477 Nunc
271 1444 392 1477 autem
415 1445 590 1488 superest,
608 1445 649 1478 ut
672 1446 858 1487 gestorum
883 1446 959 1487 eJ'us
984 1440 1195 1487 [Brunonis]
1213 1440 1393 1485 quoddam
1410 1438 1658 1480 memorabile,
1677 1436 1736 1473 cui

101 1507 159 1532 me
174 1497 330 1542 contigit
346 1498 529 1539 interesse,
549 1498 698 1533 debeam
715 1498 912 1533 declarare.
934 1498 1059 1539 ivodii,
1074 1497 1169 1541 quod
1188 1496 1402 1531 Trevericae
1418 1494 1591 1530 dioecesis
1606 1505 1740 1537 appen-

102 1552 239 1588 dicium
267 1557 330 1594 est,
348 1554 497 1588 fuerunt
521 1566 561 1589 eo
586 1558 747 1596 tempore
771 1553 958 1595 haeretici,
977 1553 1037 1597 qui
1063 1552 1302 1588 substantiam
1320 1552 1424 1596 panis
1440 1551 1579 1592 etvini,
1598 1561 1689 1593 quae
1703 1549 1742 1583 in

101 1609 211 1644 altari
227 1620 291 1653 per
306 1610 510 1645 sacerdotes
526 1609 766 1651 benedicitur,
785 1610 824 1644 in
840 1620 970 1654 corpus
987 1614 1022 1644 et
1038 1608 1256 1653 sanguinem
1274 1607 1409 1643 Christi
1432 1606 1611 1642 veraciter
1626 1610 1742 1640 trans-

101 1666 238 1700 mutari
261 1666 446 1710 negabant
469 1677 535 1701 nec
559 1666 731 1710 baptismi
755 1670 1024 1700 sacramentum
1048 1665 1210 1709 parvulis
1234 1665 1278 1699 ad
1303 1663 1540 1698 salvationem
1564 1661 1741 1706 proficere

104 1721 274 1756 dicebant
301 1725 336 1756 et
364 1721 436 1756 alia
463 1722 634 1766 perplura
661 1721 756 1756 varii
782 1721 1048 1765 profitebantur
1077 1721 1222 1762 erroris,
1252 1731 1345 1763 quae
1372 1719 1569 1754 memoriae
1600 1717 1744 1753 tradere

103 1777 203 1812 nefas
230 1777 330 1812 duxi.
360 1777 413 1811 De
439 1777 496 1811 his
519 1781 677 1821 quatuor
700 1777 813 1811 oblati
837 1780 920 1812 sunt
947 1777 980 1812 ei
1010 1775 1217 1821 [Brunoni],
1244 1787 1399 1819 quorum
1427 1775 1498 1809 duo
1526 1773 1739 1818 presbyteri,

102 1832 235 1876 reliqui
259 1834 331 1868 duo
355 1836 460 1867 erant
484 1832 591 1867 laici:
613 1832 906 1877 presbyterorum
922 1843 1017 1866 unus
1033 1831 1259 1872 Fredericus,
1279 1831 1372 1865 alter
1387 1830 1527 1865 duobus
1543 1829 1741 1864 vocabatur

103 1888 314 1923 nominibus
329 1888 543 1923 Dominicus
560 1887 806 1931 Guilhelmus3
824 1888 1002 1922 laicorum
1020 1899 1104 1921 vero
1118 1887 1210 1922 alter
1226 1887 1432 1927 Durandus,
1451 1887 1543 1920 alter
1556 1885 1744 1919 dicebatur

104 1943 346 1979 Hamelricus.
381 1944 479 1985 Quos
516 1945 601 1978 dum
639 1944 835 1978 discuteret
865 1949 900 1978 et
931 1943 1059 1987 regula
1097 1942 1296 1977 Christiani
1333 1942 1514 1986 dogmatis
1552 1940 1740 1979 imbueret,

104 1998 335 2034 Hamelricus
358 2000 446 2043 suga
468 1999 589 2042 lapsus
614 2002 681 2042 est3
711 1999 904 2033 Durandus
927 2010 1012 2033 vero
1036 1997 1211 2032 hactenus
1234 1998 1380 2041 quidem
1405 2010 1443 2031 se
1466 1996 1611 2030 sceleris
1634 1995 1744 2039 hujus

104 2059 362 2091 assentatorem
387 2068 461 2091 esse
485 2056 582 2090 ultro
607 2057 790 2091 confessus
815 2060 879 2096 est,
897 2057 956 2090 sed
982 2055 1150 2099 deinceps
1173 2055 1212 2090 in
1229 2067 1270 2089 ea
1287 2054 1529 2089 assentatione
1546 2054 1641 2088 nolle
1666 2064 1743 2096 per-

102 2111 239 2153 sistere,
257 2111 430 2147 adhibitis
453 2112 521 2146 sibi
544 2116 752 2146 sanctorum
777 2111 940 2154 reliquiis
960 2114 1168 2155 Juramento
1194 2111 1312 2145 verbis
1338 2111 1444 2145 tidem
1470 2110 1565 2144 fecit.
1584 2108 1742 2143 Vocatus

102 2172 225 2202 autem
249 2168 340 2202 alter
363 2168 656 2211 presbyterorum
683 2166 898 2201 Fredericus
926 2167 970 2201 ad
996 2166 1220 2201 audientiam
1238 2178 1310 2200 non
1335 2167 1450 2201 solum
1479 2178 1551 2201 non
1580 2165 1740 2209 negavit,

103 2234 232 2258 verum
249 2223 357 2258 etiam
376 2223 466 2257 bene
490 2228 524 2257 et
540 2226 636 2257 recte
654 2234 690 2256 se
709 2222 855 2257 credere
872 2223 907 2255 id
925 2222 1128 2265 profitendo
1145 2223 1310 2256 asseruit.
1331 2222 1397 2256 Cui
1418 2223 1539 2256 Bruno
1557 2222 1744 2265 episcopus

105 2279 180 2314 ait:
210 2287 227 2305 ‘⁴
259 2279 480 2323 Opportebat
505 2282 545 2312 ut
570 2283 621 2319 tu,
648 2277 709 2321 qui
737 2278 864 2312 doctor
893 2277 1055 2312 fidelium
1084 2289 1159 2311 esse
1190 2278 1358 2318 debuisti,
1385 2289 1509 2311 sanum
1538 2276 1741 2310 doctrinam

105 2335 246 2370 cunctis
280 2334 545 2379 evangelizares
576 2334 745 2369 omittens
776 2334 1003 2368 infidelitatis
1033 2333 1259 2375 assertiones,
1294 2335 1331 2368 in
1362 2334 1492 2376 quibus
1528 2333 1674 2367 mentiri
1707 2338 1741 2367 te

105 2391 246 2427 cunctis
262 2391 492 2425 credentibus
516 2391 597 2425 luce
620 2390 755 2424 clarius
779 2393 931 2429 constat,
950 2401 1033 2424 cuni
1058 2390 1183 2423 beatus
1207 2389 1433 2433 Augustinus
1457 2389 1575 2423 dicat:
1605 2396 1620 2414 u
1647 2388 1741 2428 Quo-

106 2465 124 2484 „
142 2447 240 2483 niam
266 2447 449 2481 Christum
466 2447 588 2481 vorari
605 2447 657 2481 fas
673 2445 842 2480 dentibus
859 2457 932 2480 non
949 2449 1011 2485 est,
1032 2445 1146 2479 voluit
1164 2445 1239 2488 ipse
1256 2445 1421 2479 Christus
1438 2445 1534 2479 hunc
1554 2456 1681 2487 panem
1708 2448 1742 2478 et

106 2520 124 2539 n
143 2503 211 2537 hoc
226 2502 351 2537 vinum
368 2503 406 2537 in
423 2506 595 2546 mysterio
619 2513 764 2536 carnem
782 2512 866 2536 vere
882 2512 983 2535 suam
1001 2505 1035 2535 et
1059 2501 1274 2544 sanguinem
1292 2501 1562 2535 consecratione
1586 2499 1742 2543 Spiritus

106 2574 124 2594 n
142 2558 266 2593 Sancti
290 2557 536 2601 potentialiter
560 2557 675 2591 creari
702 2561 736 2591 et
762 2555 910 2590 cottidie
950 2567 1013 2599 pro
1043 2567 1130 2589 mun
1147 2556 1169 2588 11
1199 2556 1274 2589 vita
1306 2555 1456 2598 mystice
1483 2555 1676 2594 immolari,
1704 2560 1744 2587 ut

108 2631 124 2650 n
142 2615 235 2648 sieut
251 2614 295 2649 de
311 2613 465 2658 Virgine
489 2624 552 2656 per
578 2612 755 2656 Spiritum
774 2612 946 2646 Sanctum
964 2623 1049 2645 veru
1065 2623 1148 2645 caro
1173 2611 1250 2645 sine
1267 2611 1365 2645 coitu
1383 2611 1586 2650 creabatur,
1607 2610 1657 2643 ita
1683 2621 1747 2652 per

106 2686 124 2705 n
144 2669 296 2704 eundem
322 2681 365 2704 ex
389 2668 590 2703 substantia
608 2668 710 2711 panis
736 2667 861 2701 etvini
879 2666 1028 2710 mystice
1045 2666 1139 2701 idem
1159 2666 1292 2700 Christi
1311 2677 1441 2708 corpus
1465 2669 1706 2699 consecretur.
1727 2681 1742 2699 >a

108 2725 150 2760 In
167 2726 317 2769 epistola
338 2736 481 2769 quoque
498 2725 541 2759 de
559 2723 627 2758 fide
645 2723 824 2757 catholica
842 2723 936 2757 idern
955 2724 1081 2756 beatus
1098 2722 1324 2766 Augustinus
1341 2722 1428 2755 dicit
1443 2733 1450 2754 :
1473 2729 1489 2746 ‘⁴
1519 2719 1740 2754 Firmissime

107 2797 124 2817 n
142 2783 222 2816 tene
250 2785 284 2816 et
311 2781 518 2816 nullatenus
544 2781 687 2814 dubites
715 2779 888 2823 parvulis,
919 2779 979 2821 qui
1009 2790 1074 2813 nec
1106 2778 1253 2822 propria
1281 2778 1467 2812 voluntate
1494 2777 1641 2811 credere
1672 2787 1739 2810 nec

107 2853 125 2873 n
144 2836 403 2880 poenitentiam
427 2848 492 2880 pro
517 2842 676 2880 peccato,
695 2835 789 2878 quod
807 2833 1038 2878 originaliter
1054 2834 1216 2875 trahunt,
1235 2845 1344 2877 agere
1362 2836 1521 2876 possunt,
1540 2844 1742 2867 sacramen-

108 2909 125 2929 η
143 2896 220 2927 tum
245 2892 327 2927 fidei
352 2902 386 2927 ez
411 2892 664 2936 poenitentiae,
684 2891 779 2934 quod
797 2895 848 2925 est
864 2896 1028 2924 sanctuni
1046 2891 1236 2933 baptisma,
1257 2888 1430 2933 quamdiu
1447 2889 1600 2923 rationis
1617 2900 1741 2922 eorum

108 2964 126 2985 n
143 2953 240 2984 aetas
261 2959 375 2993 capax
400 2960 474 2984 esse
497 2959 570 2984 non
593 2952 721 2992 potest,
740 2946 903 2981 sufficere
927 2946 971 2980 ad
995 2946 1159 2981 salutem.
1180 2962 1197 2981 n
1224 2945 1289 2980 His
1313 2949 1419 2988 atque
1435 2944 1517 2979 aliis
1533 2944 1741 2987 hujusmodi
