2097 3466
349 228 412 262 176
1024 227 1158 264 ANNO
1182 228 1200 263 1
1207 229 1227 263 3
1235 229 1254 263 2
1261 229 1281 262 8

341 322 497 365 huizen
528 321 571 364 in
601 321 653 364 de
686 322 795 375 stad,
823 323 989 366 waarin
1012 337 1220 368 vrouwen
1253 336 1425 376 wonen,
1455 322 1522 366 die
1555 335 1634 366 een
1657 321 1958 380 geliJksoortig

348 391 472 433 leven
493 389 646 433 leiden.

386 497 580 541 Proloyus.
623 497 671 532 Ut
709 499 952 543 unusquisque
990 500 1163 534 lectorum
1198 499 1310 534 vitam
1350 497 1457 534 rectis
1495 498 1687 543 inspiciens
1727 498 1851 540 oculis,
1888 507 1960 532 non

342 552 634 594 interpretatione
657 563 822 595 perversa
839 554 1049 597 depravans,
1071 553 1212 588 facilius
1237 553 1358 588 videre
1382 554 1500 588 valeat
1522 565 1629 597 quam
1653 555 1774 588 sancte
1796 555 1832 588 et
1852 562 1960 595 quam

344 602 435 640 iuste
451 606 694 641 sanctissimus
716 611 816 651 pater
839 620 880 642 ac
904 609 1081 650 dominus,
1107 609 1272 644 dominus
1297 608 1489 650 Johannes,
1515 609 1626 653 digna
1649 608 1714 643 Dei
1737 606 1963 652 providentia

343 672 502 695 summus
529 662 698 705 pontifex,
729 663 1019 699 constitutionem
1049 665 1140 699 bone
1174 663 1346 698 memorie
1379 663 1581 705 Clementis,
1608 662 1865 707 predecessoris
1890 661 1959 703 sui,

342 727 448 759 super
471 716 664 752 abolitione
679 720 790 752 status
806 718 1011 760 mulierum,
1038 730 1106 762 que
1130 719 1330 764 vulgariter
1346 718 1510 763 Beghine
1534 720 1801 762 nuncupantur,
1828 716 1960 753 editam

342 770 539 806 declaravit
553 771 599 806 ad
615 772 796 817 Beghinas
813 773 1050 808 Tornacensis
1065 774 1224 817 dyocesis
1245 776 1462 817 ceterasque,
1484 785 1553 817 que
1568 773 1612 808 de
1628 784 1768 807 summa
1784 771 1962 807 Trinitate

341 829 378 861 et
393 825 524 861 Divina
539 827 690 862 essentia
705 838 777 862 non
792 827 976 871 disputant
998 828 1055 862 vel
1071 827 1257 872 predicant
1275 839 1340 863 nec
1357 839 1496 863 errores
1512 827 1690 863 inducunt
1706 838 1772 862 nec
1787 826 1962 862 seducunt

339 879 518 924 simplices
542 892 607 915 nec
631 881 712 916 aliis
727 881 929 925 periculum
952 881 1155 917 animarum
1179 882 1403 926 parientibus
1418 894 1456 917 se
1479 881 1692 922 immiscent,
1710 891 1783 915 non
1805 878 1960 921 extendi,

342 934 588 978 Beghinarum
602 934 841 970 Gaudentium
853 936 964 971 vitam
976 936 1192 980 modumque
1208 936 1353 971 vivendi
1366 939 1401 972 et
1417 936 1590 978 ordinem,
1610 946 1717 979 quem
1732 937 1815 970 ante
1827 933 1962 970 dictam

343 989 573 1024 abolitionem
587 988 719 1024 ibidem
735 989 844 1024 arctis
859 990 1094 1025 observantiis
1109 993 1314 1032 tenuerunt,
1331 990 1512 1034 explicare
1527 990 1627 1025 brevi
1643 1001 1806 1026 sermone
1822 989 1959 1024 curavi.

388 1045 441 1077 De
453 1045 598 1077 motivis
610 1043 799 1087 fundandi
815 1043 1050 1088 beyhz’naqz'a.
1067 1043 1161 1079 Sane
1176 1045 1267 1079 bone
1284 1044 1456 1080 memorie
1471 1044 1614 1080 domine
1630 1044 1650 1079 J
1653 1044 1796 1079 ohanna
1811 1046 1847 1079 et
1861 1051 1963 1079 soror

342 1098 418 1134 eius
433 1099 655 1143 Margareta,
680 1097 876 1133 successive
901 1098 1072 1133 Flandrie
1094 1101 1129 1133 et
1147 1098 1337 1140 Hannonie
1361 1098 1550 1140 comitisse,
1579 1098 1844 1133 considerantes
1868 1097 1963 1142 quod

342 1156 439 1188 terra
455 1152 615 1196 predicta
630 1153 784 1187 multum
800 1152 985 1187 habundat
997 1140 1233 1194 mulieribusf
1241 1153 1371 1196 quibus
1387 1153 1584 1188 secundum
1600 1151 1822 1188 conditiones
1837 1162 1962 1187 earum

343 1211 377 1242 et
404 1208 602 1242 amicorum
632 1207 794 1242 decentia
816 1206 1050 1242 matrimonia
1081 1219 1153 1242 non
1180 1210 1366 1256 paterent„
1383 1207 1712 1252 circumspectoque
1736 1206 1832 1254 quod
1854 1206 1961 1241 hone-

341 1264 477 1296 storum
504 1261 665 1296 virorum
695 1264 768 1295 tam
796 1261 972 1295 nobilium
1004 1272 1111 1305 quam
1141 1261 1378 1296 mediocrium
1406 1262 1479 1297 filie
1506 1264 1601 1297 caste
1630 1260 1752 1296 vivere
1779 1259 1963 1304 cupientes

340 1315 510 1360 religiosa
525 1315 741 1350 monasteria
757 1318 902 1359 propter
919 1327 1044 1350 earum
1062 1316 1330 1351 multitudinem
1345 1316 1403 1351 vel
1418 1319 1608 1360 parentum
1624 1317 1785 1362 inopiam
1802 1317 1964 1353 obtinere

343 1371 387 1405 de
409 1370 508 1404 facili
539 1382 611 1405 non
633 1371 810 1415 valerent3
835 1370 921 1405 item
945 1371 1040 1414 quod
1064 1370 1229 1406 honestas
1254 1371 1461 1406 domicellas
1485 1373 1519 1406 et
1543 1371 1681 1407 nobiles
1703 1373 1963 1417 depauperatas

345 1427 465 1460 tamen
488 1427 666 1474 oporteret
689 1423 894 1459 mendicare
919 1427 983 1459 aut
997 1424 1108 1459 vitam
1133 1425 1201 1459 sibi
1224 1428 1260 1460 et
1282 1425 1356 1459 suis
1373 1425 1623 1461 confusibilem
1648 1427 1810 1469 actitare,
1827 1426 1897 1462 nisi
1919 1426 1964 1461 de

343 1479 501 1514 remedio
528 1479 710 1523 provisum
738 1481 828 1514 esset
857 1481 1045 1523 oportuno,
1082 1479 1266 1521 divinitus,
1291 1483 1332 1514 ut
1362 1480 1419 1523 pie
1451 1480 1622 1522 creditur,
1647 1481 1830 1526 inspirate,
1863 1479 1963 1525 prius

342 1533 465 1568 habito
489 1534 770 1578 dyocesanorum
787 1537 823 1568 et
849 1534 1004 1569 aliorum
1028 1535 1223 1578 proborum
1248 1534 1398 1569 consilio
1414 1538 1450 1570 et
1472 1547 1628 1578 assensu,
1647 1535 1686 1571 in
1709 1535 1860 1571 diversis
1875 1533 1964 1570 locis

345 1588 515 1623 Flandrie
538 1589 690 1632 quedam
712 1587 868 1632 spatiosa
890 1589 980 1630 loca,
1006 1600 1075 1633 que
1098 1591 1273 1624 vocantur
1297 1589 1545 1633 Beghinarum
1567 1589 1680 1632 curie,
1708 1590 1960 1630 fundaverunt,

346 1642 385 1677 in
413 1643 542 1686 quibus
569 1643 727 1687 predicte
753 1644 934 1686 mulieres,
961 1644 1034 1679 filie
1061 1656 1123 1679 seu
1150 1644 1338 1679 domicelle
1363 1644 1621 1689 reciperentur,
1649 1648 1690 1680 ut
1715 1644 1851 1690 pariter
1873 1643 1964 1679 inibi

346 1699 505 1734 viventes
535 1699 735 1735 castitatem
765 1712 809 1735 ex
848 1703 930 1736 voto
960 1701 1017 1735 vel
1049 1700 1126 1736 sine
1155 1703 1238 1736 voto
1267 1703 1451 1736 servarent
1480 1703 1516 1736 et
1553 1700 1630 1735 sine
1662 1699 1871 1735 confusione
1899 1709 1967 1734 sua

345 1754 402 1788 vel
418 1754 618 1789 amicorum
633 1766 780 1789 suorum
796 1755 1022 1790 convenienti
1038 1755 1193 1791 artificio
1209 1755 1344 1791 victum
1361 1755 1429 1790 sibi
1445 1757 1636 1799 quererent
1652 1758 1687 1790 et
1701 1754 1880 1790 vestitum.

391 1810 445 1843 De
475 1811 580 1843 curia
610 1815 733 1844 sancte
755 1810 918 1845 Elisabet
948 1815 980 1844 et
1011 1810 1188 1856 qualitate
1227 1811 1308 1846 Ioci.
1341 1811 1439 1846 Inter
1455 1823 1542 1855 quas
1573 1809 1692 1846 curias
1723 1810 1764 1845 in
1794 1809 1963 1845 Gandavo

345 1865 587 1899 fundaverunt
609 1875 731 1905 unam,
758 1876 826 1908 que
848 1864 982 1900 dicitur
1005 1865 1107 1899 curia
1130 1867 1251 1900 sancte
1275 1865 1453 1909 Elysabet,
1472 1876 1540 1909 que
1563 1864 1703 1900 fossatis
1718 1867 1754 1900 et
1775 1863 1889 1899 muris
1912 1865 1965 1898 est

347 1919 505 1962 undique
530 1919 780 1961 circumclusa,
798 1922 834 1954 et
860 1919 899 1954 in
921 1919 1039 1954 medio
1069 1920 1146 1955 eius
1173 1923 1225 1955 est
1250 1920 1401 1955 ecclesia
1423 1920 1524 1955 iuxta
1551 1931 1660 1964 quam
1688 1919 1902 1955 simiterium
1929 1921 1964 1954 et

347 1975 534 2019 hospitale,
563 1975 659 2018 quod
681 1986 746 2018 pro
769 1974 946 2009 debilibus
969 1979 1004 2010 et
1024 1975 1178 2010 infirmis
1204 1976 1391 2012 dumtaxat
1413 1976 1512 2010 illius
1540 1975 1640 2010 curie
1662 1975 1797 2019 prefate
1820 1972 1964 2008 domine

347 2030 570 2064 dotaverunt.
598 2029 690 2064 Sunt
711 2031 745 2064 et
772 2029 810 2063 in
833 2041 876 2064 ea
902 2030 1022 2073 plures
1045 2030 1170 2064 domus
1194 2041 1259 2074 pro
1283 2031 1463 2065 dictarum
1486 2030 1680 2065 mulierum
1703 2027 1965 2064 inhabitatione

348 2084 550 2124 constitute,
575 2095 727 2127 quarum
755 2084 913 2127 quelibet
934 2085 979 2119 ab
1009 2084 1081 2119 alia
1106 2085 1225 2119 fossati
1250 2086 1306 2120 vel
1330 2085 1468 2129 sepium
1500 2083 1771 2128 interpositione
1794 2082 1963 2118 distincta

347 2139 532 2183 proprium
547 2139 656 2174 habet
678 2141 809 2173 ortum.
829 2138 921 2174 Sunt
936 2141 972 2174 et
993 2139 1031 2173 in
1047 2139 1170 2174 eodem
1187 2140 1265 2174 loco
1288 2140 1358 2175 due
1374 2139 1572 2183 capellanie
1587 2140 1706 2174 dotata
1729 2149 1794 2182 per
1809 2137 1961 2172 easdem.

394 2195 446 2227 De
473 2204 579 2237 opere
602 2204 782 2227 manuum
807 2193 904 2238 quod
927 2199 1102 2228 exercent.
1128 2194 1170 2229 In
1198 2193 1327 2237 quibus
1351 2194 1495 2238 quidem
1521 2193 1686 2228 domibus
1709 2193 1830 2237 plures
1855 2190 1964 2226 simul

349 2250 609 2282 commorantes
632 2247 871 2282 communiter
901 2248 990 2283 adeo
1017 2251 1100 2283 sunt
1122 2260 1309 2292 paupereS‚
1335 2249 1430 2292 quod
1460 2247 1574 2283 nichil
1596 2248 1730 2284 habent
1753 2247 1823 2283 nisi
1851 2249 1966 2282 vestes

349 2307 385 2339 et
400 2305 533 2338 lectum
557 2315 638 2337 cum
662 2302 762 2343 cista,
787 2313 853 2337 nec
876 2305 996 2337 tamen
1019 2302 1186 2346 cuiquam
1211 2305 1293 2338 sunt
1318 2313 1476 2344 onerose,
1502 2302 1563 2336 sed
1585 2303 1765 2346 operando
1787 2300 1963 2342 manibus,

350 2358 556 2392 mundando
593 2358 694 2392 lanas
731 2358 766 2391 et
802 2357 990 2400 purgando
1025 2368 1161 2400 pannos
1191 2357 1258 2391 sibi
1297 2356 1421 2391 missos
1457 2357 1501 2390 de
1537 2355 1625 2391 villa
1662 2355 1793 2392 cotidie
1825 2357 1965 2391 tantum

348 2413 548 2453 lucrantur,
589 2412 684 2455 quod
715 2410 798 2445 inde
831 2410 967 2445 victum
1004 2414 1182 2446 sumentes
1209 2414 1353 2446 tenuem
1391 2410 1538 2445 ecclesie
1569 2410 1651 2445 iura
1687 2410 1894 2454 persolvunt
1923 2420 1966 2444 ac

350 2466 560 2501 elemosinas
583 2465 740 2500 modicas
755 2465 799 2499 de
821 2464 962 2499 modico
978 2465 1196 2510 largiuntur.
1223 2466 1268 2500 Et
1283 2465 1321 2500 in
1345 2465 1506 2509 quolibet
1520 2468 1697 2500 conventu
1713 2467 1766 2500 est
1787 2475 1871 2506 una,
1897 2475 1966 2507 que

349 2524 498 2556 vocatur
514 2520 688 2565 magistra
703 2531 863 2563 operum,
883 2531 952 2562 que
969 2520 1136 2564 operibus
1153 2523 1188 2555 et
1203 2520 1434 2564 operantibus
1448 2520 1557 2555 habet
1574 2519 1772 2561 intendere,
1789 2521 1830 2554 ut
1845 2517 1966 2553 omnia

351 2575 547 2610 secundum
564 2575 678 2609 Deum
692 2573 845 2608 fideliter
857 2578 1088 2617 peragantur.

392 2629 445 2662 De
471 2629 578 2662 modo
610 2627 790 2672 operandi
821 2632 853 2660 et
885 2630 1064 2662 oratione.
1099 2628 1140 2663 In
1171 2628 1351 2672 operando
1385 2639 1470 2662 vero
1500 2628 1608 2662 talem
1638 2626 1750 2661 ritum
1779 2628 1902 2662 tenent
1931 2628 1966 2662 et

355 2682 659 2722 consuetudinem,
678 2681 772 2724 quod
790 2692 928 2715 summo
952 2692 1056 2716 manc
1072 2684 1258 2726 surgentes
1282 2681 1327 2715 ad
1350 2679 1538 2715 ecclesiam
1555 2681 1783 2723 conveniunt,
1809 2681 1967 2725 quelibet

355 2736 394 2771 in
423 2737 542 2771 locum
565 2746 670 2770 suum
700 2734 795 2777 quod
817 2733 926 2768 habet
947 2734 1015 2769 sibi
1039 2735 1242 2779 specialiter
1263 2735 1484 2778 deputatum,
1509 2736 1550 2769 ut
1576 2745 1640 2778 per
1662 2735 1731 2770 hoc
1755 2735 1966 2779 cuiusquam

354 2791 515 2826 absentia
536 2790 647 2835 possit
661 2788 804 2823 facilius
829 2788 1059 2832 deprehendi,
1085 2792 1133 2830 et,
1151 2789 1201 2824 ibi
1217 2789 1341 2824 audita
1362 2788 1470 2823 missa
1486 2799 1528 2823 ac
1554 2789 1641 2823 fusis
1663 2788 1897 2831 orationibus,
1921 2789 1968 2824 ad

353 2845 476 2880 domos
493 2856 574 2879 suas
600 2843 752 2879 redeunt
774 2853 839 2886 per
860 2844 971 2877 totam
993 2843 1089 2878 diem
1113 2855 1195 2878 cum
1217 2843 1360 2878 silentio
1383 2845 1580 2887 operantes,
1609 2843 1648 2879 in
1671 2855 1741 2888 quo
1763 2843 1830 2879 toti
1851 2843 1968 2888 patrie

355 2900 431 2934 fore
454 2899 626 2943 perutiles
642 2897 889 2938 dinoscuntur,
915 2900 951 2932 et
973 2900 1093 2935 tamen
1108 2898 1159 2934 sic
1175 2900 1360 2941 operantes
1376 2898 1421 2932 ab
1436 2897 1598 2935 oratione
1613 2909 1685 2934 non
1708 2900 1865 2941 cessant3
1883 2908 1967 2933 nam
