2097 3466
302 261 365 296 233
994 257 1125 292 ANNO
1151 257 1253 292 1377

300 353 598 406 Duitschland,
637 351 829 395 Brabant
860 364 912 394 en
946 350 1239 402 Vlaanderen,
1275 347 1453 406 waarbij
1481 347 1541 406 hij
1576 347 1628 391 de
1662 347 1705 391 in
1728 344 1928 391 armoede

303 423 484 466 levende
512 420 826 478 godvruchtige
857 433 1088 476 personen,
1125 419 1192 461 die
1224 418 1365 461 alleen
1393 430 1462 459 om
1493 417 1577 460 den
1609 416 1725 459 wille
1756 416 1930 459 hunner

305 491 460 548 kleedij
486 493 739 534 verontrust
759 489 954 538 worden,
982 487 1119 531 onder
1140 488 1253 543 zijne
1274 485 1576 542 bescherming
1603 487 1765 528 neemt.
1790 509 1848 515 —
1869 484 1928 526 De

303 574 410 616 paus
433 563 531 616 zegt
554 573 788 602 vernomen
812 561 854 601 te
877 556 1062 606 hebben,
1101 556 1175 598 dat
1196 556 1241 597 in
1263 555 1329 597 die
1351 557 1575 611 gewesten
1597 554 1693 597 veel
1715 565 1929 610 personen

305 642 389 671 van
413 627 560 671 beider
581 628 727 671 kunne
749 628 793 670 in
817 626 1016 670 armoede
1050 639 1102 668 en
1127 623 1519 681 godvruchtigheid
1537 623 1677 675 leven,
1704 623 1771 666 die
1798 620 1932 664 noch-

304 700 403 740 tans
421 700 491 740 ter
511 696 695 739 oorzake
717 710 802 739 van
826 695 900 739 het
923 695 1087 750 dragen
1110 707 1195 736 van
1219 693 1373 736 zekere
1397 692 1629 736 kleederen
1652 691 1759 735 door
1779 689 1932 734 enkele

307 766 503 821 prelaten
537 779 590 808 en
624 764 904 821 inquisiteurs
927 767 1001 806 ten
1035 762 1242 805 onrechte
1275 761 1486 817 vervolgd
1517 761 1696 805 worden
1717 763 1782 804 tot
1805 762 1935 816 groot

307 834 542 877 schandaal
579 848 665 877 van
701 834 845 877 velen.
871 834 930 875 De
962 845 1069 888 paus
1102 830 1275 887 gebiedt
1312 830 1395 873 den
1432 829 1734 886 bisschoppen‚
1769 828 1843 872 dat
1879 826 1931 884 zij

307 902 433 946 zulks
475 903 518 945 in
560 903 649 946 hun
689 902 840 959 gebied
877 902 1043 944 zouden
1075 900 1268 943 beletten
1303 913 1357 942 en
1389 899 1471 942 den
1508 897 1854 955 gebanvloekten
1892 895 1940 938 of

307 971 548 1028 gestraften
578 970 789 1014 absolutie
813 971 1062 1021 verleenen‚
1099 969 1261 1025 terwijl
1284 969 1432 1011 hunne
1460 968 1713 1024 vervolgers
1745 967 1851 1010 door
1880 964 1934 1008 de

309 1040 560 1097 geestelijke
583 1053 769 1083 censuur
801 1042 970 1083 moeten
1003 1038 1273 1094 bedwongen
1301 1037 1497 1090 worden,
1526 1033 1933 1094 niettegenstaande

307 1111 391 1153 alle
415 1109 727 1166 dispensatien.

353 1233 547 1277 Gregorius
564 1233 762 1277 episcopus,
781 1244 904 1267 servus
921 1244 1106 1268 servorum
1130 1232 1209 1274 Dei,
1227 1230 1494 1266 venerabilibus
1517 1228 1691 1265 fratribus
1717 1226 1932 1270 Coloniensi,

309 1287 532 1329 Treverensi,
562 1287 834 1331 Moguntinensi
861 1287 1012 1331 aliisque
1051 1286 1329 1331 archiepiscopis
1367 1288 1403 1320 ct
1434 1288 1509 1320 tam
1545 1295 1671 1319 eorum
1698 1281 1935 1328 suffraganeis

309 1355 416 1386 quam
433 1343 514 1377 aliis
529 1342 704 1386 episcopis
720 1342 895 1376 universis
912 1353 975 1386 pcr
991 1341 1257 1383 Alamanniam,
1277 1339 1511 1375 Brabantiam
1528 1341 1563 1374 et
1580 1338 1790 1374 Flandriam
1805 1336 1934 1373 consti-

309 1398 407 1440 tutis,
439 1399 484 1433 ad
512 1409 600 1440 quos
627 1400 830 1442 praesentes
853 1397 980 1433 literae
1005 1397 1244 1442 pervenerint,
1270 1397 1422 1432 salutem
1448 1399 1484 1431 et
1510 1395 1744 1440 apostolicam
1774 1393 1936 1430 benedic-

309 1452 456 1488 tionem.

355 1508 410 1542 Ad
427 1506 649 1542 audientiam
668 1509 827 1542 nostram
840 1507 1014 1551 pervenit,
1033 1508 1129 1551 quod
1141 1507 1180 1542 in
1195 1506 1323 1542 vestris
1339 1505 1546 1541 civitatibus
1561 1507 1598 1541 et
1621 1503 1844 1540 dioecesibus
1866 1501 1938 1537 sint

311 1562 476 1598 nonnulli
493 1573 667 1606 pauperes
683 1561 872 1605 utriusque
888 1574 1003 1604 sexus
1022 1562 1084 1606 qui
1100 1562 1289 1597 humiliter
1311 1564 1347 1596 et
1372 1561 1519 1596 honeste
1545 1559 1585 1595 in
1612 1559 1696 1595 fidei
1722 1557 1881 1603 puritate
1902 1559 1939 1593 et

310 1617 469 1653 honestis
485 1617 641 1652 vestibus
651 1620 714 1652 aut
729 1616 913 1651 habitibus
928 1617 966 1652 in
983 1620 1193 1661 paupertate
1208 1620 1243 1652 et
1259 1616 1421 1652 castitate
1433 1615 1560 1651 vivunt
1575 1618 1611 1651 et
1625 1614 1792 1650 ecclesias
1811 1614 1939 1649 devote

311 1674 551 1716 frequentant.
571 1672 615 1707 Et
633 1671 827 1716 quodlicet
853 1672 1060 1717 hujusmodi
1088 1683 1263 1716 pauperes
1289 1671 1392 1707 nobis
1417 1674 1454 1707 et
1481 1671 1669 1706 Romanae
1696 1669 1870 1706 ecclesiae
1895 1679 1939 1703 ac

311 1740 436 1762 eorum
452 1727 622 1771 praelatis
638 1729 673 1762 et
700 1727 835 1762 curatis
859 1730 1066 1762 reverenter
1090 1727 1270 1769 obediant,
1295 1727 1404 1762 nullis
1430 1725 1614 1761 erroribus
1641 1736 1679 1761 se
1706 1723 1934 1765 involvendo,

311 1783 384 1825 sed,
410 1782 558 1817 intimae
583 1781 744 1817 caritatis
760 1793 894 1824 amore,
914 1783 988 1817 Deo
1019 1785 1054 1818 et
1077 1785 1223 1826 propter
1248 1782 1365 1826 ipsum
1392 1780 1565 1825 proximis
1591 1779 1790 1821 serviendo,
1816 1781 1938 1814 tamen

312 1838 478 1873 nonnulli
502 1849 523 1871 a
546 1837 646 1872 vobis
670 1849 730 1871 seu
748 1848 812 1881 per
835 1849 898 1872 vos
925 1837 1101 1872 ordinarii
1131 1840 1167 1873 et
1196 1837 1304 1872 etiam
1332 1836 1445 1880 aliqui
1473 1835 1705 1880 inquisitores
1734 1833 1938 1870 haereticae

312 1892 502 1938 pravitatis
518 1892 556 1927 in
586 1892 658 1926 illis
685 1892 848 1936 partibus
875 1893 1071 1936 apostolica
1097 1892 1312 1928 auctoritate
1340 1892 1501 1936 deputati
1531 1890 1738 1934 hujusmodi
1764 1899 1938 1934 pauperes

310 1950 501 1982 occasione
530 1949 686 1981 vestium
718 1947 877 1982 indebite
901 1950 935 1982 et
963 1947 1095 1991 injuste
1123 1948 1346 1991 perturbant,
1373 1947 1533 1990 ipsorum
1557 1948 1671 1981 vestes
1698 1943 1878 1989 simplices
1903 1945 1940 1979 et

315 2002 481 2038 honestas
508 2001 703 2043 decurtari,
733 2003 984 2036 transformari
1011 2005 1046 2037 et
1073 2003 1287 2046 quandoque
1324 2000 1558 2037 transmutari
1596 2000 1773 2042 faciendo,
1799 2009 1940 2034 necnon

313 2058 499 2093 occasione
516 2057 724 2102 hujusmodi
748 2057 901 2092 vestium
929 2060 1153 2092 sacramenta
1180 2057 1422 2092 ecclesiastica
1446 2056 1653 2098 inhibendo,
1674 2057 1709 2091 et
1724 2054 1797 2090 alia
1815 2064 1940 2099 grava-

313 2113 412 2148 mina
428 2113 626 2154 inferendo,
645 2111 778 2147 eisdem
794 2111 833 2145 in
849 2111 1104 2146 detrimentum
1121 2115 1156 2147 et
1171 2112 1342 2146 damnum
1364 2111 1525 2155 ipsorum
1548 2121 1748 2154 pauperum
1775 2111 1812 2144 et
1837 2119 1937 2143 scan-

312 2168 433 2202 dalum
448 2167 700 2211 plurimorum.
712 2165 891 2206 Quocirca
903 2165 1269 2209 fraternitativestrae
1282 2177 1346 2210 per
1357 2164 1554 2209 apostolica
1565 2164 1699 2209 scripta
1711 2163 1935 2204 mandamus,

313 2228 488 2264 quatenus
512 2221 663 2265 quilibet
679 2224 836 2255 vestrum
864 2222 901 2254 in
925 2220 1078 2255 dioecesi
1102 2232 1166 2254 sua
1189 2231 1363 2264 pauperes
1386 2220 1499 2264 ipsius
1522 2220 1709 2255 occasione
1730 2217 1938 2264 hujusmodi

315 2289 439 2311 earum
471 2275 690 2320 simplicium
721 2278 757 2310 ct
786 2275 1018 2310 honestarum
1048 2275 1201 2310 vestium
1236 2275 1442 2310 nullatenus
1472 2275 1646 2317 molestet,
1679 2285 1745 2309 nec
1774 2274 1820 2308 ab
1857 2271 1939 2307 aliis

315 2331 510 2372 molestari,
529 2334 703 2375 quantum
721 2329 759 2364 in
775 2329 876 2364 vobis
899 2329 1020 2371 fuerit,
1038 2329 1125 2364 dum
1147 2333 1268 2365 tamen
1295 2330 1416 2365 fideles
1444 2332 1479 2365 et
1506 2328 1675 2364 catholici
1697 2327 1938 2373 reperiantur,

316 2385 543 2429 permittatis.
563 2385 608 2420 Et
636 2385 665 2419 si
696 2396 784 2428 quos
807 2395 945 2425 eorum,
965 2384 1151 2419 occasione
1178 2384 1373 2428 praedicta,
1392 2383 1719 2419 excommunicatos
1747 2383 1806 2418 vel
1834 2381 1940 2417 dictis

316 2440 548 2475 sacramentis
571 2439 729 2484 privatos
745 2440 802 2474 vel
825 2439 914 2473 alias
943 2439 1100 2474 indebite
1127 2439 1270 2483 punitos
1297 2439 1482 2483 reperietis
1503 2438 1718 2474 auctoritate
1744 2437 1940 2482 apostolica

314 2495 499 2538 praedicta
515 2495 711 2529 restituatis
727 2494 867 2529 eosdem
884 2493 922 2527 in
938 2494 1054 2528 forma
1070 2493 1241 2528 ecclesiae
1265 2496 1445 2535 consueta,
1464 2492 1743 2528 contradictores
1766 2503 1832 2536 per
1857 2503 1938 2526 cen-

317 2561 437 2583 suram
455 2549 745 2590 ecclesiasticam,
764 2548 1004 2592 appellatione
1019 2551 1167 2590 remota,
1186 2549 1453 2592 compescendo.
1472 2550 1553 2584 Non
1577 2549 1739 2584 obstante
1755 2547 1785 2582 si
1808 2545 1936 2590 aliqui-

316 2605 382 2638 bus
409 2605 647 2640 communiter
663 2605 719 2639 vel
737 2604 881 2639 divisim
909 2615 930 2638 a
946 2604 1028 2638 sede
1054 2603 1250 2647 apostolica
1275 2604 1457 2639 indultum
1483 2603 1623 2645 existat,
1643 2602 1739 2647 quod
1753 2599 1935 2640 interdici,

320 2659 487 2702 suspendi
519 2660 576 2694 vel
607 2658 914 2695 excommunicari
942 2670 1014 2694 non
1040 2658 1151 2703 possit
1176 2669 1240 2702 per
1270 2658 1394 2694 literas
1423 2658 1635 2703 apostolicas
1665 2669 1738 2693 non
1767 2655 1938 2692 facientes

319 2715 461 2758 plenam
478 2717 513 2749 et
529 2725 730 2758 expressam
749 2725 791 2748 ac
808 2714 851 2748 de
867 2713 976 2748 verbo
1000 2713 1046 2747 ad
1068 2713 1217 2748 verbum
1241 2713 1285 2748 de
1307 2712 1447 2748 indulto
1474 2711 1681 2757 hujusmodi
1706 2709 1937 2746 mentionem.

361 2770 493 2804 Datum
510 2769 646 2805 Romae
662 2769 758 2815 apud
775 2768 810 2804 S.
830 2769 991 2810 Petrum,
1010 2767 1062 2804 ΠΙ
1077 2779 1189 2803 nonas
1206 2768 1422 2811 Decembris,
1449 2767 1678 2813 pontificatus
1700 2765 1814 2802 nostri
1843 2775 1938 2800 anno

321 2824 482 2868 septimo.

707 2879 894 2922 Mosheim,
913 2880 979 2915 blz.
1000 2881 1062 2916 401
1081 2891 1125 2915 en
1143 2881 1216 2915 402.
