2097 3466
341 236 402 267 -ΠΟ
1016 230 1147 264 ANNO
1174 232 1270 264 1491

338 327 497 362 sionibus
520 337 583 369 per
606 326 724 368 plures
748 323 997 358 universitates
1021 334 1238 367 magnosque
1260 323 1422 357 doctores
1444 324 1481 356 et
1503 325 1660 357 caeteras
1677 322 1766 357 alias
1790 333 1958 366 personas

339 382 502 425 egregias
518 385 551 415 et
569 379 784 414 scientificus
797 379 894 419 visis,
912 378 998 413 dieti
1017 377 1251 412 commissarii
1269 389 1332 421 per
1347 388 1470 411 eorum
1488 377 1699 412 sententiam
1715 377 1753 412 in
1766 379 1957 421 conspectu

340 437 460 482 populi
487 436 603 471 dietae
620 435 727 469 villae
745 435 990 470 Atrebatensis
1006 435 1193 478 prolatam,
1213 434 1288 478 ipso
1305 434 1348 468 de
1366 433 1556 468 Belloforti
1579 446 1600 467 a
1627 433 1802 468 sententia
1818 445 1957 468 excom-

340 490 594 526 municationis
612 490 712 534 prius
725 490 899 530 absoluto,
917 490 961 523 ad
974 489 1153 533 prisonem
1167 488 1203 523 in
1218 488 1422 523 carceribus
1438 488 1525 522 dicti
1537 487 1694 532 episcopi
1710 487 1959 524 Atrebatensis

339 546 453 590 spatio
477 556 655 579 annorum
687 544 892 583 tenendum,
912 555 1049 578 necnon
1073 543 1111 578 in
1135 555 1195 578 sex
1218 543 1373 577 millium
1398 543 1574 577 librarum
1597 554 1773 577 summam
1796 545 1962 579 monetae

341 599 469 635 Artesii
487 610 551 642 pro
570 598 638 633 fide
654 598 823 633 adversus
841 599 977 632 Tureos
993 600 1028 632 ct
1045 609 1115 632 non
1132 597 1218 632 alibi
1235 597 1508 641 impendendam
1525 597 1617 632 acin
1634 598 1712 632 loco
1725 597 1768 633 de
1783 597 1962 633 Malinnes

338 660 438 691 extra
454 657 664 699 potestatem
686 653 772 688 dicti
790 652 947 696 episcopi
977 652 1221 687 Atrebatensis
1238 653 1450 696 ponendam,
1470 664 1608 687 necnon
1625 652 1663 687 in
1680 652 1778 688 mille
1793 653 1962 697 quadrin-

339 710 454 755 gentis
472 709 575 744 libris
591 708 787 743 seeundum
804 706 1085 742 declarationem
1102 707 1219 742 dictae
1235 707 1431 742 sententiae
1446 707 1692 751 impendendis
1707 708 1962 743 condemnave-

339 769 432 805 rant,
451 776 471 798 a
488 774 559 807 qua
571 763 715 807 quidem
733 761 907 797 sententia
926 761 1075 796 minime
1091 762 1309 805 appellatum
1327 761 1531 805 exstiterat3
1549 763 1609 797 sed
1626 766 1704 806 post
1718 762 1964 799 executionem

339 821 451 865 ipsius
470 819 587 854 (lictus
601 819 644 853 de
658 817 846 853 Belloforti
860 820 895 852 et
911 819 988 859 ejus
1005 820 1173 860 parentes
1189 817 1470 852 relevamentum
1488 817 1526 852 in
1543 830 1651 852 causa
1663 818 1795 862 appelli
1807 818 1966 855 obtinue-

339 879 432 915 rant,
463 886 504 909 ac
523 876 599 917 jam
628 873 742 908 dictos
769 872 953 907 intimatos
984 883 1026 906 ac
1057 873 1272 907 deffensores
1303 872 1465 907 intimari
1497 875 1532 908 et
1557 873 1767 917 adjournari
1793 873 1963 909 fecerant.

341 930 553 965 Praedictus
576 940 662 963 vero
696 927 984 971 consanguineus
1019 930 1139 961 noster
1168 927 1240 961 dux
1270 927 1505 971 Burgundiae
1535 928 1820 971 prosecutionem
1850 927 1968 964 dictae

339 985 510 1021 materiae
527 996 592 1028 pro
610 985 703 1018 bona
727 984 796 1017 fide
814 986 848 1017 et
872 994 937 1026 pro
963 982 1194 1026 abjuratione
1218 983 1309 1017 tanti
1333 982 1477 1024 erroris,
1503 983 1564 1027 qui
1587 984 1746 1028 maligno
1769 983 1898 1028 spiritu
1921 985 1968 1020 ad

337 1044 455 1085 partes
471 1050 604 1083 augere
628 1038 780 1078 dicebat,
802 1048 866 1080 per
876 1039 953 1080 jam
978 1037 1092 1072 dictos
1111 1036 1266 1072 vicarios
1282 1036 1443 1081 episcopi
1462 1038 1706 1073 Atrebatensis
1722 1049 1764 1073 ac
1779 1038 1966 1083 inquisito·

340 1108 415 1131 rem
428 1095 510 1129 fidei
528 1095 660 1129 factam
675 1092 795 1133 fuisse,
811 1096 845 1127 et
859 1093 904 1126 ob
916 1092 983 1127 hec
995 1092 1131 1127 dietum
1145 1093 1189 1127 de
1204 1092 1393 1128 Belloforti
1406 1092 1702 1128 inadmissibilem
1714 1094 1790 1129 fore
1802 1093 1969 1130 similiter

340 1149 579 1195 proposuisset
593 1161 601 1187 ;
619 1147 826 1192 pariterque
843 1146 960 1182 dictus
976 1147 1020 1181 de
1037 1146 1214 1182 Saneuses
1233 1147 1380 1182 dixisset
1396 1149 1431 1182 et
1447 1147 1598 1191 proponi
1615 1148 1765 1189 fecisset,
1783 1149 1879 1192 quod
1893 1148 1969 1193 ipse

340 1208 383 1242 de
400 1207 585 1245 Saneuses,
602 1203 770 1239 notabilis
794 1203 898 1238 miles
914 1203 951 1237 in
977 1205 1094 1238 aetate
1111 1203 1391 1248 septuagenaria
1407 1203 1632 1244 constitutus,
1650 1203 1806 1238 multum
1817 1202 1915 1238 dives
1930 1203 1969 1238 in

340 1261 443 1297 bonis
465 1263 538 1295 tam
562 1258 756 1294 mobilibus
781 1269 888 1302 quam
923 1257 1170 1293 immobilibus
1194 1261 1281 1299 erat,
1309 1269 1351 1292 ac
1379 1259 1469 1292 bene
1493 1261 1529 1293 et
1550 1257 1811 1293 honorabiliter
1837 1258 1969 1301 absque

340 1314 531 1360 opprobrio
558 1326 633 1349 sese
656 1317 799 1349 rexerat
822 1325 864 1348 ac
897 1314 1175 1357 gubernaverat,
1205 1325 1248 1347 ac
1272 1325 1353 1347 cum
1379 1313 1475 1348 dicto
1507 1313 1675 1348 Collardo
1704 1313 1748 1348 de
1781 1312 1969 1348 Belloforti

341 1381 510 1414 magnam
526 1368 723 1403 amicitiam
746 1369 936 1408 habuerat,
964 1370 1067 1411 cujus
1091 1367 1207 1402 filium
1234 1367 1442 1411 Philippum
1468 1368 1511 1402 de
1536 1366 1723 1402 Belloforti
1745 1369 1913 1402 vocatum
1928 1378 1972 1402 ex

341 1425 452 1460 sacris
474 1424 633 1459 fontibus
657 1423 881 1467 baptismatis
906 1434 1035 1458 nomen
1062 1423 1130 1457 sibi
1156 1422 1372 1466 imponendo
1399 1423 1591 1464 levaverat,
1617 1423 1692 1467 ipse
1717 1422 1906 1467 Philippus
1929 1423 1974 1458 de

345 1478 543 1519 Belloforti,
568 1481 646 1521 ejus
670 1478 815 1519 filiolus,
842 1489 1007 1521 processu
1035 1477 1123 1512 dicti
1150 1477 1311 1512 Collardi
1334 1477 1390 1512 sui
1415 1477 1527 1522 patris
1549 1478 1725 1522 pendente
1748 1479 1784 1513 et
1806 1478 1970 1519 durante,

343 1544 425 1567 cum
442 1532 564 1566 codem
582 1531 625 1565 de
643 1530 819 1566 Saneuses
836 1530 988 1571 biberat,
1008 1531 1291 1565 manducaverat
1307 1533 1343 1565 et
1359 1541 1550 1565 conversus
1574 1530 1702 1571 fuerat,
1721 1530 1782 1564 sed
1797 1529 1915 1565 dictus
1929 1530 1974 1565 de

345 1588 517 1622 Saneuses
546 1586 592 1620 ad
615 1585 751 1620 dictum
776 1596 981 1628 processum
1014 1584 1220 1619 faciendum
1245 1585 1290 1618 ad
1321 1587 1522 1628 requestam
1548 1584 1727 1620 dictorum
1753 1583 1974 1620 vicariorum

344 1643 529 1677 dumtaxat
551 1652 627 1676 sese
649 1643 843 1684 repererat,
869 1639 1028 1683 dictique
1062 1640 1202 1681 vicarii,
1230 1642 1264 1675 et
1297 1651 1369 1674 non
1392 1640 1487 1675 idem
1509 1640 1554 1675 de
1576 1639 1750 1675 Saneuses
1771 1639 1908 1675 dictum
1931 1640 1975 1675 de

346 1695 536 1732 Belloforti
552 1696 849 1730 condemnarant.
1890 1737 1894 1739 b

389 1751 547 1786 Praefati
560 1762 644 1785 vero
661 1751 789 1785 Petrus
805 1750 853 1784 du
871 1749 1012 1790 Hamel,
1028 1749 1203 1794 Aegidius
1219 1750 1252 1785 le
1268 1750 1454 1794 Flameng,
1471 1750 1491 1784 J
1494 1750 1628 1785 acobus
1643 1750 1691 1785 du
1708 1749 1805 1791 Bois,
1819 1749 1974 1784 Jacobus

347 1807 538 1847 Thiebaut‚
556 1806 711 1841 Joannes
727 1805 886 1845 Pochon,
914 1805 1043 1840 Petrus
1059 1805 1093 1839 le
1119 1805 1297 1845 Brossart,
1316 1805 1473 1839 ,Ioannes
1488 1805 1523 1840 le
1545 1804 1790 1849 Boullengier,
1807 1804 1976 1840 Matheus

346 1861 473 1901 Paille,
491 1861 646 1896 Joannes
663 1861 804 1900 Forme,
824 1859 991 1894 Matheus
1015 1860 1063 1894 du
1089 1859 1229 1898 Hamel,
1248 1860 1404 1894 Joannes
1420 1859 1636 1894 l’Hostellier
1651 1861 1687 1894 et
1702 1857 1916 1892 Guillelmus
1931 1857 1976 1892 de

349 1919 445 1961 Bary
468 1917 635 1952 dicebant
658 1915 835 1956 similiter,
861 1915 956 1958 quod
979 1914 1066 1950 dicti
1091 1919 1229 1950 actores
1253 1927 1294 1950 eo
1319 1915 1470 1949 crimine
1495 1914 1688 1955 valderiae,
1714 1911 1891 1957 sortilegii
1913 1923 1975 1947 seu

347 1972 503 2007 haeresis
526 1972 631 2006 modo
647 1974 682 2006 et
699 1972 815 2005 forma
829 1970 1010 2014 praefatis,
1030 1981 1095 2014 per
1111 1971 1283 2014 quosdam
1299 1982 1380 2004 suos
1399 1970 1592 2013 complices
1607 1968 1747 2004 onerati
1762 1970 1799 2003 et
1813 1966 1973 2003 accusati

349 2030 502 2067 fuerant,
528 2028 572 2061 ob
601 2027 696 2070 quod
723 2025 810 2070 ipsis
833 2025 1081 2070 interrogatis,
1116 2025 1339 2069 processibus
1363 2028 1488 2060 contra
1516 2037 1575 2060 eos
1598 2023 1714 2066 factis,
1732 2023 1771 2058 in
1793 2023 1917 2058 multis
1942 2025 1979 2059 et

349 2081 498 2115 diversis
514 2080 684 2121 emendis,
707 2079 872 2123 superius
891 2079 1093 2120 declaratis,
1114 2078 1341 2114 condemnati
1359 2079 1524 2121 fuerant3
1540 2089 1651 2122 quare
1666 2078 1794 2114 mediis
1808 2078 1978 2123 praefatis

349 2140 385 2172 ct
407 2135 487 2170 aliis
510 2135 619 2170 latius
643 2135 680 2169 in
707 2146 874 2178 processu
892 2135 1054 2169 deductis
1079 2136 1115 2169 et,
1138 2134 1342 2178 propositis,
1369 2134 1613 2169 concludendo
1637 2133 1747 2170 etiam
1761 2134 1930 2178 petebant
1943 2136 1980 2169 et

351 2190 595 2234 requirebant.
622 2189 717 2224 Dicti
735 2189 893 2224 intimati
912 2192 947 2224 et
963 2189 1176 2224 deffensores
1192 2200 1257 2232 per
1273 2191 1449 2223 arrestum
1467 2187 1584 2223 dictae
1606 2188 1728 2223 curiae
1744 2190 1886 2224 nostrae
1906 2188 1979 2224 dici

353 2248 388 2280 et
403 2244 580 2280 declarari
593 2246 671 2288 jam
687 2243 801 2279 dictos
817 2244 1038 2288 appellantes
1054 2243 1203 2278 minime
1227 2244 1303 2278 fore
1319 2242 1569 2283 admittendos,
1587 2243 1712 2278 saltem
1727 2254 1809 2278 suas
1824 2243 1979 2287 appella-

354 2300 468 2335 tiones
491 2299 650 2333 desertas
673 2309 759 2339 esse,
786 2298 951 2342 ipsosque
976 2298 1196 2342 appellantes
1213 2298 1258 2332 ad
1275 2308 1437 2332 carceres
1454 2297 1540 2332 dicti
1558 2297 1714 2342 episcopi
1736 2296 1981 2332 Atrebatensis

354 2354 513 2398 ipsorum
528 2352 691 2396 expensis
708 2353 809 2387 reddi
828 2356 863 2387 et
880 2353 1023 2388 restitui
1040 2353 1180 2393 debere,
1204 2353 1475 2396 praefatumque
1488 2352 1531 2386 de
1547 2351 1734 2387 Belloforti
1750 2351 1789 2386 in
1803 2351 1982 2386 similibus

357 2407 515 2443 emendis
530 2406 804 2441 honorabilibus
823 2409 857 2441 et
875 2407 1023 2441 utilibus
1040 2418 1128 2451 erga
1144 2407 1279 2441 dictum
1296 2407 1339 2441 de
1364 2406 1549 2447 Saneuses,
1567 2409 1675 2450 prout,
1696 2407 1772 2450 ipse
1797 2406 1842 2441 de
1864 2406 1980 2442 Bello-

358 2460 442 2494 forti
459 2460 628 2493 adversus
652 2458 770 2501 ipsum
796 2458 1031 2499 concluserat,
1049 2458 1166 2502 ipsum
1190 2459 1234 2492 de
1258 2457 1445 2492 Belloforti
1469 2458 1574 2492 fidem
1591 2462 1626 2492 et
1649 2457 1904 2502 hommagium,
1918 2468 1983 2501 per

359 2525 453 2554 eum,
485 2512 625 2548 ratione
653 2511 791 2547 domini
819 2513 862 2546 de
887 2512 1087 2553 Belloforti,
1117 2512 1212 2555 quod
1238 2511 1355 2546 dictus
1381 2512 1547 2546 dominus
1574 2512 1617 2546 de
1645 2511 1819 2547 Saneuses
1845 2511 1884 2546 in
1909 2511 1982 2546 suis

360 2567 525 2602 manibus
542 2567 687 2602 tenebat
704 2567 792 2607 fore,
811 2566 936 2601 fecisse
953 2565 1120 2601 similiter
1135 2567 1369 2608 declarandog
1388 2577 1526 2601 necnon
1541 2569 1755 2602 memoratos
1769 2567 1983 2609 deffensores

362 2624 406 2657 ab
434 2622 599 2657 omnibus
627 2621 874 2665 petitionibus,
894 2621 1068 2665 requestis
1091 2624 1126 2657 et
1143 2621 1431 2656 conclusionibus
1461 2621 1620 2666 ipsorum
1647 2625 1809 2657 actorum
1833 2621 1981 2663 absolvi,

362 2688 491 2720 eosque
516 2676 553 2711 in
582 2676 746 2720 ipsorum
772 2677 1011 2712 deffensorum
1039 2679 1074 2711 et
1103 2675 1351 2711 intimatorum
1379 2675 1530 2717 damnis,
1562 2676 1731 2712 interesse
1760 2679 1797 2712 et
1821 2676 1984 2721 expensis

363 2731 605 2766 condemnari.

408 2786 629 2821 Memoratus
644 2788 860 2829 procurator
871 2788 992 2820 noster
1004 2785 1194 2829 generalis,
1204 2787 1408 2820 contentum
1420 2785 1524 2820 dictis
1534 2786 1755 2829 processibus
1763 2785 1809 2820 ad
1817 2785 1983 2820 effectum

368 2842 582 2882 reducendo,
600 2841 742 2876 dicebat
766 2841 873 2876 etiam
898 2844 933 2875 ct
949 2841 1180 2885 proponebat,
1199 2841 1293 2884 quod
1308 2839 1481 2884 praedicti
1498 2840 1710 2875 deffensores
1725 2839 1858 2882 absque
1873 2838 1982 2874 infor-

371 2896 528 2931 matione
545 2897 777 2940 praecedente
787 2898 864 2941 jam
880 2895 994 2932 dictos
1010 2899 1146 2931 actores
1159 2898 1194 2931 et
1206 2898 1363 2930 caeteros
1375 2894 1464 2930 alios
1480 2894 1665 2930 occasione
1676 2894 1792 2930 dictae
1804 2892 1983 2929 valderiae
