2097 3466
816 232 950 269 ANNo
979 234 1085 286 1077¹
1741 237 1778 270 11

144 330 372 375 persistentes
395 330 524 364 missae
547 330 702 364 debeant
725 329 909 364 celebrare
931 329 1103 363 officium.
1123 327 1263 368 Quibus
1279 339 1322 363 ex
1339 328 1556 364 auctoritate
1571 330 1779 363 sanctorum

145 390 288 430 patrum
306 385 574 428 respondemus,
595 386 695 420 nullo
712 385 817 419 modo
831 384 1016 419 ministros
1027 384 1121 418 sacri
1135 384 1260 418 altaris
1278 383 1316 418 in
1332 384 1574 419 fornicatione
1586 383 1780 418 existentes

144 441 273 476 missae
287 441 417 476 debere
432 441 616 475 celebrare
633 440 804 481 officium,
825 441 914 483 quin
932 440 1041 474 etiam
1055 442 1158 474 extra
1169 438 1298 473 choros
1311 451 1386 474 esse
1399 439 1582 483 pellendos
1595 449 1780 482 quousque

143 497 386 540 poenitentiae
410 497 540 541 dignos
563 498 704 531 fructus
722 495 926 530 exhibeant.
946 494 1050 529 Unde
1066 493 1263 538 apostolica
1281 494 1347 528 tibi
1369 494 1586 529 auctoritate
1603 493 1778 538 praecipi-

143 563 223 587 mus
245 556 422 596 quatenus
438 552 556 587 nullos
572 563 697 586 eorum
714 551 777 594 qui
794 551 831 585 in
848 550 983 586 scelere
1002 550 1211 593 perdurant,
1231 549 1275 583 ad
1293 560 1438 584 sacrum
1457 549 1669 593 mysterium
1687 549 1779 583 cele-

142 608 322 643 brandum
352 608 569 651 suscipiatis,
601 608 661 642 sed
700 608 950 650 undecumque
987 605 1153 650 poteritis
1184 605 1274 640 tales
1309 605 1353 639 ad
1386 606 1511 640 missas
1547 605 1780 640 celebrandas

142 665 350 708 acquiratis,
376 664 438 708 qui
466 669 561 699 caste
586 663 659 698 Deo
683 663 899 701 deserviant.
926 663 982 696 his
1010 663 1144 697 talibus
1172 673 1320 705 prorsus
1346 662 1390 695 ab
1415 662 1584 696 omnibus
1607 661 1780 696 ecclesiae

142 720 327 755 beneficiis
359 721 485 764 procul
515 720 693 763 expulsis3
724 731 838 762 neque
872 718 1026 753 Huberti
1058 716 1309 752 archidiaconi
1340 718 1450 751 verba
1480 717 1686 761 suscipiatis
1716 728 1778 750 seu

141 775 324 819 aliquibus
346 776 419 810 suis
441 775 668 810 sermonibus
690 775 851 815 faveatis,
878 774 975 816 quia,
1000 776 1042 807 ut
1065 772 1201 813 audivi,
1220 772 1257 806 in
1281 771 1460 807 haeresim
1484 773 1604 816 lapsus
1628 777 1681 806 est
1706 772 1780 806 suis

142 833 263 876 pravis
285 832 579 867 contentionibus
606 835 639 867 et
662 832 706 866 ab
733 830 908 871 Huberto,
928 829 1048 874 legato
1064 828 1175 874 hujus
1191 831 1338 864 sanctae
1355 828 1543 863 Romanae
1558 827 1665 868 sedis,
1684 827 1779 871 apud

141 888 440 923 Monasteriolum
459 887 602 931 publice
619 890 671 921 est
689 887 889 921 convictus.

187 944 278 979 Data
294 943 444 985 Romae,
461 947 590 988 quarto
613 942 693 977 idus
712 940 938 982 Novembris,
957 940 1156 975 indictione
1175 940 1316 975 decima
1332 939 1472 983 quinta.

532 1020 665 1062 Mansi,
679 1020 759 1054 (1661
772 1019 855 1060 XX,
871 1019 937 1053 blz.
954 1020 1111 1053 216-217.
1137 1017 1254 1062 (Jaffe‚
1270 1018 1350 1053 decl
1363 1018 1391 1060 ῐ,
1407 1017 1472 1053 blz.
1489 1019 1567 1058 620,
1582 1022 1620 1052 n‘
1635 1016 1752 1059 5011).

577 1076 638 1110 Zie
655 1075 831 1115 Schmidt,
849 1073 929 1108 deel
948 1073 973 1114 Ι,
993 1073 1059 1107 blz.
1079 1076 1132 1109 44.

938 1207 987 1252 ’1.

203 1331 340 1380 1077,
368 1328 624 1385 Καηῑενῂῖε.
653 1326 893 1370 Uittreksel
926 1326 988 1370 uit
1010 1326 1086 1369 het
1117 1325 1287 1369 tweede
1310 1324 1492 1380 vervolg
1517 1337 1603 1367 van
1626 1322 1780 1366 Balde-

139 1400 267 1443 ricus’
287 1398 466 1455 kronijk
484 1411 588 1440 over
605 1397 686 1439 den
710 1396 857 1439 ketter
879 1395 1143 1439 Ramihrdus
1161 1394 1230 1437 die
1250 1396 1294 1437 te
1316 1392 1544 1450 KameriJ'k
1562 1391 1780 1436 verbrand

139 1470 276 1522 werd,
303 1483 358 1513 en
382 1483 486 1512 over
509 1468 620 1525 zijne
647 1467 823 1524 talrijke
846 1467 1140 1521 aanhangers.
1169 1490 1225 1495 —
1247 1464 1468 1508 Gerardus
1491 1463 1547 1513 II,
1579 1461 1776 1518 bisschop

139 1554 226 1584 van
257 1537 500 1596 Kamerijk,
533 1537 628 1580 zich
661 1537 705 1579 in
738 1537 815 1579 het
846 1536 996 1593 doere
1029 1534 1233 1578 Lambres
1251 1533 1307 1593 (1)
1338 1532 1624 1583 bevindende‚
1652 1532 1781 1575 hoort

140 1609 327 1666 spreken
359 1623 445 1652 van
477 1607 562 1651 den
600 1607 743 1650 ketter
783 1605 1062 1656 Ramihrdus,
1097 1605 1164 1647 die
1197 1604 1241 1647 in
1273 1605 1303 1647 ’t
1336 1602 1546 1658 naburige
1576 1601 1781 1645 Scherem

139 1678 337 1722 woonde.
365 1679 434 1736 Hij
458 1679 547 1721 laat
569 1678 668 1720 hem
693 1677 949 1720 aanhouden
975 1691 1029 1719 en
1063 1689 1171 1718 naar
1198 1674 1422 1731 Kamerijk
1453 1685 1631 1723 voeren,
1658 1685 1782 1715 waar

140 1747 198 1806 hij
235 1748 339 1791 door
359 1747 455 1790 veel
478 1746 763 1803 geestelijken
797 1745 939 1789 werdt
968 1744 1250 1788 onderzocht.
1277 1742 1540 1786 Ramihrdus
1562 1741 1781 1797 weigerde

139 1822 184 1862 te
217 1816 604 1866 communiceeren‚
633 1815 855 1872 zeggende
889 1815 961 1858 dat
992 1815 1043 1857 de
1079 1814 1288 1869 priesters
1322 1813 1385 1856 uit
1416 1811 1572 1855 hoofde
1606 1812 1782 1854 hunner

140 1887 306 1930 zonden
330 1885 584 1941 onwaardig
605 1899 756 1928 waren
781 1885 832 1927 de
856 1884 1097 1927 communie
1120 1884 1183 1927 uit
1205 1887 1249 1926 te
1273 1883 1438 1925 deelen.
1467 1882 1634 1936 Daarop
1659 1880 1782 1924 werd

140 1955 199 2014 hij
222 1956 286 1998 als
309 1956 454 2000 ketter
475 1956 759 1999 veroordeeld
781 1969 834 1998 en
857 1969 909 2010 op
933 1969 1070 1997 eenen
1093 1953 1374 2008 brandstapel
1397 1950 1632 1995 vei-brand.
1661 1951 1782 2007 Zijne

139 2025 415 2082 aanhangers
453 2025 643 2081 droegen
681 2039 765 2068 vau
803 2025 916 2082 zijne
960 2023 1063 2066 asch
1109 2023 1245 2065 mede.
1293 2023 1403 2065 Deze
1442 2033 1593 2063 waren
1631 2020 1782 2063 vooral

141 2107 324 2146 wevers,
348 2095 415 2138 die
438 2095 480 2137 in
504 2098 631 2150 groot
653 2095 769 2151 getal
789 2094 831 2136 in
851 2093 1005 2136 enkele
1029 2092 1181 2136 steden
1198 2090 1607 2135 voortwoekerden.

185 2199 346 2244 Contigit
369 2202 448 2242 post
470 2199 560 2234 haec
583 2199 790 2244 episcopum
813 2197 1041 2242 (Gerardum)
1065 2197 1110 2232 ad
1135 2196 1262 2231 villam
1286 2196 1474 2237 Lambras‚
1499 2206 1591 2239 quae
1615 2199 1702 2230 tunc
1726 2192 1784 2228 sui

136 2255 232 2299 juris
256 2258 345 2297 erat,
363 2255 548 2290 devenisse
572 2259 606 2290 et
623 2255 673 2290 ibi
692 2255 960 2298 aliquantulum
978 2254 1207 2288 demoratum
1225 2264 1317 2295 esse3
1337 2252 1398 2286 ubi
1415 2262 1528 2295 quum
1546 2251 1578 2285 ei
1595 2261 1616 2283 a
1631 2261 1782 2285 narran-

139 2311 235 2346 tibus
259 2312 468 2347 intimatum
492 2316 583 2347 esset
606 2312 792 2346 hominem
816 2312 998 2355 quendam
1024 2311 1171 2346 nomine
1196 2309 1440 2344 Ramihrdum
1465 2307 1561 2351 apud
1579 2306 1784 2352 proximam

141 2367 279 2408 villam,
297 2378 390 2411 quae
405 2371 457 2402 est
475 2367 659 2409 Scherem,
679 2371 883 2401 manentem
902 2367 1018 2402 multa
1034 2370 1178 2410 praeter
1195 2366 1302 2400 fidem
1319 2364 1564 2409 dogmatisare
1577 2367 1612 2397 et
1623 2367 1701 2407 jam
1716 2362 1783 2397 sub

141 2422 307 2456 doctrina
327 2434 392 2457 sua
408 2423 541 2457 multos
565 2423 760 2465 discipulos
777 2423 1046 2465 maximamque
1062 2421 1252 2465 utriusque
1269 2432 1374 2455 sexus
1391 2420 1531 2463 plebem
1550 2417 1618 2452 sibi
1635 2429 1783 2452 consen-

141 2483 287 2513 taneam
302 2478 552 2522 adquisivisse,
570 2482 658 2513 tunc
675 2478 751 2512 sine
768 2489 869 2512 mora
887 2476 1084 2511 adductum
1103 2477 1148 2511 de
1164 2477 1239 2511 vita
1255 2481 1291 2510 et
1306 2476 1472 2510 doctrina
1489 2478 1566 2518 ejus
1582 2473 1781 2513 sciscitans,

140 2544 251 2576 quum
277 2545 359 2568 eum
383 2533 427 2568 ad
445 2534 585 2576 objecta
602 2533 819 2577 respondere
837 2532 986 2573 videret,
1006 2532 1050 2567 ad
1067 2532 1187 2567 sedem
1207 2532 1502 2567 Cameracensem
1521 2529 1682 2573 pertrahi
1702 2540 1783 2563 eum

183 2727 229 2769 (1)
253 2726 431 2760 Lamhres
456 2726 486 2760 is
503 2736 567 2760 een
584 2725 710 2769 dorpje
727 2724 810 2759 heel
825 2724 926 2759 dicht
943 2725 990 2768 bij
1015 2724 1160 2759 Dowaai
1177 2726 1210 2766 (2
1226 2725 1320 2768 kil.),
1343 2725 1496 2769 gelegen
1512 2734 1558 2767 op
1574 2724 1618 2758 de
1637 2723 1782 2768 Scarpe,

141 2793 228 2816 eene
254 2781 366 2816 rivier
394 2781 450 2816 die
475 2781 512 2814 in
537 2779 946 2815 Fransch-Vlaanderen
972 2791 1062 2815 naar
1095 2781 1139 2815 de
1170 2780 1323 2816 Schelde
1351 2783 1517 2815 stroomt.
1537 2781 1592 2823 Bij
1613 2779 1785 2814 Lambres

140 2835 280 2870 bestaat
296 2847 387 2878 geen
404 2835 494 2880 dorp
514 2848 582 2871 van
599 2837 669 2871 den
690 2847 798 2871 naam
815 2847 886 2870 van
901 2834 1084 2870 Sclterem.
1104 2836 1155 2872 Le
1173 2836 1276 2881 Glay,
1296 2839 1340 2872 de
1358 2837 1524 2881 uitgever
1539 2836 1604 2870 der
1621 2835 1782 2878 kronijk‚

141 2894 274 2934 meent,
293 2892 355 2926 dat
377 2903 461 2927 men
484 2892 566 2928 hier
579 2893 712 2927 Fercm
736 2896 833 2927 moet
858 2892 977 2935 lezen;
993 2892 1055 2927 het
1085 2893 1176 2937 dorp
1205 2894 1321 2928 Fer-in
1347 2894 1484 2928 bestaat
1515 2891 1713 2928 inderdaad
1731 2892 1779 2934 bij

144 2947 332 2988 Lambres,
353 2952 414 2982 ten
430 2948 568 2983 Zuiden
583 2960 652 2983 van
670 2947 832 2982 Dowaai.
852 2947 1049 2990 (Balcia-ic,
1068 2948 1135 2983 blz.
1155 2950 1219 2985 460
1237 2960 1281 2985 en
1298 2950 1387 2992 553).
