2097 3466
873 232 1005 270 ANNO
1032 234 1133 267 1234
1796 232 1837 263 97

191 331 339 387 lingen
372 344 457 374 van
491 331 543 373 de
576 329 813 372 monniken
847 342 901 371 en
933 328 1083 371 vooral
1117 340 1200 369 van
1235 326 1317 369 den
1356 325 1616 381 inquisiteur
1650 324 1830 375 Robert‚

191 401 467 457 predikheer‚
498 399 565 442 die
597 400 719 442 zelve
751 413 830 441 een
865 398 1079 441 bekeerde
1113 397 1258 439 ketter
1289 409 1397 446 was,
1426 398 1555 451 tegen
1592 395 1642 437 de
1666 394 1834 438 ket-ters

191 485 276 514 van
297 469 577 513 Vlaanderen
602 483 656 510 en
681 482 766 511 van
790 468 841 510 de
864 467 1087 510 Fransclie
1110 464 1421 522 grenslanden.
1449 490 1505 495 —
1531 465 1685 515 velen,
1714 477 1834 506 mans

192 554 245 582 en
274 553 502 590 vrouwen‚
532 538 709 580 werden
734 536 949 580 verbrand
970 550 978 587 ;
1015 536 1135 578 alzoo
1160 535 1236 577 liet
1261 533 1446 577 broeder
1470 532 1632 576 Robert
1658 547 1705 575 er
1727 546 1835 576 voor·

190 610 277 667 zijn
315 608 409 651 deel
448 622 498 663 op
539 607 621 650 den
661 607 742 664 tijd
780 621 864 649 van
904 610 1019 649 twee
1057 604 1106 647 of
1138 604 1231 646 drie
1266 603 1476 646 maauden
1511 616 1589 644 een
1625 602 1833 658 viJ'ftigtal

190 678 468 722 verbranden
502 677 551 719 of
568 677 724 719 levend
754 675 993 731 begraven.
1021 674 1251 717 Hiermede
1275 672 1486 715 verwiers
1504 672 1554 713 de
1579 672 1837 726 inquisiteur

190 748 283 792 zich
301 747 384 790 den
402 746 594 804 bijnaam
613 760 697 788 van
717 747 907 788 malleus
925 744 1259 787 haereticorum
1277 743 1447 800 (hamer
1471 741 1546 783 der
1570 741 1773 797 ketters).

236 850 341 885 Circa
358 848 434 883 dies
454 851 576 882 autem
594 846 676 881 illos
694 847 850 881 invaluit
866 846 1051 881 haeretica
1069 846 1228 890 pravitas
1252 856 1389 885 eorum,
1407 844 1469 887 qui
1491 843 1693 887 vulgariter
1710 842 1834 876 dicun-

189 909 252 940 tur
276 903 443 939 Paterini
469 906 504 937 et
528 903 705 946 Bugares,
732 901 770 935 in
796 902 961 945 partibus
985 900 1243 945 transalpinis3
1275 900 1318 934 de
1341 910 1497 942 quorum
1522 898 1708 932 erroribus
1740 898 1836 931 malo

189 964 312 994 tacere
339 969 449 1002 quam
474 956 587 1000 loqui,
614 957 703 991 adeo
728 957 823 1000 quod
851 957 933 990 fidei
960 956 1155 999 puritatem
1181 955 1220 989 in
1245 954 1378 989 finibus
1395 954 1573 988 Franciae
1591 958 1626 988 et
1643 952 1838 987 Flandriae

190 1015 269 1049 ausi
288 1017 372 1049 sunt
389 1013 637 1057 perturbando
653 1012 802 1047 violare.
826 1012 894 1046 Sed
913 1012 1081 1055 diligenti
1099 1011 1302 1045 ministerio
1319 1014 1353 1045 et
1370 1011 1548 1044 indefessa
1565 1008 1836 1054 praedicatione

190 1070 376 1105 minorum
394 1074 429 1103 et
445 1068 738 1112 praedicatorum
764 1071 799 1101 et
821 1067 1087 1111 theologorum,
1110 1066 1303 1110 praecipue
1332 1065 1455 1100 fratris
1479 1064 1630 1100 Roberti
1649 1065 1692 1098 de
1709 1063 1837 1097 ordine

191 1125 486 1170 praedicatorum
504 1123 579 1167 (qui
597 1126 838 1168 cognomento
858 1123 982 1166 Buyre
998 1123 1198 1163 dicebatur,
1218 1121 1304 1164 quia
1322 1122 1365 1155 ab
1384 1121 1446 1154 illo
1464 1131 1660 1155 conversus
1672 1119 1717 1163 (1)
1735 1119 1835 1152 habi-

190 1186 268 1216 tum
300 1180 457 1224 suscepit
484 1178 771 1223 praedicatoris),
792 1177 853 1221 qui
889 1178 1042 1212 malleus
1072 1177 1341 1212 haereticorum
1370 1177 1571 1217 dicebatur,
1603 1176 1753 1210 confusa
1785 1180 1838 1209 est

191 1248 317 1272 eorum
335 1234 545 1279 superstitio
570 1238 605 1268 et
629 1245 732 1268 error
755 1232 1016 1277 deprehensus.
1039 1232 1281 1276 Quamplures
1302 1236 1423 1266 autem
1442 1243 1484 1266 ex
1503 1236 1656 1274 utroque
1680 1243 1766 1266 sexu
1792 1231 1835 1264 ad

192 1291 301 1325 fidem
318 1290 482 1325 converti
499 1291 699 1325 refutantes
715 1290 801 1324 fecit
817 1289 985 1323 incendio
1003 1289 1237 1333 conflagrari,
1268 1289 1319 1322 ita
1336 1289 1431 1331 quod
1457 1289 1554 1322 infra
1578 1288 1667 1322 duos
1683 1287 1740 1322 vel
1762 1291 1835 1321 tres

191 1357 332 1381 menses
349 1345 498 1380 circiter
513 1345 783 1389 quinquaginta
801 1344 887 1379 fecit
903 1344 1049 1378 incendi
1066 1344 1123 1378 vel
1139 1344 1239 1378 vivos
1256 1344 1414 1388 sepeliri.

541 1409 724 1445 Illamzaei
735 1411 968 1445 Parisicnsis
979 1408 1152 1443 monachi
1162 1409 1386 1443 Albanensis
1400 1410 1424 1443 A
1434 1410 1515 1454 myli
1529 1409 1687 1445 historia
1700 1413 1834 1456 major,

585 1466 629 1500 ad
657 1477 795 1500 annum
822 1467 906 1499 1236
931 1464 1094 1509 (uirgave
1115 1476 1185 1499 van
1213 1465 1362 1499 Londen
1386 1466 1482 1506 1640,
1511 1466 1577 1501 blz.
1602 1468 1691 1509 429).
1716 1486 1760 1491 —-
1784 1468 1836 1501 De

586 1522 740 1557 monnik
760 1521 965 1556 Matthaeus
983 1521 1199 1555 Parisiemis
1215 1522 1392 1555 stierften
1406 1525 1488 1564 jare
1515 1524 1598 1557 1259
1615 1535 1659 1557 611
1676 1535 1750 1557 was
1769 1523 1835 1557 dus

586 1590 652 1612 een
669 1578 873 1621 tingenoot
890 1588 960 1611 van
977 1577 1046 1611 den
1060 1576 1284 1619 inquisiteur
1302 1576 1449 1611 Robert.

967 1703 1053 1749 97.

255 1835 394 1885 1234,
422 1835 519 1878 Mei
537 1835 581 1885 2,
611 1835 819 1878 Dowaai.
848 1834 1090 1877 Uittreksel
1123 1834 1188 1877 uit
1215 1848 1291 1876 een
1330 1834 1411 1877 oud
1444 1833 1718 1876 handschrift
1749 1848 1832 1876 van

193 1905 243 1948 de
266 1904 634 1949 St-Amatuskerk
658 1905 750 1947 dier
773 1905 887 1956 stad,
909 1903 1214 1959 medegedeeld
1239 1904 1344 1945 door
1361 1904 1617 1959 denjezuiet
1637 1904 1828 1955 Buzeliu,

191 1989 296 2018 over
328 1975 404 2018 het
429 1974 705 2017 verbranden
739 1989 824 2018 van
859 1975 949 2017 tien
973 1973 1142 2016 ketters
1167 1973 1319 2016 aldaar
1341 1973 1382 2016 in
1408 1973 1460 2015 de
1483 1973 1834 2029 tegenwoordig-

190 2044 290 2087 heid
323 2059 408 2088 van
442 2044 524 2087 den
563 2043 889 2099 aartsbisschop
923 2057 1008 2086 van
1044 2043 1190 2086 Reims
1224 2042 1477 2099 (Hendrik),
1515 2043 1597 2086 den
1632 2042 1832 2099 hisschop

190 2128 275 2158 van
294 2114 479 2158 Atrecht
505 2114 633 2165 Asso,
657 2114 738 2156 den
763 2113 966 2169 bisschop
984 2127 1068 2155 van
1088 2113 1266 2155 Amiens
1283 2112 1504 2164 Godfried,
1527 2112 1609 2155 den
1634 2112 1832 2168 bisschop

190 2198 275 2227 van
300 2183 492 2226 Doornik
512 2184 703 2235 W'alter‚
727 2184 779 2226 de
799 2182 1061 2226 Vlaamsche
1085 2183 1241 2239 gravin
1258 2183 1458 2225 Johanna
1480 2196 1564 2224 van
1587 2182 1834 2225 Constanti-

191 2254 318 2310 nopel
342 2267 394 2296 en
412 2253 597 2296 broeder
616 2252 796 2302 Robert,
821 2251 1093 2309 pauselijken
1117 2252 1390 2308 inquisiteur.
1412 2278 1468 2282 —
1487 2252 1556 2295 Dit
1574 2252 1832 2307 geschiedde

190 2322 339 2366 buiten
384 2323 436 2366 de
480 2327 604 2378 poort
647 2337 732 2366 van
777 2322 974 2366 Oliveten
1020 2336 1072 2378 op
1116 2322 1198 2364 den
1245 2323 1564 2378 leprozenweg‚
1612 2321 1679 2364 die
1724 2335 1832 2364 naar

193 2392 398 2437 Lambres
421 2392 541 2436 leidt.

236 2544 280 2588 (1)
306 2544 436 2578 Frater
452 2543 646 2584 Robertus‚
665 2543 727 2586 qui
745 2543 814 2577 hoc
830 2546 994 2586 tempore
1010 2554 1075 2586 per
1092 2541 1248 2577 Galliam
1265 2541 1467 2576 haereticos
1484 2541 1729 2582 comburebat,
1748 2552 1831 2575 cum

192 2603 282 2634 esset
297 2599 355 2633 vir
374 2610 530 2643 magnae
547 2598 738 2642 religionis
762 2609 941 2641 apparens
965 2602 1000 2631 et
1028 2609 1100 2631 non
1127 2596 1294 2636 existens,
1314 2597 1413 2630 circa
1436 2602 1576 2640 tempus
1593 2596 1717 2639 magni
1744 2596 1832 2630 Con-

191 2654 269 2689 cilii
289 2654 506 2698 apostatavit
522 2659 738 2696 secutusque
753 2653 1007 2688 mulierculam
1023 2652 1277 2686 Manichaeam
1292 2652 1539 2686 Mediolanum
1558 2652 1648 2686 abiit
1666 2656 1700 2685 et
1715 2652 1831 2685 factus

192 2715 243 2744 est
259 2709 302 2744 de
319 2713 416 2743 secta
432 2709 497 2743 illa
512 2709 668 2752 pessima
689 2721 754 2753 per
771 2720 884 2743 annos
902 2708 1050 2753 viginti,
1066 2708 1116 2742 ita
1135 2708 1229 2751 quod
1248 2708 1343 2742 inter
1361 2719 1420 2742 605
1442 2708 1511 2741 fuit
1529 2707 1828 2750 perfectissimum

190 2765 252 2808 qui
269 2765 313 2799 de
331 2776 424 2799 novo
442 2765 656 2808 resipiscens
678 2766 722 2799 ad
742 2765 954 2799 mand-„itum
974 2775 1087 2807 papae
1105 2763 1303 2807 permultos
1320 2762 1522 2797 1111616116ος
1546 2762 1742 2796 denudavit
1768 2774 1831 2805 per

190 2821 303 2855 solam
323 2820 505 2864 loquelam
523 2824 558 2854 et
576 2832 639 2864 per
656 2821 750 2854 solos
773 2824 906 2864 gestus,
924 2831 1013 2863 quos
1035 2819 1217 2853 habebant
1234 2818 1422 2859 haeretici,
1442 2817 1733 2861 deprehendebat
1750 2829 1824 2851 eos.

190 2877 368 2922 (Alberici
391 2876 566 2910 monachi
589 2877 718 2910 Trium
738 2877 913 2910 Fontiicm
937 2875 1150 2914 chronicon,
1174 2875 1394 2919 uitgegeven
1413 2875 1502 2908 (1011·
1520 2874 1565 2908 G.
1590 2874 1630 2907 G.
1654 2873 1829 2914 Leibnitz,

190 2933 229 2969 in
245 2935 338 2977 zijne
353 2933 586 2968 Accessiones
606 2931 819 2973 historicae,
835 2932 914 2967 deel
934 2931 978 2973 11,
998 2932 1068 2966 blz.
1091 2930 1190 2974 560.)

1723 2988 1741 3018 7
