2097 3466
355 269 417 300 428
1088 265 1220 299 ANNO
1247 266 1346 300 1472

353 358 383 392 si
401 369 473 393 non
489 358 589 401 quali
606 361 752 402 peccato
769 360 855 392 sunt
870 358 1028 401 obnoxii.
1043 357 1131 392 Item
1148 357 1179 392 si
1194 357 1269 393 sint
1289 356 1328 392 in
1345 357 1416 393 fide
1431 358 1589 403 suspecti
1605 359 1775 396 censendi
1791 362 1826 396 et
1842 360 1991 398 veniant

354 425 418 458 per
434 414 610 448 iudicium
630 413 714 448 fidei
731 412 978 448 examinandi.

401 489 410 500 .
444 491 454 500 .
467 491 476 500 .
511 493 518 500 .
533 489 542 500 .
563 468 610 510 (l)
627 468 682 503 Ad
695 467 847 503 terciam
863 467 1089 510 questionem
1106 466 1223 501 facilis
1240 468 1391 511 apparet
1413 467 1600 511 responsio
1615 479 1660 503 ex
1682 469 1876 512 premissis,
1893 471 1990 514 quod

352 523 441 557 tales
457 521 580 557 taliter
597 522 684 556 talia
702 525 743 556 ut
766 522 803 556 in
819 533 903 556 casu
930 521 1045 565 posito
1062 524 1252 564 operantes
1274 525 1359 556 sunt
1382 522 1550 557 censendi
1574 521 1613 557 in
1637 522 1707 558 fide
1723 524 1877 568 suspecti
1893 528 1929 560 et
1943 525 1990 561 ad

352 577 527 611 iudicium
553 577 635 611 fidei
660 581 833 620 tanquam
858 576 947 611 tales
971 576 1147 611 euocandi
1162 589 1171 620 3
1189 580 1273 611 sunt
1297 576 1395 611 enim
1418 577 1586 612 censendi
1610 577 1809 622 blasphemi
1833 583 1989 624 utroque

353 633 458 666 modo
490 630 656 674 superius
687 641 865 674 expresso,
892 635 927 665 et
954 634 1115 674 apostate
1147 629 1327 674 apostasia
1349 630 1587 666 irreuerentie
1613 635 1649 666 et
1675 632 1919 670 inobedientie
1946 647 1989 672 ac

351 687 506 730 suspecti
531 687 574 721 de
598 687 777 730 apostasia
806 685 956 730 perfidie
981 689 1128 730 propter
1151 685 1449 730 protestationem
1474 687 1512 721 in
1537 688 1631 722 facto
1653 689 1837 725 contrario
1861 690 1989 734 pietati

352 742 514 776 fidelium
531 745 567 776 et
582 741 726 776 actibus
742 753 827 776 vere
846 741 947 776 fidei.

397 795 470 829 Hec
488 807 602 839 pauca
619 807 685 840 ego
704 796 857 839 Egidius
874 795 1040 838 Carlerij,
1051 795 1209 830 decanus
1226 796 1376 831 ecclesie
1390 796 1671 839 Cameracensis,
1682 798 1748 832 sub
1762 799 1988 835 correctione

350 855 473 885 sancte
497 851 624 884 matris
648 851 811 892 ecclesie,
838 850 1078 884 conciliorum
1105 851 1380 892 uniuersalium,
1406 853 1529 886 sancte
1552 852 1644 886 sedis
1667 854 1876 896 apostolice,
1893 855 1987 890 alme

351 905 532 940 facultatis
548 905 733 949 theologie
751 905 968 939 parisiensis
985 908 1019 939 et
1035 904 1230 940 cuiuslibet
1245 905 1504 950 magistrorum
1521 909 1729 942 nostrorum
1743 907 1830 943 huic
1845 909 1987 954 pagello

352 960 621 996 commendaui.

701 1038 895 1079 Carlerius,
916 1037 994 1073 deel
1013 1037 1040 1080 Ι,
1058 1037 1323 1084 verhandeling
1339 1042 1376 1074 9.

1115 1187 1232 1231 351.

412 1327 528 1370 Vo'o'r‘
550 1325 807 1370 November
833 1326 972 1376 1472,
997 1324 1204 1368 Doorm‘k
1226 1337 1280 1367 en
1304 1322 1563 1381 Kamerg'jk.
1586 1324 1768 1369 Oordeel
1792 1339 1879 1370 van
1901 1326 1986 1370 den

350 1395 714 1452 Kamerijkschen
747 1395 888 1438 deken
921 1393 1102 1445 Carlier,
1130 1407 1182 1449 op
1217 1406 1439 1448 aanvraag
1471 1407 1554 1436 van
1587 1394 1671 1437 den
1698 1394 1879 1439 officiaal
1899 1409 1986 1439 van

350 1463 541 1506 Doornik
564 1462 858 1519 uitgebracht,
885 1476 990 1506 over
1010 1461 1086 1505 het
1119 1461 1246 1517 geval
1268 1474 1353 1503 van
1378 1475 1515 1504 eenen
1547 1462 1736 1517 priester
1757 1463 1850 1506 dier
1870 1463 1982 1516 stad,

351 1533 417 1576 die
439 1533 546 1576 door
564 1533 815 1576 duivelsche
838 1531 1017 1574 middels
1041 1531 1092 1573 de
1115 1529 1244 1573 liefde
1266 1543 1351 1572 van
1375 1545 1454 1574 een
1487 1532 1636 1589 meisje
1666 1532 1752 1576 had
1782 1533 1986 1577 trachten

350 1605 394 1645 te
426 1601 619 1644 winnen.
649 1626 703 1632 ——
737 1601 808 1644 Dit
842 1601 992 1644 maakt
1025 1601 1124 1643 hem
1157 1612 1243 1642 van
1275 1599 1453 1658 ketterij
1489 1601 1700 1645 verdacht
1725 1616 1780 1645 en
1812 1602 1872 1660 hij
1906 1615 1986 1645 zou

350 1669 457 1713 voor
493 1670 545 1713 de
584 1669 998 1726 geloofsrechtbank
1040 1670 1213 1712 moeten
1245 1670 1442 1726 gedaagd
1473 1670 1654 1714 worden
1687 1671 1863 1715 evenals
1898 1671 1986 1729 ziJn

351 1739 682 1796 medeplichtige
708 1739 901 1795 Egidius.

395 1863 529 1898 Contra
546 1864 744 1909 quemdam
767 1865 1019 1898 imcocatorem
1043 1873 1155 1908 super
1177 1863 1373 1907 ymagines
1399 1862 1445 1896 ab
1462 1872 1503 1897 eo
1519 1865 1748 1897 consecratas
1771 1861 1814 1896 in
1836 1861 1987 1897 ciuitate

357 1921 591 1961 Tornacensi,
611 1920 661 1954 ad
678 1921 904 1955 instanciam
924 1919 1068 1953 domim·
1085 1918 1256 1963 officialis
1275 1917 1453 1952 eiusdem·

395 1996 520 2031 Casus.
541 1996 697 2037 Quidam
714 1995 890 2040 presbiter
904 1995 1021 2030 voluit
1044 1994 1224 2038 quandam
1248 1994 1482 2029 iuuenculam
1506 1993 1545 2028 in
1562 1992 1618 2028 sui
1641 2004 1802 2029 amorem
1817 1992 1984 2038 allicere;

349 2052 445 2095 quod
468 2054 506 2085 ut
532 2051 644 2092 fieret,
671 2051 853 2094 quandam
876 2049 1084 2094 ymaginem
1108 2049 1147 2084 in
1170 2050 1294 2094 tegula
1322 2060 1405 2083 cum
1437 2050 1593 2084 carbone
1622 2049 1757 2093 pictam
1789 2048 1987 2085 babtizauit

349 2106 501 2141 dicendo
525 2107 678 2140 formam
696 2105 863 2140 babtismi
886 2108 922 2140 et
937 2105 1160 2149 aspergendo
1176 2116 1256 2139 eam
1272 2115 1367 2148 aqua
1383 2104 1571 2140 benedicta
1587 2116 1630 2139 ac
1644 2105 1710 2139 sub
1727 2104 1873 2140 nomine
1887 2103 1986 2139 illius

350 2161 555 2196 iuuencule.
571 2160 712 2195 Rursus
736 2163 771 2195 et
795 2160 905 2195 aliam
929 2159 1137 2204 ymaginem
1153 2170 1295 2194 ceream
1320 2158 1487 2194 similiter
1509 2158 1706 2203 baptizauit
1728 2170 1836 2203 super
1850 2161 1984 2194 utram-

350 2228 419 2259 que
443 2215 607 2250 faciendo
624 2215 827 2250 successiue
843 2215 1112 2249 coniurationes
1127 2226 1210 2249 cum
1235 2213 1527 2249 inuocationibus
1549 2215 1742 2249 demonum
1758 2214 1824 2249 sub
1839 2214 1984 2258 quibus-

348 2271 430 2305 dam
462 2269 668 2304 nominibus
695 2269 841 2313 ignotis,
861 2271 968 2313 prout
998 2268 1037 2303 in
1069 2271 1168 2303 certa
1199 2269 1327 2303 cedula
1357 2279 1468 2302 manu
1500 2267 1613 2312 ipsius
1650 2267 1786 2312 scripta
1815 2278 1860 2303 ex
1889 2267 1984 2303 libro

349 2325 537 2360 cuiusdam
553 2323 703 2359 alterius
719 2327 889 2367 excerpta
905 2323 1046 2367 plenius
1064 2323 1284 2357 continetur.

394 2379 567 2420 Queritur
583 2381 706 2413 utrum
722 2378 811 2413 talia
828 2378 865 2412 in
884 2378 967 2412 fidei
984 2380 1137 2421 vergant
1152 2376 1394 2420 preiudicium
1410 2379 1446 2412 et
1462 2380 1587 2412 utrum
1603 2376 1679 2421 ipse
1694 2376 1870 2421 presbiter
1884 2375 1932 2412 sit
1946 2375 1986 2411 in

349 2434 485 2469 iudicio
503 2433 586 2468 fidei
603 2432 873 2468 conueniendus
888 2433 988 2467 velut
1009 2434 1193 2476 suspectus
1208 2432 1252 2466 de
1268 2431 1420 2468 crimine
1436 2431 1571 2467 heresis
1587 2432 1645 2466 vel
1659 2430 1894 2467 infidelitatis.

397 2517 504 2523 .....
523 2490 567 2530 (1)
586 2489 636 2523 De
654 2487 783 2532 Egidio
799 2486 897 2522 socio
921 2487 1020 2522 illius
1037 2489 1213 2531 quantum
1228 2486 1275 2520 ad
1298 2486 1490 2521 consilium
1506 2487 1631 2522 datum
1646 2486 1764 2522 eidem
1785 2485 1984 2531 presbitero

350 2548 391 2579 ut
413 2543 609 2588 baptisaret
631 2542 819 2586 ymagines
842 2544 924 2583 etc,
944 2545 1120 2586 quantum
1144 2541 1190 2575 ad
1214 2540 1511 2584 compositionem
1527 2552 1653 2576 earum
1668 2544 1704 2577 et
1725 2541 1984 2578 exhibitionem

350 2599 510 2643 ipsarum
537 2599 654 2635 eidem
683 2597 881 2642 presbitero
908 2609 951 2632 ac
978 2597 1155 2632 librorum
1178 2597 1236 2631 vel
1261 2596 1359 2638 libri,
1379 2608 1422 2632 ex
1438 2597 1568 2641 quibus
1590 2598 1648 2632 vel
1671 2608 1742 2642 quo
1764 2599 1983 2633 memoratus

395 2777 438 2819 (l)
480 2778 577 2812 Door
607 2775 746 2812 allerlei
772 2776 908 2811 citaten
940 2788 984 2812 en
1012 2775 1230 2811 historische
1254 2775 1493 2810 voorbeelden
1520 2775 1661 2820 bewijst
1689 2774 1840 2818 Carlier,
1855 2775 1916 2811 dat
1938 2775 1983 2811 de

351 2832 545 2876 aswerpers
560 2843 630 2867 van
648 2832 709 2867 het
732 2831 835 2866 beeld
852 2831 966 2867 slecht
978 2831 1185 2877 gehandeld
1201 2841 1246 2866 en
1263 2842 1350 2866 eene
1373 2833 1501 2875 groote
1523 2831 1635 2866 zonde
1650 2842 1696 2876 op
1718 2830 1796 2866 hun
1818 2833 1982 2875 geweten

351 2886 505 2930 geladen
528 2887 682 2922 hebben.

396 2942 440 2983 (1)
463 2942 537 2977 Met
553 2942 630 2977 veel
647 2941 780 2978 citaten
798 2941 915 2978 wordt
930 2952 975 2987 op
991 2941 1049 2978 die
1065 2944 1156 2978 twee
1171 2952 1309 2985 vragen
1326 2940 1557 2986 bevestigend
1572 2940 1815 2985 geantwoord.
