2097 3466
397 293 458 328 192
1006 288 1138 329 ANNO
1164 294 1393 330 1349-1350

393 387 486 420 sicut
516 390 593 421 erat.
621 387 766 422 illorum
797 399 904 432 quam
939 400 974 422 se
1006 388 1228 423 verberando
1259 389 1480 424 emittebant.
1514 389 1701 433 Multaque
1732 388 1805 424 alia
1836 387 2022 434 proposuit

397 451 556 474 errorem
574 442 759 485 tangentia
782 445 817 477 et
833 442 900 477 hoc
917 443 1139 486 scripserunt
1155 443 1268 486 aliqui
1286 443 1347 487 qui
1365 447 1568 487 praesentes
1583 444 1805 478 assistebant.
1833 444 2024 488 Finitaque

398 494 676 537 praedicatione,
692 497 827 539 placuit
845 497 1096 531 communitati
1114 497 1210 532 ultra
1223 498 1389 541 modum3
1409 507 1444 533 et
1457 504 1650 542 coeperunt
1664 509 1751 542 pene
1764 509 1887 533 omnes
1899 500 2024 534 eontra

396 549 539 583 ordines
556 550 838 585 mendicantium
853 556 885 585 et
904 551 1011 585 etiam
1029 562 1138 594 supra
1156 555 1270 586 totum
1289 552 1425 587 clerum
1443 564 1682 587 murmurare.

442 603 604 637 Decauus
620 609 739 639 autem
757 609 790 640 et
809 606 1020 649 capitulum,
1040 606 1114 649 qui,
1134 607 1215 640 sede
1233 611 1396 647 vacante,
1414 611 1517 642 erant
1533 607 1722 648 ordinarii,
1737 610 2025 642 convocaverunt

394 658 438 692 de
455 659 634 702 religiosis
656 660 943 694 mendicantibus
959 664 992 695 et
1011 661 1053 694 de
1079 661 1204 704 peritis
1222 661 1385 704 pluribus
1402 673 1483 696 cum
1502 662 1585 703 illis,
1604 662 1665 705 qui
1681 661 1900 705 scripserant
1915 661 2025 696 verba

393 713 478 747 dicti
494 714 764 756 praedicatoris.
784 718 817 749 et
833 726 914 748 eum
929 715 1052 749 multis
1069 715 1151 749 aliis
1168 716 1330 759 personis
1343 716 1506 751 discretis
1523 720 1558 751 et
1574 716 1800 757 venerandis,
1818 716 2024 750 examinan-

393 771 445 800 tes
460 778 520 801 eos
536 779 644 811 super
659 769 851 813 propositis
868 774 901 804 et
931 770 1036 804 dietis
1062 771 1331 813 praedicatione
1360 771 1542 806 antedicta
1568 783 1590 805 a
1612 771 1709 805 dicto
1726 771 1849 812 fratre,
1867 773 1903 805 et
1918 781 2027 814 super

393 823 460 857 hoc
487 824 780 860 deliberaverunt
807 830 842 860 et
869 827 1032 860 fecerunt
1058 827 1244 869 publicare
1262 827 1358 870 quod
1374 830 1471 862 totus
1488 827 1607 862 clerus
1623 830 1659 861 et
1674 826 1837 871 religiosi
1853 837 1976 861 omnes
1991 830 2026 861 et

394 878 547 921 populus
575 880 837 922 processionem
870 880 1034 914 faciendo
1063 881 1308 922 convenirent,
1344 882 1450 915 nudis
1481 881 1641 925 pedibus,
1668 881 1745 915 sine
1773 880 1942 922 camisiis,
1967 880 2025 915 die

393 932 521 967 Martis
538 934 703 976 proximo
720 934 908 972 venientis.
928 938 961 969 et
980 935 1082 969 fieret
1096 935 1275 978 processio
1292 935 1330 969 in
1348 935 1547 979 parochiali
1564 935 1716 970 eeclesia
1731 935 1772 969 B.
1793 934 2023 976 Catharinae‚

391 999 412 1020 a
428 999 499 1030 quo
516 988 595 1022 loco
611 989 769 1023 redirent
787 989 825 1022 in
844 989 1101 1023 monasterium
1121 989 1161 1023 B.
1182 990 1332 1024 Martini
1350 991 1472 1034 ibique
1489 990 1760 1034 praedicaretur
1774 989 1926 1024 verbum
1944 989 2022 1024 Dei.

390 1041 431 1075 In
448 1054 518 1085 qua
536 1043 760 1085 processione
778 1047 959 1088 portatum
976 1045 1046 1079 fuit
1071 1056 1092 1079 a
1115 1045 1262 1079 domino
1287 1046 1422 1080 decano
1447 1058 1529 1080 cum
1547 1057 1619 1080 uno
1635 1045 1708 1080 alio
1725 1045 1898 1080 canonico
1914 1055 2026 1080 sacer-

388 1097 470 1131 dote
483 1098 766 1133 sacratissimum
783 1103 1048 1134 sacramentum
1068 1100 1229 1143 corporis
1247 1101 1394 1134 Domini
1412 1101 1526 1135 nostri
1539 1100 1623 1135 Jesu
1643 1100 1788 1135 Christi.

431 1152 755 1197 Conveneruntque
779 1166 901 1189 omnes
925 1154 963 1189 in
987 1154 1084 1190 dicto
1110 1155 1346 1198 monasterio3
1368 1167 1439 1190 non
1454 1159 1576 1190 tamen
1593 1155 1663 1190 fuit
1678 1157 1779 1190 tanta
1795 1154 1891 1191 sicut
1905 1156 2026 1190 fuerat

389 1206 426 1240 in
450 1207 640 1242 Dominica
665 1209 904 1252 praecedenti.
936 1210 1064 1244 Frater
1087 1213 1208 1244 autem
1243 1210 1423 1245 Robertus
1454 1211 1497 1245 de
1525 1210 1650 1245 ordine
1681 1210 1797 1246 saneti
1823 1210 2023 1255 Augustini

392 1262 540 1296 verbum
559 1263 624 1297 Dei
642 1263 876 1306 praedicavit,
895 1269 1078 1307 assumpta
1104 1265 1255 1299 materia
1280 1265 1323 1299 de
1346 1265 1454 1299 surdo
1485 1268 1521 1300 et
1551 1268 1652 1300 muto
1674 1267 1800 1300 sanato
1822 1276 1845 1300 a
1871 1265 2025 1300 Domino

391 1321 512 1351 nostro
527 1317 611 1352 Jesu
631 1318 785 1360 Christo,
804 1322 841 1353 et
864 1318 1131 1363 elegantissime
1154 1322 1189 1354 et
1213 1319 1443 1354 solertissime
1471 1319 1646 1364 exposuit,
1665 1319 1817 1354 virtutes
1843 1320 2024 1354 laudando

390 1376 425 1406 et
441 1371 529 1406 vitia
545 1373 783 1416 reprobando.
802 1373 843 1408 In
861 1374 931 1408 fine
944 1376 1063 1408 autem
1076 1374 1252 1408 sermonis
1265 1374 1429 1408 faciendo
1443 1374 1770 1409 commendationes
1782 1377 1818 1410 et
1830 1374 2022 1417 orationes,

390 1431 429 1461 ut
445 1427 555 1461 moris
570 1431 634 1469 est,
650 1428 769 1463 omisit
787 1440 853 1472 pro
870 1429 1078 1472 hujusmodi
1095 1429 1360 1472 poenitentibus
1376 1440 1538 1463 exorare.
1555 1429 1684 1464 Postea
1699 1428 1809 1464 dixit:
1829 1429 1891 1464 «Ὀ
1908 1430 2023 1464 bonae

388 1487 522 1526 gentes,
542 1484 771 1517 commissum
786 1486 839 1518 est
856 1484 945 1517 mihi
959 1484 1059 1518 vobis
1074 1484 1195 1518 dicere
1208 1485 1251 1518 de
1264 1485 1387 1525 fratre,
1404 1484 1466 1528 qui
1483 1484 1521 1518 in
1536 1485 1726 1520 Dominica
1739 1484 1967 1529 praecedenti
1983 1484 2022 1518 in

389 1536 456 1571 hoc
482 1538 560 1572 loco
584 1538 817 1580 praedicavit,
836 1539 930 1582 quod
959 1538 1034 1582 ipse
1058 1538 1150 1573 dixit
1174 1539 1282 1573 verba
1300 1539 1407 1573 fidem
1431 1539 1629 1583 tangentia,
1649 1539 1881 1583 exprimendo
1897 1538 2021 1582 aliqua

388 1596 423 1626 et
448 1592 543 1627 inter
559 1596 700 1626 caetera
716 1592 759 1626 de
776 1592 1045 1636 comparatione
1061 1593 1249 1636 sanguinis
1267 1592 1411 1627 Domini
1428 1593 1541 1628 nostri
1557 1593 1641 1628 Jesu
1661 1593 1795 1628 Christi
1811 1595 1848 1628 et
1870 1592 2019 1627 illorum

389 1647 578 1681 hominum
602 1647 663 1690 qui
688 1658 724 1682 se
747 1647 997 1682 verberabant.
1019 1664 1035 1676 υ
1062 1648 1105 1682 Et
1131 1648 1169 1681 in
1196 1647 1395 1682 continenti
1420 1650 1613 1691 antequam
1641 1650 1759 1691 posset
1781 1647 1887 1682 finire
1912 1647 2022 1682 verba

387 1714 463 1743 sua,
482 1702 594 1746 aliqui
623 1705 750 1736 contra
765 1702 942 1737 rationem
958 1706 993 1737 et
1009 1703 1306 1737 consuetudinem
1321 1707 1558 1738 surrexerunt
1581 1703 1799 1738 clamantes:
1820 1717 1836 1730 u
1855 1702 2019 1743 Domine,

390 1769 452 1791 vos
475 1757 569 1791 male
593 1757 676 1791 estis
699 1757 926 1798 informatus,
953 1758 1039 1801 quia
1065 1757 1179 1792 frater
1205 1757 1417 1801 praedicans
1444 1757 1532 1792 talia
1559 1768 1631 1792 non
1659 1757 1763 1792 dixit.
1782 1773 1797 1786 n
1827 1757 1873 1792 Et
1899 1756 2020 1792 statim

388 1824 511 1847 omnes
528 1812 596 1846 viri
620 1815 655 1846 et
677 1811 847 1847 mulieres
871 1814 1066 1855 coeperunt
1089 1823 1317 1846 murmurare
1342 1815 1378 1846 et
1399 1812 1556 1846 clamare
1580 1814 1615 1846 et
1637 1815 1765 1847 mutuo
1789 1811 1909 1847 dicere
1925 1811 2020 1855 quod

389 1868 501 1901 frater
516 1866 728 1910 praedicans
744 1866 832 1901 talia
848 1867 957 1900 verba
974 1878 1045 1900 non
1061 1866 1213 1900 dixerat.
1232 1866 1403 1909 Imposito
1420 1870 1542 1901 autem
1559 1878 1641 1901 cum
1658 1878 1792 1911 magna
1807 1865 2019 1900 difficultate

388 1922 542 1963 silentio,
561 1922 722 1967 dixitque
750 1924 862 1958 frater
887 1923 1068 1958 Robertus
1091 1924 1213 1958 volens
1236 1923 1430 1966 pacificare
1454 1923 1651 1967 populum:
1671 1937 1687 1950 u
1719 1923 1798 1967 Ego
1822 1921 1898 1957 dixi
1921 1921 2022 1956 vobis

387 1979 482 2022 quod
498 1978 588 2013 mihi
605 1979 834 2013 commissum
852 1982 915 2020 est,
930 1983 965 2014 et
982 1991 1025 2014 ex
1042 1991 1112 2023 quo
1129 1979 1257 2014 tenetis
1274 1979 1498 2014 contrarium
1515 1980 1650 2014 bonum
1666 1981 1729 2020 est,
1751 1991 1817 2014 nec
1832 1979 2020 2023 displiceat

387 2034 489 2068 vobis
505 2034 708 2068 observatio
733 2034 829 2075 fidei,
854 2035 941 2077 quia
968 2039 1110 2078 tempus
1134 2041 1186 2069 est
1216 2040 1257 2068 ut
1280 2046 1350 2077 pax
1373 2039 1409 2069 et
1438 2034 1682 2077 tranquillitas
1704 2035 1802 2069 inter
1818 2045 1881 2069 vos
1896 2045 2020 2069 omnes

387 2091 609 2124 observetur.
627 2107 642 2120 „
660 2091 706 2125 Et
722 2102 852 2134 parum
876 2091 1067 2134 profitebat
1092 2095 1169 2134 ejus
1196 2091 1379 2135 mitigatio
1397 2095 1431 2125 et
1446 2090 1600 2133 loquela,
1620 2091 1707 2133 quia
1723 2089 1877 2133 populus
1901 2100 2018 2124 surre-

386 2148 439 2181 xit
463 2146 725 2181 murmurando
752 2150 786 2181 et
813 2150 939 2180 mutuo
968 2158 1005 2181 se
1032 2146 1275 2189 provocando,
1300 2146 1461 2181 dicentes
1491 2145 1588 2188 quod
1619 2144 1710 2179 talia
1732 2143 1951 2188 proveniunt
1972 2143 2017 2178 de

387 2201 671 2236 mendicantium
689 2200 893 2235 ordinibus.
914 2201 959 2235 Et
970 2204 1045 2234 tota
1060 2201 1125 2234 illa
1141 2201 1199 2235 die
1216 2201 1285 2234 fuit
1301 2201 1430 2244 ingens
1442 2200 1620 2234 tumultus
1633 2210 1697 2244 per
1706 2202 1818 2234 totam
1831 2198 2015 2234 civitatem

386 2267 493 2300 super
516 2256 631 2289 dictos
653 2254 798 2289 ordines
828 2258 863 2289 et
890 2267 998 2298 super
1030 2259 1145 2289 totum
1177 2254 1327 2289 clerum.
1355 2254 1547 2288 Dominica
1574 2257 1695 2288 autem
1723 2251 1898 2296 sequenti,
1916 2253 2016 2288 venit

386 2312 514 2346 iterato
532 2309 711 2354 processio
727 2311 930 2345 communis
946 2310 984 2344 in
1001 2310 1140 2344 dictum
1165 2309 1438 2351 monasterium,
1456 2313 1492 2343 et
1508 2309 1643 2343 ibidem
1659 2309 1698 2343 in
1722 2308 1802 2342 loco
1819 2307 2012 2348 antedicto,

386 2366 634 2410 praesentibus
649 2365 866 2409 praepositis
882 2368 917 2399 et
932 2364 1238 2408 gubernatoribus
1256 2363 1425 2404 civitatis,
1446 2363 1515 2397 fuit
1531 2374 1551 2397 a
1568 2363 1681 2398 fratre
1697 2361 1857 2397 Roberto
1874 2361 2013 2406 praedi·

385 2426 518 2461 catum,
536 2424 572 2454 et
588 2420 741 2464 populus
757 2430 864 2463 super
879 2418 1149 2463 praedicatione
1164 2430 1229 2453 sua
1244 2418 1512 2461 aliquantulum
1529 2417 1732 2462 mitigatus.

429 2476 510 2510 Non
527 2480 579 2510 est
604 2475 966 2518 praetermittendum
983 2474 1077 2517 quod
1097 2474 1215 2508 dictus
1236 2474 1349 2508 frater
1368 2473 1531 2516 Jacobita
1554 2473 1592 2507 in
1609 2473 1697 2506 villa
1711 2472 1756 2507 de
1771 2471 2013 2507 Valenchenis

386 2529 521 2564 similia
535 2530 629 2564 sicut
646 2531 682 2564 in
701 2530 867 2564 Tornaco
885 2533 919 2563 et
939 2530 1117 2572 ampliora
1140 2528 1388 2572 praedicavit;
1406 2528 1502 2562 unde
1517 2527 1667 2570 quidam
1689 2526 1814 2562 clerici
1829 2526 2011 2562 scholares

385 2590 463 2627 post
486 2595 688 2618 sermonem
713 2584 860 2618 fuerunt
891 2584 923 2617 ei
955 2586 1188 2626 opponentes,
1207 2582 1267 2616 sed
1299 2586 1446 2624 propter
1476 2581 1683 2616 societatem
1713 2592 1796 2616 cum
1826 2592 1898 2625 qua
1920 2581 2008 2617 ibat.

386 2640 501 2681 ipsum
519 2639 620 2672 abire
637 2638 869 2680 dimiserunt3
889 2642 923 2672 et
939 2637 1008 2671 hoc
1026 2637 1114 2670 scivi
1140 2648 1161 2670 a
1177 2636 1342 2679 pluribus
1358 2635 1493 2670 ibidem
1510 2635 1775 2679 praesentibus.
1797 2636 1843 2671 Et
1857 2636 1909 2670 sic
1924 2635 2011 2670 fecit

386 2694 422 2728 in
440 2694 604 2736 pluribus
621 2692 721 2734 locis,
738 2694 832 2728 sicut
849 2693 1067 2727 invenerunt
1083 2691 1137 2725 illi
1154 2691 1198 2725 de
1215 2691 1382 2725 Tornaco
1397 2694 1506 2733 atque
1521 2690 1706 2725 sciverunt
1713 2713 1808 2724 .....

427 2747 599 2781 Videntes
614 2751 735 2781 autem
752 2745 1013 2789 quamplurimi
1037 2745 1081 2779 de
1105 2744 1271 2779 Tornaco
1287 2744 1441 2778 formam
1458 2743 1702 2787 poenitentiae
1726 2754 1818 2787 quae
1833 2744 1942 2779 fiebat
1963 2745 2009 2778 ab

385 2802 458 2836 illis
475 2802 536 2845 qui
555 2814 568 2834 x
578 2805 729 2836 enerant
741 2801 779 2834 in
795 2800 992 2840 civitatem,
1007 2802 1206 2843 coeperunt
1221 2798 1355 2832 habere
1367 2797 1596 2832 devotionem
1612 2797 1652 2832 in
1667 2802 1809 2832 tautum
1824 2798 1919 2841 quod
1935 2798 2010 2832 fere

381 2857 572 2901 quingenti
596 2857 785 2900 sexaginta
808 2860 842 2889 et
865 2855 1025 2897 quinque
1050 2854 1121 2888 viri
1150 2854 1206 2888 vel
1233 2852 1381 2887 circiter
1415 2864 1453 2887 se
1488 2853 1664 2896 paulatim
1694 2854 1948 2888 adunaverunt
1973 2859 2009 2888 et

382 2916 508 2946 mutuo
525 2911 785 2951 astrinxerunt,
805 2911 849 2944 de
868 2909 1020 2944 licentia
1043 2909 1153 2943 etiam
1177 2909 1464 2952 gubernatorum
1491 2907 1662 2949 civitatis,
1681 2912 1716 2943 et
1742 2912 2007 2952 proposuerunt

383 2967 481 3002 exire
498 2971 532 3001 et
544 2966 602 3001 ire
626 2977 690 3009 per
705 2965 860 3009 spatium
878 2964 1037 3008 trigenta
1055 2963 1166 2998 trium
1191 2962 1331 2997 dierum
1357 2961 1401 2996 ad
1427 2962 1630 3006 exemplum
1647 2966 1683 2997 et
1698 2962 1814 2998 instar
1828 2963 2002 3007 aliorum3
