2097 3466
344 246 406 279 120
986 243 1117 278 ANNO
1143 256 1172 277 c.
1200 245 1298 278 1252

387 338 475 374 Item
492 337 585 382 quod
604 337 722 372 nullus
739 340 851 382 potest
867 336 1041 372 sacerdoti
1059 337 1199 372 auferre
1217 339 1424 381 potestatem
1442 335 1659 372 absolvendi.

388 394 474 428 Item
492 394 584 436 quod
602 393 739 428 nullum
756 394 801 428 sit
818 396 1001 437 peecatum
1020 393 1113 436 quod
1130 392 1263 426 dicitur
1280 395 1463 435 peccatum
1481 394 1605 426 eontra
1622 394 1800 426 naturam.

389 448 474 482 Item
492 447 584 491 quod
603 448 721 481 nullus
738 447 794 482 vir
811 459 879 481 11011
898 451 1008 490 potest
1026 458 1240 489 cognoscere
1257 457 1403 480 uxorem
1421 445 1487 479 nisi
1506 449 1559 480 ter
1574 445 1611 479 in
1627 445 1834 480 ebdomada.

388 503 473 537 Item
491 503 584 545 quod
601 503 804 537 omnimodo
820 502 950 537 veritas
966 513 1064 536 sacre
1081 501 1256 544 scripture
1274 513 1344 535 11011
1360 504 1412 535 est.
1434 503 1558 544 aperta
1581 502 1616 534 et
1639 500 1734 543 quod.
1750 498 1954 533 omnimoda

345 557 474 592 veritas
492 569 561 591 non
578 558 794 601 predicatur.

389 613 475 647 Item
492 613 586 655 quod
602 613 730 646 melius
745 615 795 647 est
820 611 982 655 accipere
1005 622 1131 654 corpus
1155 609 1286 645 Christi
1311 610 1418 645 semel
1442 609 1479 643 111
1502 620 1595 644 anno
1618 609 1726 644 etiam
1750 608 1787 643 in
1810 607 1954 644 mortali

345 680 451 712 quain
469 680 538 703 non
555 668 728 711 accipere.

389 724 475 758 Item
493 724 587 767 quod
610 727 742 767 quanto
766 722 896 766 aliquis
920 730 969 757 est
996 721 1033 756 111
1062 721 1181 756 altiori
1207 722 1321 766 gradu
1350 720 1496 762 ordinis,
1523 723 1622 756 tanto
1646 721 1725 764 plus
1751 719 1855 754 debet
1881 730 1956 754 esse

346 792 490 824 pauper.

389 836 475 870 Item
493 837 586 879 quod
611 836 699 870 bene
722 840 757 870 et
779 835 854 869 sine
879 838 1022 878 peceato
1048 837 1161 878 potest
1189 833 1319 868 mulier
1345 844 1382 868 se
1410 835 1578 876 prestare,
1604 832 1633 866 si
1660 831 1705 866 sit
1733 830 1898 875 indigens
1920 831 1956 865 et

346 902 491 934 pauper.

692 941 923 976 Haudschrift
953 949 993 975 11Ο
1025 943 1129 976 15954
1160 941 1223 975 der
1255 940 1444 975 Nationale
1475 939 1694 974 bibliotheek
1724 950 1794 973 van
1825 938 1954 981 Parijs,

734 997 793 1031 sol.
814 1000 875 1031 263
899 1008 1011 1037 verso,
1038 996 1261 1040 aangehaald
1284 997 1372 1030 door
1395 996 1500 1039 Alph.
1520 995 1702 1036 Wauters,
1727 994 1826 1028 Saite
1849 998 1872 1028 ὰ
1895 1005 1957 1028 ma

734 1054 850 1084 notice
871 1062 936 1084 sur
960 1052 1078 1085 Hmrz'
1101 1051 1170 1091 III,
1194 1050 1232 1084 in
1254 1051 1296 1084 de
1317 1050 1496 1083 Bulletins
1521 1050 1564 1083 cle
1589 1049 1809 1083 l'Academz‘e
1831 1049 1958 1093 royale

735 1106 778 1141 cle
803 1107 989 1151 Belssz'qzee,
1016 1109 1052 1140 2⁰
1076 1107 1191 1147 100115,
1217 1107 1295 1141 (1001
1319 1106 1383 1141 XL
1407 1106 1529 1149 (1875),
1550 1106 1615 1140 blz.
1643 1107 1704 1142 105
1728 1116 1772 1140 en
1798 1106 1870 1140 106.
1897 1103 1958 1140 Zie

735 1163 803 1197 ook
819 1163 944 1197 aldaar
960 1163 1025 1197 blz.
1045 1164 1156 1197 77-80.

1092 1310 1206 1355 126.

411 1438 666 1481 Omstreeks
691 1438 828 1489 1252,
855 1438 1148 1495 Anat-emen.
1184 1437 1423 1481 Uittreksel
1455 1438 1520 1481 uit
1551 1438 1626 1481 het
1647 1438 1827 1481 Bonum
1858 1437 1958 1480 uni-

347 1508 522 1550 versale
544 1507 597 1549 de
619 1506 780 1563 apibus
803 1521 888 1550 van
912 1508 1096 1550 Thomas
1119 1508 1476 1563 Cantspratensis,
1499 1521 1602 1550 over
1623 1507 1706 1549 den
1723 1506 1959 1562 Antwerp-

348 1576 480 1618 schen
521 1575 667 1618 ketter
710 1577 888 1619 Willem
929 1576 1163 1620 Cornelisz.
1191 1602 1246 1608 —-
1277 1578 1388 1619 Deze
1428 1575 1692 1632 voormalige
1733 1575 1960 1619 kanunnik

349 1644 545 1700 predikte
579 1657 684 1686 eene
708 1645 955 1700 algemeene
987 1646 1200 1688 armoede.
1227 1645 1325 1688 Drie
1347 1645 1485 1701 dagen
1508 1659 1563 1687 na
1584 1645 1696 1702 zijne
1722 1643 1962 1701 begraving

348 1713 392 1755 in
416 1712 466 1755 de
485 1712 531 1754 O.
562 1715 611 1756 L.
634 1714 935 1756 Vrouwekerk
959 1718 1001 1756 te
1023 1716 1291 1771 Antwerpen
1315 1713 1469 1772 (1248)
1493 1714 1612 1756 werd
1631 1713 1717 1771 zijn
1735 1712 1837 1770 graf
1853 1727 1961 1769 open

348 1780 588 1824 bevonden.
612 1782 717 1824 Vier
733 1783 860 1839 jaren
885 1784 1046 1826 daarna
1062 1783 1205 1825 kwam
1228 1784 1339 1841 zijne
1356 1783 1530 1839 ketterij
1551 1797 1632 1825 aan
1650 1783 1726 1826 het
1744 1781 1956 1838 daglieht;

349 1849 432 1892 dan
456 1849 580 1892 beval
613 1850 833 1903 Nikolaas‚
860 1850 1056 1908 bissehop
1080 1866 1162 1895 van
1187 1853 1428 1908 Kamerijk,
1455 1852 1527 1894 dat
1552 1866 1650 1894 men
1673 1851 1758 1908 zijn
1781 1850 1858 1907 lijk
1883 1864 1962 1894 zou

350 1923 591 1975 ontgraven
615 1933 668 1961 en
691 1919 977 1972 verbranden,
1001 1922 1187 1977 hetgeen
1210 1926 1253 1965 te
1271 1923 1538 1976 Antwerpen
1561 1920 1791 1976 gebearde.

393 2044 437 2078 Et
453 2044 597 2087 quidam
614 2048 733 2079 nostro
746 2048 904 2089 tempore
920 2046 958 2080 in
975 2047 1062 2080 urbe
1079 2045 1339 2088 Antwerpiensi
1358 2044 1551 2079 Brabantie
1567 2043 1759 2087 superioris
1781 2043 1964 2078 maritima

350 2099 575 2133 Guilhelmus
590 2100 775 2135 Cornelius
792 2101 935 2136 1101111110
951 2112 1058 2145 supra
1074 2101 1219 2134 modum
1236 2099 1481 2134 irracionabili
1497 2099 1612 2134 heresi
1635 2098 1794 2133 scindere
1808 2097 1965 2133 Domini-

349 2166 426 2188 cam
445 2154 525 2188 fidei
551 2154 708 2188 tunicam
737 2159 788 2190 est
812 2160 970 2190 conatus.
999 2156 1065 2190 Hic
1096 2155 1239 2199 quidem
1262 2155 1441 2198 hypocrisi
1467 2158 1501 2189 et
1527 2153 1747 2188 simulationi
1769 2153 1909 2188 deditus
1929 2156 1965 2188 et

349 2208 484 2242 diutius
511 2212 742 2243 conuersatus
770 2211 945 2254 prebende
963 2211 1173 2245 beneficium
1191 2209 1291 2253 quasi
1308 2211 1372 2244 sub
1396 2212 1556 2253 pretextu
1574 2209 1729 2252 perfecte
1744 2207 1964 2252 paupertatis

349 2262 495 2303 dimisit,
514 2266 549 2297 et
565 2266 684 2297 tamen
700 2264 843 2299 luxurie
859 2268 954 2299 totus
970 2268 1045 2299 erat
1062 2265 1212 2299 deditus,
1233 2264 1380 2299 Dicebat
1403 2267 1521 2298 autem
1538 2263 1631 2298 sieut
1645 2262 1849 2306 rubiginem
1866 2262 1961 2306 igne,

350 2317 399 2350 sie
423 2328 526 2351 omne
545 2320 729 2359 peecatum
747 2321 955 2362 paupertate
980 2318 1139 2353 consumi
1157 2322 1192 2353 et
1215 2322 1297 2353 ante
1314 2318 1377 2352 Dei
1402 2319 1523 2352 oeulos
1549 2315 1754 2359 annullari3
1779 2315 1963 2350 meliorem

349 2382 422 2404 esse
440 2369 618 2413 publicam
633 2371 857 2406 meretricem
871 2383 1061 2415 pauperem
1078 2384 1184 2415 quam
1198 2372 1353 2415 aliquem
1367 2374 1502 2406 eastum
1515 2371 1769 2415 perfectissime
1782 2370 1963 2405 eontinen-

350 2429 419 2458 tem
437 2423 573 2467 aliquid
591 2424 627 2457 in
644 2425 698 2458 sui
718 2426 913 2460 subsidium
940 2427 1170 2469 retinentemg
1189 2432 1223 2461 01
1240 2430 1383 2470 propter
1398 2427 1466 2460 hoe
1483 2438 1603 2461 omnes
1619 2437 1764 2469 prorsus
1778 2425 1965 2470 religiosos

349 2490 423 2512 ess-e
436 2479 631 2512 damnatos.
650 2479 750 2519 Quod
765 2484 882 2515 autem
897 2482 1037 2516 dicebat
1050 2482 1198 2525 pauperi
1212 2481 1392 2515 luxuriam
1406 2492 1475 2515 non
1490 2491 1563 2515 esse
1577 2482 1772 2523 peecatum,
1788 2480 1858 2515 fuit
1873 2480 1962 2514 blas-

350 2533 492 2576 phemia
509 2533 675 2574 maxima,
695 2534 794 2577 quasi
811 2546 884 2569 esse
901 2536 1005 2569 vellet
1023 2535 1190 2569 iniustior
1213 2535 1425 2569 iustissimus
1442 2535 1535 2568 Deus
1551 2533 1623 2567 illis
1640 2533 1769 2577 quibus
1785 2532 1960 2577 precepit:

351 2590 435 2622 Non
449 2589 676 2623 misereberis
686 2592 726 2622 in
739 2591 876 2624 iudicio
887 2593 1074 2634 pauperis.
1088 2592 1138 2625 De
1151 2591 1218 2625 isto
1231 2594 1349 2625 autem
1363 2590 1559 2624 certissima
1572 2588 1744 2624 relatione
1757 2588 1960 2627 didicimus.

351 2644 442 2685 quod
457 2655 549 2683 eum,
568 2644 734 2678 defuncto
747 2656 788 2678 00
801 2648 906 2688 atque
919 2645 956 2678 in
970 2646 1119 2680 eeclesia
1133 2647 1232 2680 beate
1243 2645 1403 2689 Virginis
1417 2656 1497 2679 eum
1509 2645 1644 2679 honore
1657 2644 1805 2687 sepulto,
1816 2643 1962 2687 quidam

351 2698 408 2731 die
424 2698 529 2731 tertia
545 2699 692 2732 eandem
710 2699 895 2733 eeclesiam
920 2699 1111 2741 introisset,
1130 2700 1221 2734 vidit
1237 2701 1482 2743 corporalibus
1497 2699 1611 2733 oculis
1631 2698 1859 2741 sepulchrum
1876 2697 1963 2732 dieti

351 2752 540 2785 willielmi
566 2753 718 2795 Cornelij
738 2764 890 2787 vacuum
920 2758 953 2788 et
981 2757 1155 2797 apertum,
1175 2754 1461 2789 manifestissima
1476 2752 1738 2797 significatione
1760 2751 1964 2796 presagiens

350 2806 469 2839 future
482 2807 719 2840 damnationis
736 2811 915 2841 euentum.
927 2808 1018 2842 Nam
1032 2812 1107 2851 post
1120 2820 1230 2842 annos
1244 2812 1398 2851 quatuor
1410 2807 1564 2851 cognita,
1577 2807 1756 2842 denudata
1767 2809 1802 2841 et
1815 2807 1964 2850 probata

351 2860 562 2902 nequissime
589 2861 722 2895 hei-esis
746 2861 843 2894 illius
867 2861 1028 2904 nequicia
1058 2865 1092 2896 et
1119 2862 1274 2903 malicia,
1294 2874 1355 2906 per
1379 2862 1617 2896 venerabilem
1634 2864 1771 2905 patrem
1800 2863 1960 2895 nostrum

350 2913 537 2948 Nicolaum
570 2915 859 2949 Cameraccusem
889 2915 1093 2959 episcopum
1125 2917 1279 2951 cadauer
1309 2917 1385 2951 eius
1413 2917 1455 2950 de
1493 2916 1680 2959 sepulchro
1715 2915 1816 2960 quasi
1853 2914 1960 2958 stirps
