2097 3466
769 252 901 288 ANNO
928 254 1028 287 1231
1667 253 1707 286 81

81 342 234 377 fratrum
255 342 458 375 nostrorum
476 339 637 380 consilio,
656 342 730 374 tam
755 345 881 374 contra
910 339 1087 374 hereticos
1115 350 1223 382 quam
1251 338 1447 379 credontes,
1467 343 1708 384 receptatores

81 400 118 432 et
132 397 289 432 fautores
301 406 425 430 eorum
444 406 535 429 nova
547 398 680 430 statuta
697 395 929 438 solempniter
941 394 1224 438 promulgantes,
1239 404 1281 428 ea
1294 394 1544 430 mandavimus
1558 395 1710 431 firmiter

81 450 275 486 observari.
294 449 446 485 Senator
461 461 602 494 quoque
620 450 719 485 urbis
735 450 778 484 de
795 450 979 484 voluntate
1008 461 1051 484 ac
1067 460 1242 484 consensu
1271 449 1386 483 tocius
1402 450 1522 494 populi
1553 450 1708 485 Romani

81 508 207 540 contra
222 504 398 548 predictos
414 504 686 539 constitutiones
702 516 784 539 suas
799 505 912 539 edidit
928 508 963 539 et
973 504 1125 548 juravit,
1144 507 1177 538 et
1189 503 1366 547 jurabunt
1383 515 1505 538 omnes
1521 504 1565 538 de
1589 507 1708 539 cetero

80 562 272 594 senatores.
303 558 470 593 Volentes
497 559 621 604 igitur,
651 564 689 595 ut
719 564 852 595 statuta
879 564 915 594 et
942 559 1216 594 constitutiones
1247 558 1455 602 hujusmodi
1481 559 1613 603 ubique
1642 560 1709 594 rite

80 618 278 655 serventur,
293 625 375 648 ecce
387 613 464 658 ipsa
477 615 576 649 vobis
593 616 658 649 sub
671 615 770 650 bulla
782 620 903 650 nostra
917 615 1109 655 mittentes,
1126 613 1344 648 fraternitati
1362 616 1479 648 vestre
1494 625 1557 657 per
1569 617 1707 658 aposto·

79 668 152 704 lica
162 668 296 713 scripta
311 669 534 709 mandamus,
553 670 722 713 quatinus
739 675 860 705 nostra
882 674 1018 705 statuta
1035 670 1072 704 in
1090 669 1298 704 civitatibus
1315 672 1350 703 et
1365 668 1567 703 dioecesibus
1583 669 1712 704 vestris

80 725 190 760 semel
212 725 251 759 in
278 736 398 759 mense
425 725 648 769 publicantes
675 729 710 760 et
726 726 896 761 facientes
912 725 1148 770 solempniter
1165 723 1356 768 publicari,
1376 723 1568 758 advocatos
1583 726 1619 757 ct
1635 722 1709 756 offi-

82 779 202 821 ciales,
216 779 278 824 qui
294 790 360 824 pro
375 782 534 823 tempore
550 780 696 820 suerint,
716 785 756 815 ut
772 780 1043 816 constitutiones
1057 792 1077 814 a
1093 782 1258 814 senatore
1271 779 1428 822 prolatas
1445 780 1606 811 statuant
1621 780 1657 811 et
1673 777 1710 810 in

82 833 306 879 capitulariis
337 834 499 869 locorum
521 846 669 870 suorum
686 835 821 870 saciant
848 835 1028 875 annotari,
1048 833 1222 869 moneatis
1246 833 1442 877 prudenter
1457 836 1492 867 et
1515 831 1711 866 efficaciter

81 888 272 924 inducatis.
299 889 403 930 Quod
429 889 458 923 si
488 889 580 924 sorte
604 890 721 924 facere
738 890 932 929 noluerint.
953 890 1054 924 nobis
1079 900 1142 933 per
1158 892 1292 923 vestras
1309 888 1448 922 litteras
1466 887 1652 928 intimetis,
1674 889 1713 920 ut

82 944 317 989 procedamus
331 944 460 979 exinde
476 948 582 988 prout
598 945 794 979 secundum
814 944 1007 979 Dominum
1023 944 1226 979 videremus
1243 943 1520 987 procedendum.

126 999 259 1035 Datum
274 999 399 1042 Reate,
415 998 494 1034 VII.
512 998 586 1033 kal.
604 999 624 1033 J
629 999 706 1040 ulii,
725 999 955 1043 pontificatus
972 999 1083 1034 nostri
1099 1010 1195 1033 anno
1211 998 1349 1043 quinto.

430 1083 620 1125 Boehmer,
635 1084 725 1119 Acta
740 1087 890 1129 imperii
905 1084 1049 1125 selecta,
1064 1084 1143 1118 decl
1157 1083 1202 1125 ΙΙ,
1221 1083 1287 1117 blz.
1303 1085 1378 1124 (365,
1395 1090 1434 1117 n⁰
1444 1084 1508 1118 959
1521 1081 1711 1124 (Potthast,

472 1139 550 1174 deel
563 1139 590 1180 Ι,
608 1139 674 1173 blz.
701 1141 776 1179 751,
796 1146 836 1173 nr
858 1140 970 1181 8754.)
984 1139 1038 1183 Op
1054 1139 1136 1173 dezc
1150 1138 1211 1173 bul
1224 1137 1325 1182 volgt
1339 1136 1465 1171 aldaar
1482 1136 1525 1170 de
1541 1135 1636 1170 tckst
1651 1136 1716 1171 der

475 1195 674 1238 pauselijke
707 1198 863 1229 statuten
890 1195 1267 1228 Excommunicamus
1294 1198 1326 1227 et
1352 1191 1715 1227 anathematizamus

475 1260 520 1284 en
536 1249 594 1284 die
610 1261 679 1284 van
693 1250 762 1283 den
775 1248 1041 1284 Romeinschen
1053 1251 1207 1283 senator.
1222 1247 1296 1290 (Zie
1309 1259 1394 1283 onzc
1408 1254 1459 1281 nrs
1476 1249 1517 1281 76
1531 1258 1575 1281 en
1592 1248 1660 1288 77.)
1672 1265 1715 1271 —

476 1305 528 1338 De
545 1304 808 1348 aartsbisschop
826 1315 895 1338 van
913 1303 1019 1338 Trier
1035 1304 1182 1338 oefende
1199 1305 1268 1346 zijn
1285 1302 1473 1347 geestelijk
1490 1314 1602 1347 gezag
1617 1302 1654 1336 in
1671 1303 1715 1336 de

473 1363 600 1403 groote
616 1359 706 1394 helft
722 1370 791 1392 van
807 1358 868 1393 het
884 1358 1098 1403 hertogdom
1124 1359 1358 1402 Luxemburg
1387 1358 1450 1393 uit.
1483 1357 1713 1400 NVaarchijn-

476 1414 543 1458 lijk
556 1414 610 1448 zal
622 1415 692 1456 zijn
706 1415 849 1448 nabuur
859 1414 902 1448 de
915 1413 1178 1457 aartsbisschop
1189 1424 1258 1447 van
1271 1413 1411 1448 Keulen
1423 1425 1467 1448 en
1481 1415 1509 1447 zi
1508 1415 1522 1455 j
1529 1424 1571 1447 ne
1583 1413 1717 1447 andere

475 1468 931 1513 waardigheidsgenooten,
965 1468 1022 1502 die
1053 1479 1139 1503 over
1169 1480 1234 1503 een
1265 1479 1338 1512 nog
1368 1471 1514 1512 grooter
1543 1467 1622 1502 deel
1652 1467 1716 1501 der

474 1524 727 1559 Nederlanden
752 1524 875 1558 hunne
890 1523 1110 1566 herdcrIiJke
1123 1523 1246 1557 macht
1267 1523 1383 1557 deden
1398 1522 1539 1567 gelden,
1558 1522 1715 1557 dezelfdc

471 1580 534 1614 bul
550 1579 621 1614 ook
636 1583 842 1623 ontvangen
858 1578 1009 1613 hebben.
1029 1578 1182 1613 Althans
1198 1582 1314 1613 weten
1338 1579 1410 1620 wij,
1429 1577 1492 1612 dat
1520 1578 1562 1619 zij
1595 1576 1711 1621 insge-

470 1634 556 1677 lijks
586 1645 657 1668 aan
683 1634 753 1669 den
782 1633 1048 1678 aartsbisschop
1078 1645 1149 1668 van
1181 1632 1356 1677 Salzburg
1386 1633 1485 1668 werd
1516 1632 1710 1677 gezonden.

472 1689 662 1732 (Potthast,
678 1697 716 1724 nr
732 1691 841 1732 8753).

852 1825 937 1870 82.

142 1964 280 2015 1231,
312 1964 455 2008 Trier.
479 1962 814 2018 Aanteekening
831 1974 936 2004 over
957 1960 1010 2003 de
1033 1960 1197 2017 synode
1220 1974 1305 2003 van
1328 1960 1405 2003 het
1427 1959 1716 2004 aartsbisdom

81 2034 222 2085 Trier,
262 2033 487 2090 gehouden
532 2032 639 2075 door
681 2031 763 2074 den
801 2029 1123 2085 aartsbisschop
1168 2029 1367 2072 Diederik
1403 2030 1460 2082 II,
1501 2043 1606 2072 over
1642 2031 1718 2073 het

80 2103 318 2159 vervolgen
350 2102 427 2145 der
457 2102 641 2145 ketters.
667 2127 726 2132 —
758 2101 817 2143 Te
841 2099 964 2141 Trier
997 2098 1176 2142 werden
1210 2099 1302 2141 drie
1335 2103 1484 2142 secten
1511 2098 1711 2159 ontdekt,

80 2185 291 2216 waarvan
333 2171 384 2214 de
429 2171 627 2226 dolingen
672 2169 848 2212 worden
895 2168 1127 2225 opgesoznd
1171 2182 1222 2210 en
1265 2168 1399 2210 onder
1437 2168 1632 2211 dewelke
1670 2183 1718 2211 er

80 2241 413 2297 wederdoopers
431 2254 596 2282 waren.
617 2240 690 2281 Die
707 2239 876 2282 ketters
893 2237 1074 2280 bezaten
1093 2238 1368 2293 vertalingen
1394 2237 1471 2280 der
1488 2238 1540 2279 H.
1557 2237 1718 2281 Schrist

80 2310 123 2353 in
147 2310 199 2353 de
220 2310 541 2353 Germaansche
564 2308 798 2351 volkstaal.
826 2308 883 2350 De
906 2305 1228 2361 aaz-tsbisschop
1252 2305 1525 2362 openbaarde
1557 2320 1640 2349 aan
1664 2307 1716 2349 de

80 2379 259 2436 synode,
286 2379 361 2421 dat
389 2378 440 2421 de
472 2377 642 2420 ketters
666 2381 709 2419 te
733 2377 856 2419 Trier
879 2390 932 2419 en
956 2376 997 2418 in
1023 2376 1074 2418 de
1099 2375 1258 2418 andere
1290 2374 1556 2417 bisdommen
1582 2389 1718 2418 eeuen

81 2461 187 2503 paus
220 2461 274 2490 en
307 2447 595 2503 hisschoppen
628 2445 816 2495 hadden,
852 2459 936 2488 aan
970 2445 1053 2487 wie
1087 2445 1139 2501 zij
1176 2445 1238 2487 uit
1277 2444 1492 2486 sluwheid
1526 2444 1717 2487 dezelsde

81 2517 366 2573 eigennamen
406 2517 471 2558 ais
508 2516 574 2557 die
607 2515 684 2557 der
718 2516 958 2558 Roomsche
993 2513 1101 2557 kerk
1136 2527 1292 2569 gaven.
1334 2514 1383 2554 In
1418 2513 1520 2555 deze
1554 2512 1716 2569 synode

81 2585 259 2628 werden
308 2585 400 2628 vier
442 2585 626 2636 ketters,
670 2584 762 2626 drie
807 2597 993 2626 mannen
1037 2597 1090 2625 en
1135 2596 1242 2625 eene
1286 2595 1454 2634 vrouw,
1481 2582 1717 2625 Luckardis

81 2654 311 2712 geheeten,
340 2652 576 2697 verbrand.

124 2779 230 2813 Anno
247 2777 391 2812 Domini
404 2776 645 2817 MCCXXXI,
661 2776 698 2811 in
713 2776 788 2820 ipsa
802 2776 948 2811 civitate
963 2775 1104 2811 Treviri
1119 2779 1190 2810 tres
1203 2787 1277 2811 csse
1294 2775 1435 2810 scholas
1448 2776 1713 2811 haereticorum

80 2831 352 2877 deprehensum.
373 2832 416 2866 Et
434 2832 554 2875 plures
570 2836 672 2865 erant
686 2843 812 2866 corum
836 2835 952 2866 sectae
975 2835 1009 2865 ct
1028 2831 1130 2864 multi
1150 2842 1274 2865 corum
1301 2831 1465 2865 instructi
1483 2835 1585 2865 erant
1603 2830 1716 2874 scrip-

81 2887 173 2923 turis
196 2887 340 2928 sanctis,
366 2899 454 2931 quas
471 2886 651 2921 habebant
670 2886 706 2920 in
725 2886 992 2921 Theutonicum
1016 2886 1218 2920 translatas.
1240 2886 1281 2920 lit
1296 2886 1361 2920 alii
1375 2886 1520 2929 quidem
1538 2886 1716 2929 baptisma

79 2941 269 2985 iterabant,
288 2942 353 2978 alii
379 2954 509 2987 corpus
534 2941 680 2976 Domini
706 2953 777 2976 non
801 2942 1006 2982 credebant,
1025 2940 1089 2975 alii
1108 2952 1238 2984 corpus
1263 2941 1408 2976 Domini
1434 2954 1454 2975 a
1480 2941 1585 2976 malis
1601 2953 1717 2976 sacer-

1548 3022 1568 3053 ὓ
