2097 3466
811 230 942 266 ANNO
970 231 1069 264 14⁶5
1695 229 1754 263 411

877 359 998 402 333.

182 484 440 528 Omstrceks
486 486 622 533 1465,
682 485 836 541 Rrjsel.
882 487 938 527 De
979 483 1239 540 predikheer
1283 482 1490 525 Nikolaas
1534 482 1756 537 Jacquier,

118 553 376 609 inquisiteur
399 553 441 594 in
460 553 713 610 Frankrijk,
745 553 925 596 oefende
955 553 1019 596 dit
1045 552 1166 595 ambt
1191 552 1231 594 in
1258 550 1756 595 Frausch-Vlaanderen

118 622 379 670 uit.alwaar
410 621 469 679 hij
496 626 539 664 te
565 622 699 678 Rijsel
730 637 800 665 zes
824 623 1109 679 Turlupijnen
1135 622 1212 664 der
1237 626 1354 664 secte
1380 635 1461 664 vau
1488 623 1641 664 Alsons
1674 635 1756 663 van

119 692 327 748 Portugal
354 690 456 734 νόώι1
487 690 581 732 zich
615 691 780 747 daagde
817 706 868 734 eu
905 704 1040 733 eenen
1066 690 1202 733 onder
1234 690 1319 731 hen
1353 704 1433 733 aau
1459 691 1539 732 deu
1577 690 1759 732 wereld-

118 761 252 818 lijken
276 776 368 805 arm
392 759 650 806 uitleverde.

163 887 203 922 F.
221 887 394 922 Nicolaus
411 885 638 930 Jacquerius,
659 886 853 920 vernacule
869 886 1058 931 Jacquicr.
1079 888 1187 927 gente
1203 884 1341 928 Gallus,
1358 885 1504 920 natione
1522 885 1755 930 But-gundus,

118 943 237 987 patria
255 941 482 978 Divionensis
500 941 705 984 ibidemque
723 940 871 976 ineunte
886 941 1008 975 seculo
1026 939 1094 974 XV
1113 946 1218 974 natus
1221 963 1316 981 .....
1339 941 1437 975 circa
1457 942 1541 975 1450
1566 940 1759 984 inquisitor

120 999 202 1034 fidei
220 999 421 1039 institutus,
439 997 642 1032 haereticos
666 1002 701 1031 et
726 996 939 1031 fascinat-ios
972 996 1194 1039 insequendo
1214 996 1334 1030 vai-ias
1350 996 1490 1031 Gallias·
1510 998 1616 1031 urbes
1634 1008 1760 1040 perva-

118 1058 226 1096 gatus
240 1059 293 1089 est
315 1065 358 1088 ac
382 1055 529 1088 tandem
553 1064 649 1087 anno
668 1055 751 1087 1464
771 1053 930 1096 primum
950 1053 1080 1086 [usulis
1100 1053 1341 1087 Flandrorum
1362 1052 1573 1086 accessit...
1588 1074 1617 1084 ..
1655 1054 1760 1086 Anno

119 1108 398 1144 MCCCCLXW
437 1109 550 1144 veteri
588 1109 693 1152 stylo,
727 1120 818 1142 novo
857 1108 954 1142 LXV
987 1108 1144 1142 Toruaci
1184 1107 1501 1151 quadragesimam
1537 1106 1760 1150 praedicavit

119 1165 325 1209 ibidemque
349 1164 455 1199 initio
479 1164 571 1198 Julii
600 1164 638 1198 in
663 1164 798 1208 synodo
825 1164 1037 1198 dioecesana
1069 1162 1273 1205 orationem
1300 1163 1469 1197 Latinam
1495 1162 1634 1202 habuit,
1663 1167 1701 1197 ut
1728 1166 1762 1196 et

119 1222 250 1257 Insulis
267 1221 304 1256 in
323 1220 362 1255 S.
387 1219 488 1254 Petri
513 1220 673 1263 capitulo
691 1220 750 1254 die
763 1219 920 1262 profesto
938 1218 1102 1253 omnium
1119 1221 1346 1252 sanctorum.
1371 1217 1428 1251 Sic
1444 1221 1565 1252 autem
1587 1218 1763 1252 facundus

119 1276 343 1313 ecclesiastes
360 1275 598 1310 concionibus
615 1275 757 1309 assidue
774 1275 926 1308 vacabat
950 1278 989 1308 ut
1007 1285 1120 1316 aeque
1144 1273 1304 1317 vigilans
1323 1273 1406 1307 fidei
1425 1284 1553 1307 censor
1571 1273 1615 1307 ab
1636 1273 1761 1307 haere-

118 1332 277 1367 ticorum
292 1330 530 1365 insectatione
544 1341 614 1364 non
629 1333 797 1364 cessaret.
813 1329 882 1364 Sex
899 1329 996 1364 enim
1009 1328 1176 1363 homines
1189 1339 1232 1362 ex
1249 1339 1291 1362 ea
1306 1330 1416 1367 sei-ta,
1435 1339 1525 1370 quos.
1539 1327 1763 1371 Turlupinos

118 1386 310 1424 vocabant.
331 1385 506 1429 Alphonsi
525 1386 712 1428 cujusdam
731 1384 897 1419 Lusitani
915 1395 1010 1418 anno
1030 1383 1096 1418 MC
1105 1382 1279 1417 CCCLIX
1296 1394 1317 1417 a
1334 1386 1458 1417 senatu
1480 1382 1656 1417 Iusulensi
1674 1394 1763 1426 rogo

120 1439 255 1474 addicti
272 1439 470 1484 discipulos
486 1440 709 1484 apprehendi
730 1440 849 1484 jussit,
870 1451 910 1474 ac
928 1450 1050 1474 coram
1069 1450 1133 1473 suo
1158 1438 1336 1473 tribunali
1355 1438 1550 1482 productos
1568 1441 1607 1472 ut
1623 1449 1764 1472 errores

120 1494 344 1538 deponerent
374 1495 538 1540 graviter
575 1495 802 1536 adhortatus,
832 1495 1055 1538 pertinacem
1088 1505 1131 1528 ex
1169 1494 1220 1528 eis
1260 1504 1376 1527 unum
1417 1492 1568 1527 brachio
1608 1491 1763 1526 seculari

121 1549 290 1585 tradidit.

473 1607 602 1647 Quetif
621 1618 665 1641 en
690 1594 847 1647 sichard,
873 1606 952 1640 deel
972 1606 998 1645 I,
1025 1605 1094 1639 blz.
1127 1607 1191 1639 847
1215 1616 1259 1638 en
1284 1606 1367 1638 848.
1389 1623 1432 1627 —
1459 1603 1569 1638 Pater
1593 1603 1765 1646 Jacquier

512 1662 618 1696 stiers
631 1661 668 1696 in
693 1663 716 1696 't
733 1660 1163 1704 predikheerenklooster
1187 1671 1257 1694 van
1283 1659 1376 1693 Gent
1403 1663 1462 1694 ten
1483 1663 1564 1702 jare
1590 1660 1689 1693 1472.
1722 1659 1762 1692 In

511 1717 574 1752 het
602 1717 842 1752 Handschrist
867 1723 905 1751 11¹·
929 1718 1088 1757 733-741,
1113 1715 1180 1750 fol.
1204 1718 1223 1749 3
1241 1727 1285 1749 en
1303 1714 1416 1758 volg.,
1435 1714 1499 1747 der
1525 1714 1765 1757 Koninklijke

514 1772 745 1807 Bibliotheek
760 1784 828 1806 van
843 1773 989 1807 Brussel
1002 1771 1103 1806 komt
1114 1782 1183 1805 van
1197 1770 1280 1804 hem
1295 1781 1381 1805 eene
1392 1769 1762 1813 verbandelingvoor.

516 1828 666 1873 getiteld
683 1839 690 1862 ε
707 1828 843 1872 Incipit
860 1832 1039 1862 tractatus
1063 1826 1108 1860 dc
1127 1826 1335 1861 calcacz'onc
1359 1825 1559 1859 demonum
1575 1836 1640 1859 seu
1657 1825 1764 1859 mali-

512 1893 678 1926 ynorum
708 1883 913 1926 spirituum
950 1882 1072 1915 editus
1113 1892 1135 1915 α
1167 1880 1319 1914 domino
1359 1877 1554 1923 Nyckolao
1594 1879 1766 1924 Jaquerij

517 1937 665 1970 ordinis
695 1936 995 1981 predicatorum.
1028 1956 1071 1961 —
1105 1935 1201 1970 Over
1233 1935 1302 1969 den
1332 1934 1503 1978 heremijt
1533 1934 1660 1969 Alsons
1697 1945 1766 1968 van

518 1991 709 2036 Portugal,
729 1991 787 2027 die
813 1991 851 2026 in
870 1993 955 2027 1459
972 1995 1007 2027 te
1026 1990 1140 2035 Rijsel
1157 1990 1211 2025 als
1235 1990 1354 2025 ketter
1370 1990 1469 2024 werd
1494 1989 1690 2032 verbi—and,
1715 1989 1768 2024 zie

517 2046 656 2091 hooger
672 2058 737 2082 ons
754 2054 792 2082 nr
809 2048 890 2082 300.

869 2174 994 2219 334.

186 2301 445 2346 Omstreeks
484 2301 606 2344 1460
641 2314 697 2344 en
734 2301 872 2350 1465,
910 2301 1065 2357 Rejsel.
1110 2300 1447 2359 Aanteekening
1480 2301 1543 2345 uit
1581 2301 1765 2344 archies-

121 2371 313 2414 stukken
347 2370 591 2426 getrokken
615 2383 719 2413 over
750 2371 1219 2427 kettervervolgingen
1251 2372 1358 2414 door
1391 2373 1474 2415 den
1507 2370 1767 2426 inquisiteur

122 2442 167 2482 te
199 2439 292 2482 dier
324 2438 461 2489 stede,
504 2439 644 2481 welke
683 2452 735 2495 op
775 2452 881 2482 eene
919 2439 1206 2496 beprediking
1243 2441 1321 2483 der
1361 2441 1530 2484 ketters
1569 2439 1767 2496 schijnen

124 2508 399 2565 uitgeloopen
433 2513 477 2552 te
510 2510 611 2568 zijn.
641 2535 695 2542 —
731 2513 821 2554 Een
860 2512 1084 2568 geschenk
1118 2525 1202 2554 van
1238 2512 1345 2569 wijn
1386 2511 1507 2554 werd
1541 2511 1645 2553 door
1684 2510 1766 2552 deu

124 2577 382 2634 magistraat
404 2593 486 2622 aan
509 2580 562 2622 de
583 2580 841 2638 geestelijke
864 2581 1062 2624 rechters
1086 2580 1387 2637 aangeboden.

173 2725 182 2736 .
194 2727 202 2735 .
217 2727 245 2737 ..
276 2705 326 2739 les
342 2705 461 2740 divers
475 2717 655 2749 messages
670 2709 825 2750 envoyes
842 2709 863 2740 a
879 2708 991 2741 Arras
1008 2710 1028 2740 a
1045 2707 1079 2740 la
1098 2706 1214 2740 meme
1235 2708 1376 2748 epoque
1400 2705 1516 2747 (1460)
1545 2708 1580 2739 et
1611 2705 1773 2739 adresses

124 2761 144 2792 a
162 2758 405 2802 l'inquisiteur
422 2761 466 2795 de
483 2761 518 2794 la
536 2760 583 2794 soi
599 2772 690 2804 pour
707 2761 825 2796 savoir
843 2776 858 2788 u
877 2774 914 2796 se
932 2773 975 2796 en
995 2766 1090 2795 ceste
1108 2760 1192 2795 ville
1214 2761 1258 2794 de
1278 2760 1370 2794 Lille
1390 2761 1536 2794 avoient
1553 2771 1691 2794 aucuns
1708 2768 1771 2803 qui

127 2829 143 2842 r·
170 2814 307 2849 fussent
324 2815 546 2859 empeschies
563 2816 605 2850 de
621 2816 685 2850 fait
701 2816 745 2850 de
758 2816 930 2851 vauderie
949 2827 997 2850 ou
1016 2815 1221 2857 surcelerie,
1240 2827 1382 2850 comme
1400 2815 1426 2849 il
1444 2827 1464 2859 y
1479 2827 1522 2849 en
1538 2815 1635 2849 avoit
1649 2815 1772 2849 audiet

127 2885 144 2903 n
170 2868 243 2903 lieu
269 2869 431 2904 d'Arras.
456 2887 472 2904 n
493 2871 583 2913 Cinq
609 2882 673 2904 ans
698 2874 814 2914 apres,
841 2883 899 2906 ces
923 2871 1162 2905 malheureux
1188 2876 1299 2914 ayant
1325 2874 1381 2904 ete
1405 2870 1771 2911 ‹leconve1-ts,fur‹›nt

127 2930 144 2948 ‘⁴
171 2924 352 2967 preschics
385 2937 475 2969 poui-
504 2926 643 2960 donner
679 2927 864 2970 exemple3
885 2944 901 2962 n
927 2939 990 2962 car
1014 2927 1222 2969 l'argentier
1255 2932 1357 2970 porte
1387 2938 1430 2961 on
1461 2926 1616 2969 depense
1649 2926 1682 2961 le
1711 2927 1771 2961 vin
