2097 3466
273 386 877 449 VERZAMELING
938 386 1111 447 VAN
1177 386 1573 449 STUKKEN

793 514 1058 536 BE'I‘REFFENDE

451 606 510 637 DE
551 604 837 637 PAUSELIJKE
880 604 941 636 EN
984 603 1403 636 BISSCHOPPELIJKE

151 714 627 865 INQUISlTlll
699 714 786 832 IN
853 713 974 832 llll
1045 712 1700 833 NllllllRLANllllN

910 1092 953 1137 1.

170 1223 307 1273 1025,
350 1221 564 1272 Jcmuarz’,
607 1222 810 1266 Atreclzt.
853 1221 977 1265 Brief
1009 1236 1093 1265 van
1138 1222 1374 1274 Gerardus,
1419 1221 1618 1278 bisschop
1663 1235 1747 1265 van

106 1292 333 1350 Kamerijk
368 1306 420 1334 en
453 1305 537 1334 van
562 1291 761 1342 Atrecht‚
790 1304 872 1334 aan
896 1290 1199 1348 R(eginaldus‚
1247 1290 1447 1348 bisschop
1482 1305 1567 1334 van
1601 1290 1745 1349 Luik),

106 1375 211 1404 over
242 1362 293 1405 de
326 1361 495 1405 ketters
529 1374 614 1403 van
649 1361 712 1404 dit
745 1362 903 1405 laatste
936 1360 1115 1404 bisdom.
1145 1386 1202 1392 -—
1226 1361 1448 1404 Ger-ardus
1482 1361 1613 1404 drukt
1635 1361 1749 1418 zijne

105 1429 343 1487 verbazing
365 1431 444 1482 uit,
472 1431 546 1473 dat
578 1430 664 1487 zijn
699 1431 913 1474 Luiksche
937 1431 1103 1486 collega
1126 1431 1277 1487 eenige
1309 1431 1494 1483 ketters,
1522 1431 1664 1473 welke
1686 1431 1745 1488 hij

106 1500 163 1559 bij
199 1501 299 1544 hem
332 1501 633 1558 aangeklaagd
666 1501 766 1552 had,
795 1501 1041 1557 ongedeerd
1074 1501 1138 1544 uit
1170 1501 1256 1558 zijn
1290 1500 1454 1543 bisdom
1489 1500 1607 1544 heeft
1629 1501 1749 1543 laten

106 1570 389 1614 vertrekken.
427 1572 648 1616 Gerardus
681 1576 794 1628 zegt,
833 1573 906 1615 dat
940 1572 999 1629 hij
1037 1571 1118 1614 ook
1151 1570 1323 1613 alzulke
1356 1571 1523 1614 ketters
1560 1572 1604 1613 in
1637 1571 1750 1628 zijne

106 1637 349 1696 kerkelijke
382 1641 605 1697 provincie
637 1642 755 1685 heeft
790 1641 1052 1684 onderzocht
1087 1653 1192 1682 over
1225 1639 1374 1681 hunne
1408 1639 1614 1694 dolingen
1646 1653 1750 1681 aan-

106 1710 274 1765 gaande
310 1710 386 1753 het
422 1711 610 1767 doopsel,
653 1711 731 1754 het
768 1711 950 1754 lichaam
990 1724 1043 1753 en
1081 1710 1158 1752 het
1194 1708 1319 1751 bloed
1357 1709 1431 1751 des
1471 1710 1659 1759 Heeren,
1698 1708 1749 1751 de

106 1780 360 1835 penitentie,
389 1781 465 1823 het
488 1781 715 1838 huweliJ'k‚
740 1796 855 1833 enz.‚
883 1781 1027 1824 zooals
1049 1779 1178 1837 blijkt
1203 1779 1267 1821 uit
1292 1792 1369 1821 een
1394 1778 1562 1830 schrift,
1591 1778 1663 1821 dat
1687 1779 1746 1836 hij

106 1862 189 1893 aan
213 1850 480 1907 Reginaldus
504 1851 684 1908 tegelijk
709 1855 796 1895 met
819 1851 953 1895 dezen
976 1850 1093 1894 brief
1110 1849 1238 1892 zendt
1256 1848 1336 1906 (1).

150 1943 199 1980 R.
223 1944 381 1987 nomine,
408 1943 588 1989 dignitate
614 1948 648 1979 et
673 1945 930 1989 praerogativa
955 1944 1172 1979 meritorum
1198 1942 1377 1987 episcopo,
1406 1942 1588 1977 Gerardus
1615 1941 1752 1977 nullius

106 1999 228 2034 meriti
246 2000 480 2043 coepiscopus
496 1999 673 2043 quidquid
690 2000 735 2034 ad
752 2001 896 2034 beatam
912 1999 1025 2034 vitam
1043 1998 1302 2043 praestantius.

153 2054 244 2089 Cum
273 2055 394 2089 nobile
417 2054 608 2098 ingenium
639 2058 673 2088 et
703 2054 934 2098 prudentiam
962 2058 1119 2089 vestram
1147 2053 1349 2094 considero,
1376 2064 1448 2088 non
1476 2053 1565 2087 adeo
1594 2052 1754 2086 demiror

107 2111 266 2154 potuisse
288 2110 446 2145 nefarios
469 2110 635 2144 homines
658 2110 793 2144 erroris
817 2110 947 2153 spiritu
971 2110 1172 2154 magicatos
1204 2109 1241 2142 in
1264 2109 1424 2151 aliquam
1448 2109 1551 2152 pravi
1574 2108 1754 2152 dogmatis

109 2166 332 2210 conspirasse
361 2166 580 2201 dementiam
599 2179 607 2209 3
649 2167 709 2200 sed
746 2166 790 2199 ad
828 2166 1102 2209 inquisitionem
1134 2169 1290 2199 vestram
1332 2165 1489 2207 qualiter
1525 2164 1753 2198 dissimulare

108 2221 305 2265 potuerint,
333 2226 373 2255 ut
401 2233 464 2255 vos
491 2221 670 2261 fallerent,
696 2221 928 2255 veliementer
955 2224 1097 2263 stupeo.
1129 2221 1222 2253 Nam
1251 2220 1438 2262 quosdam,
1469 2224 1508 2253 ut
1537 2220 1611 2262 ipse
1639 2219 1750 2260 scitis,

108 2275 317 2320 hujusmodi
334 2275 500 2310 homines
515 2275 553 2309 in
571 2275 705 2310 finibus
720 2275 848 2309 vestris
864 2275 1099 2316 cohabitasse,
1117 2275 1211 2309 sicut
1228 2275 1322 2308 veris
1339 2273 1484 2308 indiciis
1501 2273 1753 2317 comprobavi-

109 2343 201 2373 mus,
219 2332 412 2366 retulimus
428 2331 599 2365 charitati
618 2336 773 2366 vestrae.

154 2388 263 2431 Quos,
281 2388 366 2432 quia
383 2392 521 2423 terrore
537 2388 705 2432 supplicii
725 2388 881 2431 speciem
898 2387 1088 2432 religionis
1106 2387 1387 2427 mentiebantur,
1410 2386 1637 2421 indemnatos
1654 2385 1753 2420 velut

110 2442 278 2478 innoxios
314 2442 416 2477 abire
448 2443 677 2486 permisistis·
717 2443 819 2482 Quod
850 2443 997 2486 quidem
1029 2443 1066 2477 in
1100 2443 1173 2476 illis
1204 2442 1387 2476 efficacior
1417 2441 1461 2474 ad
1494 2441 1753 2474 subvertendos

110 2497 292 2542 simplices
314 2510 422 2533 causa
445 2498 602 2541 exstitit3
628 2499 855 2543 simplicibus
879 2502 1000 2533 autem
1025 2498 1250 2541 scrupulum,
1270 2509 1314 2532 ne
1339 2508 1411 2531 non
1433 2496 1631 2530 audiendos
1647 2495 1750 2529 aesti-

111 2558 265 2596 marent,
291 2553 429 2598 injecit,
454 2565 544 2597 quos
573 2566 658 2590 vero
687 2556 854 2589 examine
882 2554 1062 2588 discussos
1093 2553 1275 2594 audirent,
1309 2564 1374 2587 nec
1402 2564 1547 2586 causam
1579 2551 1754 2594 puniendi

111 2608 313 2644 inventam.
336 2609 473 2644 Verum
497 2611 552 2644 illi
570 2621 724 2653 quoque,
743 2611 805 2653 qui
829 2610 928 2644 missi
946 2611 990 2644 ab
1008 2610 1059 2644 eis
1074 2610 1119 2643 ad
1137 2609 1384 2643 seductionem
1401 2607 1609 2651 hujusmodi
1626 2607 1671 2640 ad
1690 2618 1754 2641 nos

112 2665 342 2710 devenerant,
361 2665 614 2710 comprehensi
638 2666 754 2700 multa
769 2665 1059 2700 dissimulatione
1077 2664 1303 2707 renitebant3
1323 2664 1411 2698 adeo
1427 2668 1468 2697 ut
1493 2662 1602 2697 nullis
1618 2662 1752 2705 suppli-

112 2721 179 2756 ciis
201 2724 345 2765 possent
364 2721 446 2766 cogi
471 2721 515 2755 ad
540 2722 822 2765 consessionem
841 2722 955 2757 donec
971 2733 1035 2765 per
1052 2732 1111 2756 eos
1128 2720 1235 2764 ipsos,
1253 2731 1342 2763 quos
1354 2723 1431 2763 jam
1450 2731 1539 2762 pene
1555 2719 1679 2754 eodem
1697 2718 1752 2753 sui

112 2776 246 2812 erroris
272 2777 453 2812 maleficio
481 2777 704 2820 imbuerunt,
736 2778 905 2819 convicti,
930 2777 1078 2812 tandem
1105 2788 1191 2812 suae
1217 2780 1335 2811 sectae
1364 2775 1593 2818 disciplinam
1618 2775 1751 2818 partim

156 2973 202 3017 (1)
225 2974 286 3009 Zie
303 2973 364 3010 het
381 2974 557 3019 volgende
573 2973 675 3008 stuk·
