2097 3466
776 208 908 243 ANNO
936 210 1033 244 1484
1656 210 1718 244 455

837 344 956 390 375.

157 470 294 521 1484,
323 470 567 514 December
598 472 641 522 5,
671 473 825 516 Rome.
864 472 939 514 Bul
978 485 1062 513 van
1096 470 1372 513 Innocentius
1396 470 1498 512 VIII
1531 483 1634 512 over
1668 470 1720 513 de

95 539 296 582 machten
315 539 392 581 der
413 539 692 594 inquisiteurs
717 542 757 584 ir.
782 542 810 584 't
835 540 1039 583 Duitsche
1062 539 1162 596 rijk.
1188 564 1246 569 —
1268 538 1344 581 Om
1367 539 1418 580 de
1451 539 1631 596 tooverij
1666 553 1721 582 en

92 607 168 650 het
191 607 396 663 ongeloof
410 609 471 651 uit
494 611 538 651 te
561 609 705 651 roeien
730 609 814 652 had
837 609 890 652 de
913 621 1018 664 paus
1044 621 1227 663 vroeger
1248 610 1362 649 twee
1385 607 1717 662 predikheeren‚

92 675 288 719 Hendrik
312 676 528 720 Institoris
552 691 604 720 en
629 677 761 721 Jacob
784 678 1002 734 Sprenger
1023 677 1086 720 als
1116 675 1596 732 geloofsonderzoekers
1619 690 1723 719 33η-

92 745 274 801 gesteld,
303 745 354 787 de
377 750 518 789 eerste
543 760 646 788 over
668 747 821 790 zekere
844 750 1066 801 gewesten
1090 759 1174 787 van
1199 744 1492 793 Duitscliland,
1516 745 1720 802 namelijk

92 826 197 856 over
214 813 265 856 de
283 813 666 858 aartsbisilommen
684 815 838 864 Mainz,
856 815 1041 862 Keulen‚
1059 814 1197 860 Trier.
1214 812 1422 867 salzburg
1444 827 1495 855 en
1517 814 1716 864 Bremen,

92 896 144 925 en
169 882 220 925 de
244 883 413 926 tweede
446 897 550 926 over
571 884 726 926 zekere
748 891 971 940 gewesten
991 884 1068 925 ‹ler
1093 882 1369 940 Rijnlanden.
1395 882 1516 924 Maur
1540 883 1590 924 de
1614 896 1718 937 paus

92 948 209 992 heeft
232 963 482 1000 vernomen,
508 951 581 994 dat
605 952 646 994 in
671 952 738 995 die
768 952 945 995 streken
971 952 1022 994 de
1049 951 1222 1008 ketterij
1257 965 1309 993 en
1343 950 1394 992 de
1417 950 1596 1007 tooverij
1625 964 1719 992 ver-

93 1018 404 1076 schrikkelijke
428 1022 776 1076 verwoestingen
802 1021 1056 1064 aanrichten
1085 1033 1138 1061 en
1167 1019 1240 1062 dat
1273 1032 1321 1060 er
1349 1019 1632 1075 geestelijken
1667 1033 1720 1061 en

93 1087 243 1130 leeken
263 1088 486 1143 gevonden
506 1089 700 1139 worden,
725 1090 807 1139 die,
831 1089 975 1132 omdat
997 1089 1048 1131 de
1071 1101 1280 1143 vroegere
1299 1087 1442 1129 bullen
1470 1088 1557 1130 niet
1575 1088 1722 1130 duide-

92 1157 167 1214 lijk
191 1170 358 1213 genoeg
397 1171 561 1209 waren,
589 1159 682 1201 zich
722 1160 810 1202 niet
835 1159 1039 1201 schamen
1074 1158 1148 1200 het
1186 1157 1307 1199 werk
1333 1158 1409 1200 der
1441 1157 1721 1212 inquisiteurs

91 1227 134 1267 te
154 1223 342 1268 beletten
363 1240 415 1268 en
434 1226 554 1269 alzoo
574 1228 667 1270 vele
687 1227 940 1283 schuldigen
962 1226 1208 1283 ongestraft
1232 1227 1365 1269 laten.
1380 1226 1563 1268 Daarom
1580 1226 1653 1268 wil
1672 1226 1723 1268 de

93 1307 197 1348 paus
218 1294 302 1336 alle
328 1295 657 1352 moeilijkheden
680 1296 742 1339 uit
763 1296 843 1338 den
866 1310 964 1352 weg
983 1297 1149 1338 ruimen
1169 1309 1219 1337 en
1240 1308 1320 1337 aan
1341 1295 1444 1337 deze
1468 1295 1622 1337 landen
1648 1295 1723 1338 het

91 1361 497 1417 geloofsonderzoek
555 1364 855 1420 waarborgen,
905 1366 977 1407 dat
1027 1364 1113 1406 hun
1165 1363 1372 1406 toekomt.
1431 1362 1722 1417 Dienvolgens

91 1430 232 1473 zullen
256 1431 307 1473 de
342 1438 453 1474 twee
492 1433 767 1488 inquisitam-s
792 1434 880 1476 hun
904 1433 1021 1476 ambt
1045 1433 1306 1488 ongesto‹·rd
1341 1447 1393 1475 en
1429 1432 1616 1488 volledig
1639 1432 1722 1474 uit-

90 1498 289 1549 oefenen‚
317 1501 570 1558 gezamelijk
593 1502 641 1544 of
657 1503 816 1555 alleen,
844 1506 934 1545 met
957 1502 1188 1558 medehulp
1212 1515 1296 1544 van
1329 1503 1413 1545 ι13η
1435 1501 1646 1557 Gremper
1681 1500 1728 1544 of

91 1581 176 1610 van
200 1582 337 1612 θθηθη
361 1569 551 1613 anderen
575 1572 753 1614 notaris
780 1573 840 1615 De
863 1585 969 1627 paus
992 1570 1165 1614 beveelt
1185 1585 1267 1614 aan
1301 1571 1384 1613 den
1417 1569 1615 1626 bisschop
1639 1583 1723 1612 van

90 1636 387 1694 Straatsburg‚
417 1639 491 1682 dat
522 1639 582 1697 hij
609 1640 660 1683 de
684 1640 965 1697 inquisiteurs
986 1640 1277 1696 krachtdadig
1300 1642 1415 1682 moet
1444 1638 1727 1682 beschermen

91 1719 160 1757 en,
182 1719 258 1750 zoo
281 1707 455 1764 noodig,
482 1708 534 1752 de
555 1709 660 1765 hulp
683 1724 767 1753 van
790 1710 872 1753 den
896 1709 1201 1768 wereldlijken
1219 1723 1313 1752 arm
1335 1708 1560 1764 inroepen.

136 1843 366 1878 Innocentius
391 1843 589 1889 episcopus,
604 1857 727 1880 servus
749 1857 935 1881 servorum
961 1846 1044 1880 Dei.
1062 1846 1117 1881 Ad
1142 1849 1354 1890 perpetuam
1378 1844 1431 1880 rei
1454 1843 1680 1879 memoriam.

136 1900 294 1936 Summis
317 1901 561 1935 desiderantes
585 1901 786 1942 affectibus,
812 1906 919 1946 prout
944 1901 1134 1945 1··a<toralis
1165 1901 1408 1936 solicitudinis
1442 1911 1530 1935 cura
1558 1899 1724 1943 requirit,

91 1959 132 1990 ut
168 1954 252 1991 fidei
280 1955 458 1991 catholica
488 1957 620 1990 nostris
645 1956 830 2000 potissime
853 1956 1077 1999 temporibus
1100 1956 1236 2000 ubique
1263 1961 1442 2001 augeatur
1465 1961 1500 1989 et
1527 1955 1654 1989 floreat
1685 1965 1727 1988 ac

92 2011 210 2046 omnis
224 2011 409 2047 haeretica
422 2011 580 2055 pravitas
597 2011 640 2047 de
658 2012 790 2047 finibus
814 2012 978 2047 fidelium
996 2012 1123 2056 procul
1146 2011 1316 2055 pellatur,
1335 2023 1376 2046 ea
1400 2011 1555 2046 libenter
1571 2009 1728 2044 declara-

93 2078 173 2102 mus
189 2079 231 2102 ac
247 2068 355 2102 etiam
374 2068 417 2103 de
435 2078 528 2102 novo
545 2068 776 2102 concedimus
793 2078 856 2111 per
872 2079 964 2111 quae
981 2067 1188 2112 hujusmodi
1207 2067 1304 2110 pium
1323 2066 1541 2102 desiderium
1567 2069 1728 2100 notrum

93 2121 254 2156 votivum
280 2122 451 2156 sortiatur
469 2123 649 2161 effectum,
669 2122 881 2166 cunctisque
905 2127 1097 2167 propterea
1124 2137 1128 2155 ι
1146 2133 1184 2156 er
1209 2130 1352 2156 nostrae
1369 2122 1589 2165 operationis
1609 2121 1729 2154 winis-

93 2177 238 2216 terium.
256 2189 356 2221 quasi
376 2189 440 2222 per
457 2178 598 2222 providi
615 2178 837 2219 operationis
862 2181 1044 2213 sarculum
1061 2178 1245 2212 elTwI'lbllS
1262 2177 1461 2221 extirpatis,
1473 2177 1630 2220 ejusdem
1644 2175 1728 2209 fidei

93 2233 189 2268 zelus
201 2239 236 2268 et
251 2233 482 2268 observantia
499 2234 535 2267 in
555 2233 715 2277 ipsorum
731 2234 840 2268 corda
858 2234 1020 2268 fidelium
1039 2233 1168 2268 fortius
1186 2233 1434 2276 imprimatur.

139 2288 232 2323 Sane
250 2299 364 2332 nuper
381 2289 424 2322 ad
450 2294 612 2324 nostrum
638 2301 709 2324 non
734 2290 811 2324 sine
838 2290 976 2334 ingenti
1004 2289 1169 2324 molestia
1195 2294 1357 2332 pervenit
1382 2289 1559 2328 auditum,
1577 2287 1671 2330 quod
1690 2286 1728 2321 in

95 2343 282 2378 nonnullis
306 2343 470 2387 partibus
495 2344 703 2379 Alemaniae
738 2345 935 2388 superioris
959 2355 1098 2379 necnon
1132 2345 1168 2378 in
1196 2343 1482 2384 Maeuntinensi,
1509 2340 1728 2382 Coloniensi,

95 2400 315 2441 Trevirensi,
343 2400 676 2445 Saltzumbui-gensi
701 2407 736 2435 et
760 2401 947 2435 Bremensi
983 2399 1192 2444 provinciis,
1233 2398 1454 2437 civitatibus,
1490 2397 1606 2437 terris,
1641 2395 1730 2430 locis

97 2461 132 2492 et
147 2456 350 2491 diocesibus
373 2456 578 2499 complures
602 2456 790 2499 utriusque
815 2467 920 2491 sexus
944 2466 1129 2500 personae,
1156 2454 1325 2498 propriae
1348 2453 1474 2488 salutis
1501 2452 1731 2486 immemores

97 2516 132 2547 et
148 2523 169 2546 a
187 2512 257 2546 fide
281 2511 460 2546 catholica
483 2512 678 2552 deviantes,
697 2523 779 2547 cum
796 2511 1032 2546 daemonibus
1056 2509 1200 2545 incubis
1225 2513 1259 2544 et
1283 2507 1450 2543 succubis
1466 2508 1565 2542 abuti
1591 2518 1633 2541 30
1657 2506 1730 2540 suis

98 2566 408 2602 incantationibus
423 2571 457 2602 et
473 2566 696 2601 carminibus
712 2573 746 2602 et
763 2566 1089 2610 conjurationibus,
1109 2565 1263 2607 aliisque
1282 2563 1458 2605 nefandis,
1473 2561 1730 2607 superstitiosis

98 2627 134 2658 et
159 2622 342 2667 sortilegis
380 2620 593 2662 excessibus,
618 2621 833 2655 criminibus
862 2625 896 2655 et
929 2620 1085 2661 delictis,
1113 2619 1307 2653 mulierum
1340 2623 1476 2662 partus,
1513 2616 1727 2651 animalium

99 2679 226 2721 foetus,
243 2682 360 2713 terrae
387 2678 510 2720 fruges
526 2687 665 2711 necnon
690 2676 866 2717 homines,
885 2676 1068 2716 mulieres,
1087 2686 1229 2719 pecora,
1249 2675 1404 2718 pecudes
1425 2678 1460 2708 et
1484 2673 1555 2707 alia
1579 2672 1730 2707 diverso·

99 2745 179 2768 rum
196 2744 370 2778 generum
389 2731 573 2771 animalia,
592 2730 714 2765 vineas
729 2742 882 2774 quoque,
903 2730 1076 2775 pomeria.
1099 2733 1212 2773 prata,
1240 2741 1383 2772 pascua,
1403 2729 1522 2768 blada,
1549 2729 1729 2762 frumenta

100 2793 134 2824 et
151 2789 221 2822 alia
239 2793 356 2822 terrae
375 2787 561 2831 hgnmina
579 2786 708 2829 perire.
723 2786 892 2820 suffocari
915 2791 949 2820 et
966 2785 1130 2828 extingui
1150 2785 1264 2818 facere.
1280 2789 1315 2818 et
1339 2794 1546 2827 procurare.
1570 2783 1732 2826 ips-osque

100 2843 276 2885 homines,
295 2843 669 2885 muliei·es,jumenta,
697 2852 838 2885 pecora,
866 2841 1020 2884 pecudes
1051 2847 1086 2874 et
1118 2839 1291 2874 animalia
1315 2839 1404 2872 diris
1430 2846 1501 2872 tam
1528 2837 1733 2872 intrinsecis

103 2910 210 2944 quam
225 2898 435 2935 extrinsecis
452 2897 636 2933 doloribus
652 2903 685 2932 et
704 2897 893 2933 tormentis
909 2896 1052 2932 afficere
1069 2899 1104 2931 et
1120 2897 1393 2935 excruciare,ac
1411 2894 1550 2929 eosdem
1568 2893 1731 2928 homines
