2097 3466
814 243 946 280 ANNO
972 246 1072 280 1396
1694 244 1756 277 257

130 340 313 385 hebben.
327 341 510 385 Daarom
528 341 735 397 herroept
753 339 804 383 de
822 354 927 396 paus
945 341 1029 383 alle
1052 339 1283 397 mogelijke
1301 340 1590 396 apostolische
1611 341 1752 392 acten,

129 409 309 467 waarbij
336 409 388 452 de
411 410 656 453 voornielde
673 409 841 452 ketters
860 409 903 451 in
925 407 1227 463 bescherming
1249 407 1428 450 werden
1447 421 1674 464 genomen,
1701 420 1757 450 en

127 479 269 523 levert
290 492 339 522 ze
361 492 465 522 over
486 493 569 522 aan
591 479 644 522 de
665 478 980 534 vervolgingen
998 477 1076 520 der
1099 476 1398 533 inquisiteurs.

173 602 384 639 Bonifacius
398 602 598 648 episcopus,
617 614 740 639 servus
757 613 944 638 servorum
961 601 1038 643 Dei,
1057 601 1103 636 ad
1119 603 1330 645 perpetuam
1346 599 1399 636 rei
1423 599 1650 636 memoriam.

172 659 274 695 Sedis
290 659 506 704 apostolicae
523 658 749 703 providentia
766 656 1246 701 circumspecta'haereticae
1263 656 1452 700 pravitatis
1474 656 1555 691 labe
1572 655 1754 700 respersis,

128 726 282 759 quorum
298 714 459 758 nequitia
481 715 592 759 serpit
614 718 655 750 ut
678 726 818 755 cancer,
838 726 882 749 ne
907 713 945 748 in
972 712 1128 748 aliorum
1153 712 1351 757 perniciem
1379 724 1444 748 sua
1471 724 1609 748 venena
1629 712 1759 747 diffun-

126 769 226 812 dant,
257 770 457 805 remedium
488 770 644 805 libenter
678 769 826 805 adhibet
855 771 1110 813 opportunum.
1146 769 1236 803 Cum
1269 767 1403 812 itaque,
1437 767 1532 803 sicut
1562 779 1627 812 pro
1660 771 1761 812 parte

125 824 341 860 dilectorum
358 825 516 860 filiorum
541 824 792 859 universorum
817 823 1071 868 inquisitorum
1095 823 1298 858 haereticae
1326 823 1514 867 pravitatis
1544 823 1759 859 auctoritate

125 880 322 924 apostolica
352 891 416 924 per
446 880 698 915 Alemanniam
726 880 979 923 deputatorum
1007 878 1229 922 propositum
1260 878 1379 913 extitit
1413 890 1535 913 eoram
1575 878 1689 920 nobis,
1721 879 1759 913 in

125 935 288 979 partibus
304 935 376 971 illis
392 935 464 971 sint
480 935 675 970 nonnullae
691 938 809 969 sectae
826 933 1012 977 utriusque
1029 945 1133 968 sexus
1149 932 1350 974 hominum,
1365 934 1476 978 vulgo
1491 933 1685 978 Beyhardi
1697 945 1759 968 seu

124 989 304 1024 Lullardz'
319 993 354 1026 et
370 991 626 1032 Zwestriones,
653 1001 675 1024 a
698 1001 735 1024 se
753 989 839 1033 ipsis
854 1000 939 1023 vero
957 989 1139 1032 Pauperes
1166 987 1310 1031 pueruli
1328 987 1515 1029 nominati,
1535 999 1597 1032 qui
1614 987 1653 1022 in
1677 999 1758 1022 con-

124 1047 277 1080 temtum
290 1045 447 1080 clavium
461 1047 587 1080 contra
597 1044 878 1089 prohibitionem
891 1054 1077 1078 sacrorum
1091 1054 1270 1077 canonum
1283 1044 1318 1077 et
1330 1042 1534 1084 sententias,
1546 1042 1758 1086 praesertim

125 1102 252 1135 contra
267 1100 559 1135 constitutionem
578 1099 693 1135 felicis
717 1097 977 1134 reeordationis
1000 1097 1176 1133 Johannis
1199 1108 1313 1142 papae
1336 1097 1446 1132 XXII
1479 1096 1760 1141 praedecessoris

125 1154 252 1197 nostri,
278 1166 369 1199 quae
397 1155 549 1199 incipit:
583 1154 716 1189 Sancta
746 1165 897 1189 romana
927 1153 1079 1188 ecclesia
1109 1155 1177 1188 etc.
1210 1156 1278 1187 etc.
1313 1163 1446 1187 novum
1476 1151 1666 1196 religionis
1697 1163 1759 1187 seu

125 1211 347 1246 conformem
370 1211 535 1246 habitum
566 1221 759 1251 assumere,
790 1208 1088 1253 congregationes
1119 1211 1154 1243 et
1178 1208 1432 1243 conventicula
1455 1207 1584 1249 facere,
1603 1206 1642 1242 in
1667 1218 1759 1241 com-

124 1265 227 1300 muni
249 1265 425 1307 habitare,
446 1265 659 1310 superiores
693 1276 780 1309 quos
808 1267 1060 1308 procuratores
1091 1264 1148 1298 vel
1175 1275 1296 1298 servos
1324 1264 1480 1298 fratrum
1504 1265 1567 1298 aut
1593 1262 1757 1297 Marthas

124 1333 288 1357 sororum
305 1325 527 1366 nuncupant,
543 1322 608 1356 sub
625 1321 711 1365 ipsis
728 1321 864 1365 eligere
879 1323 915 1356 et
931 1320 1074 1364 publice
1089 1319 1271 1364 gregatim
1286 1319 1493 1355 mendicare
1509 1322 1755 1364 praesumunt,

123 1377 190 1412 sub
207 1388 361 1421 quorum
377 1377 487 1413 etiam
502 1377 629 1412 habitu
646 1379 682 1412 et
708 1377 781 1411 ritu
810 1375 955 1411 vivendi
978 1378 1062 1410 ante
1085 1378 1230 1410 centum
1255 1387 1368 1410 annos
1391 1386 1504 1418 usque
1527 1374 1567 1409 in
1591 1386 1755 1419 praesen-

123 1431 258 1467 tiarum
275 1444 415 1476 semper
437 1432 601 1468 haereses
625 1434 661 1467 et
683 1430 857 1467 haeretiei
886 1430 1082 1472 latitarent,
1102 1433 1137 1465 et
1167 1431 1212 1465 ob
1244 1430 1282 1465 id
1308 1430 1347 1465 in
1374 1429 1525 1464 diversis
1549 1429 1757 1466 civitatibus

123 1487 282 1530 partium
306 1487 574 1532 praedictarum
602 1487 677 1522 fere
701 1486 854 1531 singulis
881 1485 985 1521 annis
1001 1486 1045 1521 de
1069 1485 1279 1530 hujusmodi
1296 1485 1401 1520 sectis
1417 1486 1538 1530 plures
1554 1486 1756 1530 pertinaces

118 1541 345 1586 judicialiter
377 1544 674 1584 concremantnr3
707 1544 743 1576 et
773 1543 963 1585 propterea
994 1540 1075 1584 piae
1105 1539 1301 1575 memoriae
1329 1540 1497 1575 Urbanus
1536 1541 1683 1585 quintus
1721 1544 1755 1577 et

125 1597 321 1641 Gregorius
343 1597 556 1633 undecimus
571 1608 614 1631 ac
637 1597 757 1641 plures
774 1595 838 1631 alii
869 1596 1026 1631 Romani
1056 1595 1242 1639 pontifices
1264 1596 1553 1639 praedecessores
1580 1596 1694 1631 nostri
1710 1608 1753 1631 ac

123 1650 232 1686 etiam
270 1652 390 1687 clarae
422 1652 618 1688 memoriae
658 1653 807 1688 Carolus
843 1655 993 1696 quartus
1024 1652 1274 1687 Romanorum
1311 1651 1508 1695 imperator
1546 1652 1754 1698 hujusmodi

121 1716 373 1750 perversarum
397 1708 720 1753 congregationum
737 1718 862 1752 vepres
877 1708 921 1742 de
937 1719 1027 1752 agro
1045 1706 1235 1742 Dominiea
1251 1707 1392 1751 penitus
1408 1707 1590 1751 extirpare
1605 1707 1750 1751 cupien-

119 1763 172 1797 tes
200 1763 316 1798 multa
342 1766 475 1799 statuta
498 1775 563 1808 pro
590 1763 838 1808 Inquisitionis
862 1763 980 1798 officio
1008 1766 1043 1798 et
1065 1763 1332 1799 commissiones
1354 1775 1436 1798 cum
1460 1763 1612 1799 diversis
1635 1765 1752 1800 muni-

119 1817 250 1852 mentis
265 1817 542 1862 inquisitoribus
557 1819 644 1864 ipsis
659 1821 786 1854 eontra
801 1818 1009 1863 hujusmodi
1024 1819 1226 1854 haereticos
1241 1818 1442 1854 ediderunt.

165 1873 255 1908 Cum
279 1876 412 1916 autem,
446 1874 539 1910 sicut
562 1874 671 1910 etiam
695 1874 909 1919 accepimus,
936 1873 1144 1918 hujusmodi
1175 1873 1359 1919 Beghardi
1390 1886 1451 1909 seu
1476 1873 1654 1909 Lulhardi
1686 1886 1748 1910 seu

119 1926 354 1964 Zwestriones
369 1929 655 1973 exemptionibus
678 1932 714 1964 et
738 1928 1028 1964 concessionibus
1050 1939 1072 1962 a
1095 1929 1176 1963 sede
1201 1929 1363 1972 praefata
1374 1929 1514 1972 jactent
1541 1939 1577 1963 se
1589 1927 1746 1971 fulcitos,

119 1983 262 2026 quaein
278 1984 542 2029 praejudicium
559 1985 642 2020 fidei
667 1987 703 2020 et
728 1987 872 2019 sanctae
900 1983 1087 2019 Romanae
1110 1984 1282 2019 ecclesiae
1307 1995 1457 2028 vergere
1484 1983 1746 2028 dinoscuntur;

117 2047 182 2072 nos
198 2037 322 2082 igitur,
343 2051 497 2083 quorum
521 2040 669 2075 interest
695 2052 803 2084 super
830 2040 900 2074 hoc
930 2039 1124 2074 salubriter
1151 2040 1351 2083 providere,
1378 2040 1538 2074 volentes
1565 2050 1689 2074 omnes
1713 2043 1748 2075 et

117 2091 278 2136 singulas
293 2093 535 2137 exemptiones
551 2098 585 2129 et
602 2093 846 2129 concessiones
863 2094 1069 2138 hujusmodi
1094 2094 1226 2129 eisdem
1251 2094 1454 2138 Beghardis
1477 2107 1539 2130 seu
1566 2098 1747 2133 Lullardis

117 2150 153 2181 et
182 2147 461 2183 Zwestrionibus
485 2152 548 2184 aut
574 2160 699 2183 eorum
727 2148 837 2183 alicui
868 2149 924 2183 vel
946 2148 1128 2192 aliquibus
1159 2148 1197 2182 in
1225 2149 1490 2193 praejudicium
1517 2151 1602 2186 fidei
1629 2152 1748 2187 ortho-

116 2202 231 2238 doxae
256 2206 292 2238 et
320 2204 438 2239 dictae
469 2203 654 2239 Romanae
687 2204 859 2239 ecclesiae
890 2215 953 2248 per
992 2215 1055 2238 nos
1094 2204 1150 2238 vel
1186 2216 1418 2248 quoscunque
1456 2207 1747 2249 praedecessores

116 2261 256 2294 nostros
272 2259 452 2294 Romanos
480 2261 665 2304 pontifices
689 2260 726 2294 in
750 2271 881 2305 genere
906 2260 962 2294 vel
986 2260 1024 2294 in
1048 2260 1165 2304 specie
1188 2261 1254 2294 sub
1279 2272 1494 2305 quacunque
1519 2263 1747 2307 expressione

115 2314 309 2349 verborum
326 2315 446 2350 forsan
463 2316 575 2351 factas
591 2328 634 2350 ex
650 2319 749 2350 certa
769 2315 931 2356 scientia,
959 2315 1174 2350 auctoritate
1197 2316 1394 2360 apostolica
1423 2320 1546 2353 tenore
1579 2331 1744 2363 praesen-

115 2368 207 2404 tium
223 2370 365 2414 penitus
381 2382 602 2412 revocamus,
621 2383 663 2406 ac
679 2371 844 2405 volumus
863 2371 957 2414 quod
974 2371 1180 2414 hujusmodi
1211 2371 1393 2415 Beghardi
1426 2383 1487 2406 seu
1518 2373 1681 2409 Lullardi
1711 2377 1746 2410 et

114 2424 361 2467 Zwestriones‚
379 2437 594 2469 quocunque
611 2426 719 2460 etiam
744 2426 888 2461 nomine
916 2429 1181 2469 nuncupentur,
1201 2425 1239 2460 in
1267 2429 1302 2461 et
1332 2438 1440 2470 super
1471 2427 1679 2463 haeresibus
1707 2433 1743 2464 ct

114 2479 386 2524 quibuscunque
402 2481 483 2515 aliis
498 2481 682 2516 erroribus
699 2480 781 2515 fidei
800 2484 835 2515 ct
849 2481 1021 2516 ecclcsiae
1037 2481 1265 2525 supradictae
1281 2482 1473 2516 contrariis
1497 2485 1682 2519 conveniri
1708 2489 1742 2520 et

113 2545 177 2578 per
210 2535 440 2580 inquisitores
477 2536 684 2581 hujusmodi
719 2540 921 2580 praesentes
952 2540 987 2571 et
1018 2541 1176 2579 posteros
1201 2538 1309 2580 juxta
1340 2537 1493 2572 sormam
1526 2550 1590 2582 per
1623 2540 1739 2576 dictos

113 2590 400 2633 praedecessores
431 2595 568 2626 nostros
598 2595 634 2626 et
666 2591 840 2625 Karolum
871 2591 1073 2635 praefatum
1101 2591 1153 2626 eis
1183 2591 1353 2626 traditam
1387 2592 1508 2636 puniri
1539 2595 1676 2637 possint
1707 2599 1744 2631 et

112 2643 276 2686 debeant,
308 2646 595 2690 exemptionibus
631 2648 667 2680 et
701 2645 989 2680 concessionibus
1023 2646 1229 2690 hujusmodi
1257 2650 1293 2682 ct
1319 2647 1401 2682 aliis
1437 2649 1629 2684 contrariis
1668 2661 1740 2686 non

114 2699 338 2735 obstantibus
354 2701 639 2745 quibuscunque.
659 2700 760 2735 Nulli
777 2712 864 2746 ergo
881 2701 1028 2736 omnino
1044 2704 1112 2736 ete.

156 2753 289 2790 Datum
305 2758 336 2791 2.
355 2756 428 2791 kal.
448 2756 475 2791 F
478 2758 568 2797 ebr.,
586 2767 681 2790 anno
697 2759 795 2791 sexto
810 2755 1039 2800 pontificatus
1057 2756 1181 2791 nostri.

459 2833 649 2875 Mosheim,
665 2833 731 2868 blz.
748 2835 810 2869 409
825 2845 871 2869 en
887 2835 961 2869 410.

1579 2993 1620 3027 17
