2097 3466
346 261 406 294 154
948 256 1080 291 ANNO
1106 258 1217 298 1309,
1246 259 1344 292 1310

347 352 505 394 tempore
521 359 642 384 coram
666 349 768 384 nobis
795 360 939 385 causam
963 349 1214 384 rationabilem
1243 350 1463 386 ostenderint
1486 362 1597 396 quare
1626 351 1663 387 id
1687 353 1806 389 facere
1819 352 1968 390 minime

347 407 548 438 teneantur.
569 403 672 444 Quod
684 404 713 438 si
725 404 1106 439 excommunicationis
1121 404 1334 440 sententiam
1353 417 1417 449 per
1432 405 1522 440 alios
1537 406 1741 450 quindecim
1758 407 1833 443 dies
1847 408 1969 444 imme-

347 458 441 492 diate
459 462 644 502 sequentes
659 459 780 494 animo
803 459 1039 494 sustinuerint
1069 459 1250 500 indurato,
1283 463 1408 495 contra
1439 460 1533 504 ipsos
1563 464 1734 505 tanquam
1761 462 1805 497 de
1826 461 1968 498 haeresi

346 517 526 557 suspectos
541 513 778 556 spiritualiter
801 518 835 548 ct
857 514 1103 557 temporaliter
1126 514 1377 558 procedemus;
1396 515 1460 549 sub
1484 515 1594 550 simili
1621 527 1736 560 poena
1758 517 1968 553 mandantes

345 573 379 604 et
410 569 570 604 districte
597 569 833 613 precipientes
865 569 1031 603 omnibus
1054 572 1089 604 et
1116 569 1268 613 singulis
1295 570 1476 613 praelatis,
1507 571 1740 606 ecclesiarum
1768 572 1967 608 rectoribus

344 636 540 668 eorumque
570 624 715 658 vicariis
743 628 884 659 nostrae
913 623 1069 659 civitatis
1095 627 1131 659 et
1158 624 1341 666 dioecesis,
1372 628 1546 669 quatenus
1578 625 1671 670 ipsos
1702 627 1909 671 Beggardos
1931 630 1968 664 et·

347 679 554 723 Beggardas
569 690 610 713 ac
628 679 688 723 qui
714 690 750 713 se
767 679 953 722 Apostolos
977 679 1135 722 apellant
1162 678 1201 712 in
1221 678 1295 712 suis
1318 679 1476 714 ecclesiis
1492 680 1819 715 excommunicatos
1834 683 1967 717 extunc

345 734 486 777 publice
509 734 727 769 denuncient
751 738 824 769 tam
840 734 901 768 diu
919 734 1032 768 donce
1055 745 1159 767 suum
1185 736 1480 778 recognoscentes
1507 746 1689 770 excessum
1716 735 1761 770 ad
1787 735 1966 780 gremium

345 791 488 823 sanctae
511 788 636 823 matris
659 788 830 823 ecclesiae
851 791 1078 823 revertantur
1103 791 1150 829 et,
1170 788 1255 829 Deo,
1273 788 1375 823 nobis
1401 793 1437 823 et
1463 789 1633 824 eeclesiae
1660 789 1840 835 condigna
1865 790 1965 826 satis-

347 842 501 877 factione
517 842 688 887 impensa,
707 854 728 877 a
744 842 845 877 nobis
862 845 1069 877 mereantur
1085 842 1319 877 absolutionis
1332 842 1546 877 beneficium
1559 843 1725 878 obtineri.

756 920 825 954 III.
847 919 981 954 Contra
997 918 1198 953 haereticos
1217 921 1410 964 utriusque
1431 930 1552 954 sexus.

390 991 484 1033 Quia
499 1003 583 1026 vero
601 992 680 1035 plus
696 991 785 1026 solet
801 991 920 1026 timeri
937 991 1033 1034 quod
1049 990 1253 1034 specialiter
1270 990 1502 1026 interdicitur
1516 1002 1623 1035 quam
1640 991 1734 1035 quod
1749 991 1966 1037 generaliter

349 1045 559 1089 imperatur,
593 1045 943 1080 excommunicamus
977 1049 1012 1080 et
1040 1045 1382 1080 anathematizamus
1407 1056 1529 1080 omnes
1554 1045 1754 1082 haereticos
1778 1046 1965 1091 utriusque

347 1113 450 1136 sexus
465 1104 499 1136 et
515 1101 576 1145 qui
593 1101 644 1135 eis
660 1101 823 1135 dederint
839 1101 1041 1141 consilium,
1059 1100 1235 1135 auxilium
1252 1101 1310 1135 vel
1325 1101 1495 1142 favorem,
1513 1101 1655 1145 publice
1669 1102 1726 1136 vel
1741 1102 1890 1144 occulte,
1907 1103 1965 1138 vel

347 1155 408 1199 qui
421 1155 527 1190 aliter
542 1156 585 1190 de
601 1156 681 1196 fide,
700 1155 864 1190 articulis
889 1155 984 1197 fidei,
1003 1155 1254 1190 ecclesiasticis
1277 1154 1508 1189 sacramentis
1523 1158 1559 1190 et
1575 1155 1803 1191 matrimonio
1817 1156 1962 1199 sentire,

345 1212 552 1256 praedicare
565 1212 621 1247 vel
637 1212 763 1246 docere
780 1211 1083 1255 praesumpserint
1103 1222 1210 1255 quam
1227 1213 1355 1252 servat,
1374 1210 1477 1245 docet
1492 1213 1527 1246 et
1542 1211 1726 1255 praedicat
1739 1214 1965 1248 sacrosancta

346 1267 510 1302 Romana
525 1266 676 1302 ecclesia
691 1270 806 1302 mater
822 1266 983 1300 omnium
1000 1265 1159 1300 fidelium
1176 1268 1211 1300 et
1226 1265 1411 1310 magistra.

391 1350 398 1356 .
417 1350 423 1356 .
445 1350 452 1356 .
475 1350 481 1356 .
498 1323 627 1357 Lectae
642 1325 678 1356 et
693 1321 896 1365 publicatae
909 1324 991 1355 sunt
1007 1321 1075 1355 hae
1088 1320 1359 1356 constitutiones
1372 1320 1463 1356 feria
1478 1320 1633 1357 secunda
1647 1323 1726 1365 post
1738 1319 1962 1357 Dominicam

348 1378 545 1419 Invocat-it,
563 1388 657 1412 anno
675 1376 819 1411 Domini
835 1376 1026 1411 millesimo
1041 1375 1290 1411 trecentesimo
1305 1379 1415 1411 sexto.

673 1447 892 1489 Hartzheim,
915 1447 1079 1482 eoncilia
1098 1447 1333 1489 Germaniae,
1351 1447 1431 1484 deel
1442 1447 1504 1491 IV,
1522 1448 1588 1484 blz.
1609 1449 1753 1484 llo-102
1765 1458 1811 1484 en
1827 1449 1901 1485 106.
1918 1462 1962 1474 -

733 1503 884 1539 Ontleed
900 1502 948 1548 bij
963 1502 1152 1544 Mosheim,
1169 1503 1234 1537 blz.
1253 1505 1404 1539 210-218.

1097 1636 1212 1680 162.

403 1766 541 1818 1309,
567 1767 888 1822 Heneyouwen
913 1777 968 1808 en
990 1764 1211 1808 Brabant.
1237 1765 1296 1807 De
1318 1763 1604 1821 gelijktijdige
1625 1763 1959 1822 kronijksohrij-

340 1849 416 1877 ver
447 1848 501 1878 en
532 1834 760 1878 kanunnik
790 1835 873 1877 Jan
907 1832 1318 1891 Hoesem(†1348)
1343 1833 1527 1889 getuigt‚
1555 1833 1627 1876 dat
1660 1832 1813 1876 enkele
1845 1833 1959 1876 edel-

336 1917 544 1946 vrouwen
583 1904 626 1946 in
665 1903 731 1946 die
766 1908 881 1946 twee
917 1906 1139 1958 gewesten
1177 1902 1272 1944 zich
1309 1903 1413 1944 door
1450 1901 1759 1944 rondreizende
1791 1901 1957 1946 ketters

335 1972 601 2029 (Lollarden)
635 1973 763 2014 lieten
799 1971 1033 2022 verleiden‚
1077 1970 1271 2013 dewelke
1307 1970 1565 2013 beweerden
1598 1971 1672 2014 dat
1706 1971 1759 2028 zij
1793 1970 1837 2013 in
1874 1970 1958 2014 den

334 2041 760 2097 Guldensporenslag
787 2043 830 2082 te
862 2040 1060 2096 Kortrijk
1085 2039 1239 2098 (1303)
1272 2039 1364 2082 niet
1399 2039 1506 2081 dood
1547 2038 1755 2096 gebleven
1786 2052 1953 2092 waren,

334 2110 478 2152 zooals
501 2124 595 2153 men
620 2109 806 2166 gedacht
828 2109 928 2152 had.

381 2219 514 2253 Eodem
531 2229 624 2253 anno
641 2219 750 2261 (1309)
767 2217 912 2262 quidam
933 2216 1142 2261 hypocritae
1166 2216 1356 2262 gyrouagi,
1375 2217 1436 2261 qui
1461 2217 1620 2252 Lollardi
1643 2217 1721 2253 siue
1744 2217 1858 2253 Deum
1879 2218 1956 2253 lau-

337 2274 461 2308 dantes
489 2274 721 2315 vocabantur,
752 2284 816 2316 per
842 2271 1072 2307 Hannoniam
1100 2274 1135 2306 et
1162 2272 1395 2306 Brabantiam
1428 2272 1598 2316 quasdam
1625 2272 1794 2307 mulieres
1820 2272 1957 2308 nobiles

337 2329 565 2372 deceperunt,
584 2328 645 2372 qui
667 2328 831 2372 negando
848 2330 968 2361 tamen
991 2337 1055 2370 per
1071 2326 1245 2369 quaedam
1261 2326 1366 2370 signa
1381 2327 1474 2361 elam
1491 2338 1528 2361 se
1549 2327 1626 2361 fore
1641 2326 1778 2362 nobiles
1792 2326 1955 2372 designa·

337 2385 434 2426 bant,
460 2387 495 2419 et
517 2384 568 2419 eis
590 2383 727 2428 imponi
751 2382 929 2417 cautelose
953 2384 1150 2426 procurant
1172 2381 1267 2425 quod
1291 2381 1492 2425 periculum
1515 2381 1599 2416 belli
1624 2382 1719 2426 apud
1742 2382 1955 2417 Curtracum

337 2442 537 2481 euaserant,
556 2442 591 2474 et
613 2439 693 2473 ideo
716 2440 803 2473 tunc
820 2438 893 2472 Deo
909 2436 1091 2472 vonissent
1113 2437 1207 2480 quod
1223 2447 1287 2480 per
1303 2436 1526 2480 septennium
1542 2436 1765 2481 poeniterent
1776 2438 1812 2472 et
1825 2435 1877 2472 sic
1891 2447 1956 2481 per

335 2492 489 2537 patriam
505 2493 704 2529 exularent.

682 2558 837 2602 KroniJk
853 2569 923 2593 van
939 2557 1119 2593 Johannes
1145 2557 1308 2599 Hoesem,
1334 2558 1382 2601 bij
1409 2556 1648 2601 Chapeaville,
1677 2556 1786 2593 Gesta
1801 2556 1955 2602 pontifi-

721 2626 804 2648 cum
821 2613 1094 2655 Leodz'ensz‘um,
1113 2612 1192 2648 deel
1213 2613 1258 2656 11,
1277 2613 1343 2648 blz.
1362 2615 1438 2649 350.
1463 2611 1710 2657 (Gedeeltelijk
1731 2611 1956 2658 aangehaald

718 2670 767 2714 bij
786 2668 975 2711 Mosheim,
994 2669 1061 2704 blz.
1079 2670 1165 2711 240).

1083 2796 1200 2840 163.

398 2925 535 2977 1310,
562 2924 701 2982 April
732 2923 809 2977 28,
841 2924 985 2968 Trier.
1022 2923 1287 2967 Uittreksels
1324 2922 1387 2966 uit
1428 2921 1480 2965 de
1521 2921 1727 2980 synodale
1762 2923 1955 2966 statuten
