2097 3466
293 251 336 285 30
968 247 1111 284 ἈΝΝΟ
1141 249 1245 284 1135

291 352 357 386 pro
374 341 602 386 symoniacae
614 341 802 378 haereseos
819 341 1074 386 dampnatione
1098 345 1133 377 et
1155 341 1357 378 catholicae
1370 340 1454 377 fidei
1472 341 1680 377 defensione
1695 341 1739 377 ab
1753 340 1928 378 ecclesiae

294 397 583 441 persecutoribus
599 401 634 432 et
650 396 806 432 maxime
820 408 841 431 a
857 399 948 433 duce
963 397 1180 432 Lovaniensi
1199 397 1394 433 Godefrido
1411 407 1551 441 passus.

642 467 805 502 Annales
818 479 850 502 s.
859 468 987 503 Jacobi
1000 468 1231 514 Leodiensis,
1242 469 1290 513 bij
1308 468 1425 509 Pertz,
1437 468 1692 512 Monumenta,
1708 467 1922 513 Scriptores,

688 524 766 559 deel
783 523 882 567 XVI,
901 525 972 559 blz.
995 526 1077 560 640.

1069 641 1154 686 25.

361 755 498 808 1135,
517 755 655 800 Luik.
676 757 916 801 Uittreksel
936 757 997 800 uit
1015 757 1067 800 de
1084 758 1289 801 Annales
1307 757 1558 814 Αᾳαεηεεε,
1574 757 1762 802 waaruit
1778 756 1922 815 blijkt‚

296 823 370 866 dat
393 838 504 876 men,
533 825 692 883 tijdens
716 839 820 869 eene
850 825 1251 883 kerkvergadering
1275 830 1318 870 te
1342 827 1450 870 Luik
1481 826 1723 884 gehouden‚
1759 826 1927 871 ketters

296 893 517 947 ontdekte‚
540 907 748 939 waarvan
776 892 854 938 een
878 896 1033 939 levend
1067 896 1186 939 werd
1209 895 1443 940 verbrand.

338 991 444 1026 Anno
464 992 560 1032 1135,
577 991 617 1027 in
633 992 788 1028 concilio
807 992 1009 1035 Leodiensi,
1029 993 1184 1029 heretici
1195 993 1412 1038 deprehensi
1428 996 1523 1036 sunt,
1541 1004 1697 1038 quorum
1713 1003 1808 1029 unus
1823 991 1928 1028 vivus

297 1051 349 1083 est
365 1047 584 1083 combustus.

643 1103 809 1138 Annales
824 1104 1023 1149 Aquenses,
1033 1106 1082 1148 bij
1102 1105 1220 1147 Pertz,
1233 1105 1486 1146 Momcmenta‚
1501 1105 1716 1149 Scriptores,
1734 1104 1814 1139 deel
1825 1102 1925 1145 XVI,

686 1159 752 1194 blz.
771 1161 847 1201 685,
868 1159 1095 1204 aangehaald
1126 1161 1173 1204 bij
1203 1160 1310 1195 Ferd.
1330 1160 1494 1202 Henaux,
1514 1160 1680 1195 Histoire
1695 1159 1747 1194 du
1762 1159 1866 1204 Pays
1883 1157 1929 1193 de

690 1214 814 1259 Lieqe,
833 1217 871 1250 3Θ
887 1216 1047 1259 uitgave,
1063 1215 1143 1251 deel
1159 1216 1187 1258 1,
1205 1216 1271 1252 blz.
1291 1218 1354 1253 201
1371 1219 1475 1252 noot.

1070 1334 1157 1380 26.

357 1448 493 1498 1135,
520 1447 657 1493 Luik.
685 1450 923 1494 Uittreksel
957 1450 1023 1494 uit
1055 1450 1107 1494 de
1141 1450 1343 1494 Annales
1370 1448 1602 1493 Rodenses
1625 1462 1730 1492 over
1761 1449 1931 1493 ketters

295 1517 443 1560 aldaar
475 1518 671 1571 ontdekt,
700 1534 908 1563 waarvan
942 1518 1021 1563 een
1058 1519 1275 1563 verbrand
1309 1519 1446 1571 werd,
1481 1522 1596 1562 twee
1631 1518 1727 1561 zich
1759 1522 1847 1563 met
1880 1519 1933 1562 de

293 1588 415 1630 Kerk
437 1589 708 1632 verzoenden
744 1604 797 1632 en
833 1590 884 1633 de
917 1590 1108 1633 anderen
1137 1591 1179 1633 in
1202 1591 1253 1633 de
1276 1588 1543 1646 nachtelijke
1577 1588 1812 1632 duisternis
1834 1590 1932 1631 ont-

294 1659 494 1712 snapten,
521 1658 652 1701 nadat
685 1658 762 1701 het
785 1659 888 1701 volk
913 1673 961 1701 ze
985 1659 1071 1702 had
1094 1658 1243 1701 willen
1266 1659 1509 1714 steenigen.
1537 1683 1594 1689 —
1616 1657 1773 1700 Hunne
1795 1657 1933 1701 dolin-

293 1739 378 1781 gen
400 1725 611 1770 betroffen
635 1728 710 1771 het
729 1728 953 1785 huwelijk‚
975 1729 1053 1772 het
1070 1728 1244 1785 doopsel
1269 1728 1346 1781 der
1362 1727 1573 1771 kinderen
1594 1740 1649 1770 en
1664 1725 1717 1769 de
1738 1725 1932 1784 gebeden

293 1794 370 1838 der
393 1797 606 1840 levenden
631 1811 738 1840 voor
760 1798 812 1840 de
835 1797 1017 1841 dooden.

335 1888 442 1923 Anno
473 1888 662 1925 Dominice
694 1888 959 1924 incarnationis
985 1889 1180 1925 millesimo
1209 1888 1406 1924 centesimo
1431 1886 1575 1922 XXXV
1603 1884 1934 1930 deprehensi-sunt

292 1943 444 1978 heretici
476 1944 602 1979 Leodii
634 1946 700 1979 sub
730 1945 849 1989 specie
870 1945 1060 1990 religionis
1092 1945 1271 1980 catholice
1306 1949 1341 1980 et
1371 1944 1498 1979 habitu
1531 1942 1731 1987 spiritualis
1763 1941 1850 1983 vite,
1869 1939 1933 1984 qui

291 1999 496 2043 legitimum
521 2001 702 2044 negabant
726 2002 949 2036 connubium
974 2006 1009 2036 et
1031 2001 1241 2036 communia
1265 2000 1395 2035 debere
1418 1999 1628 2035 astruebant
1646 2009 1720 2033 esse
1741 1995 1925 2031 consortia

291 2055 510 2090 feminarum
550 2064 585 2091 et
622 2057 799 2100 baptismo
827 2057 1123 2092 contradicebant
1160 2057 1398 2101 parvulorum
1415 2060 1451 2091 et
1482 2054 1711 2090 affirmabant
1749 2052 1929 2088 orationes

292 2111 458 2145 vivorum
483 2111 598 2145 nichil
623 2111 812 2147 animabus
836 2113 1002 2147 conferre
1025 2113 1293 2147 defunctorum.
1314 2111 1385 2152 Qui
1410 2121 1571 2146 errorem
1587 2120 1671 2144 cum
1696 2119 1771 2143 non
1787 2111 1933 2152 possent

298 2177 446 2208 negare,
464 2167 580 2200 voluit
604 2179 663 2201 eos
679 2167 833 2210 populus
857 2167 1037 2211 lapidare3
1055 2168 1152 2202 unde
1169 2171 1270 2202 tanto
1286 2166 1447 2211 percussi
1470 2166 1601 2200 timore
1624 2163 1737 2207 elapsi
1758 2166 1843 2198 sunt
1866 2163 1932 2198 sub

294 2224 471 2255 nocturna
485 2220 656 2264 caligine,
674 2221 735 2255 sed
752 2221 791 2256 in
807 2220 964 2256 vinculis
979 2222 1097 2256 tribus
1114 2233 1241 2257 eorum
1258 2221 1414 2256 detentis
1429 2232 1523 2256 unus
1538 2219 1744 2255 combustus
1760 2222 1813 2254 est
1829 2217 1930 2263 igne,

295 2274 428 2318 reliqui
443 2276 513 2310 duo
526 2276 763 2311 reddiderunt
777 2288 812 2311 se
829 2276 980 2311 ecclesie
992 2288 1074 2311 cum
1092 2277 1177 2311 fidei
1193 2276 1430 2320 professione.

639 2342 803 2377 Annales
827 2342 1025 2386 Rodenses,
1043 2343 1092 2386 bij
1123 2343 1246 2385 Ernst,
1263 2342 1429 2377 Histoire
1445 2341 1496 2376 du
1513 2339 1730 2385 Limboury,
1749 2339 1829 2376 deel
1844 2338 1926 2382 V11,

689 2398 756 2434 blz.
775 2401 829 2435 45.

1073 2464 1158 2511 2¹7.

362 2581 496 2632 1135,
533 2582 660 2626 Trier
692 2566 747 2626 en
787 2584 979 2627 Utrecht.
1010 2583 1203 2639 Volgens
1239 2596 1343 2626 eene
1376 2583 1604 2627 Saksische
1638 2583 1816 2640 kronijk
1849 2597 1929 2627 zou

298 2649 443 2693 keizer
476 2652 705 2695 Lotharius
738 2666 790 2708 op
824 2653 890 2696 die
919 2656 1034 2696 twee
1069 2653 1266 2709 plaatsen
1288 2653 1334 2696 in
1359 2653 1432 2697 dat
1448 2654 1549 2711 jaar
1570 2653 1738 2697 ketters
1760 2650 1929 2695 hebben

300 2718 417 2762 laten
439 2719 730 2764 verbranden.
994 2733 996 2736 ’

340 2812 445 2856 Apud
462 2813 692 2849 Trevirenses
706 2818 740 2849 et
750 2814 868 2858 Ultraj
874 2806 1032 2849 ectenses
1043 2813 1258 2848 Lotharium
1267 2815 1502 2851 combussisse
1511 2814 1714 2850 haereticos
1725 2813 1929 2848 chronicon

298 2867 476 2904 saxoniae
493 2870 643 2904 obscure
661 2873 812 2904 annotat
829 2880 923 2904 anno
940 2868 1087 2904 Domini
1105 2871 1207 2904 1135.
1233 2869 1415 2905 Incertum
1432 2871 1552 2905 autem
1570 2871 1696 2914 quales
1712 2868 1863 2905 fuerint.

647 2934 841 2974 Centuriae
853 2934 1181 2979 Maydehuryz‘cae,
1198 2938 1294 2972 cent.
1310 2934 1396 2979 XII,
1413 2936 1485 2972 blz.
1507 2937 1583 2971 341.
