2097 3466
809 200 940 235 ANNO
969 202 1066 234 1472
1693 201 1754 233 430

127 293 167 329 in
191 293 260 330 fide
275 305 438 336 erronea,
458 294 644 330 continens
658 294 812 330 heresim
834 293 1070 334 manifestam,
1089 296 1210 329 sancte
1224 293 1372 329 ecclesie
1386 293 1560 328 iniuriosa
1582 295 1617 328 et
1640 293 1747 328 offen-

128 350 219 391 siua,
237 351 445 385 scandalosa
463 351 594 394 populo
611 361 651 384 ac
669 349 794 383 salutis
809 347 1078 382 subue1·.·iua....
1094 350 1138 390 (1)

173 405 305 441 Contra
330 406 522 440 secundam
548 404 791 443 assertionem,
811 415 878 446 que
903 408 975 437 est:
1009 402 1140 440 Quand
1166 413 1256 435 nous
1282 413 1436 435 Sommes
1465 407 1570 442 mort,
1599 407 1673 435 tout
1701 407 1749 435 cst

128 467 235 502 mort,
253 461 444 496 dicendum
462 464 512 496 est
529 461 622 504 quod
641 460 705 494 hec
722 458 870 493 assertio
888 462 937 492 est
956 457 1168 492 hereti‹·a....
1188 460 1232 499 (2)

172 517 225 551 Ex
242 516 371 560 quibus
391 518 487 559 patet
505 515 598 558 quod
623 515 742 549 nullus
765 524 868 547 error
884 512 1118 556 periculosior
1140 516 1192 546 est
1218 512 1284 546 isto
1308 518 1369 546 aut
1399 512 1643 556 perniciosior.
1663 512 1749 555 quia

125 572 170 606 ad
186 571 282 605 hunc
298 571 461 614 sequitur
486 569 601 604 tocius
618 568 698 603 fidei
717 567 892 602 catholice
908 566 1103 601 eneruatio.
1124 566 1287 601 Secundo
1305 572 1451 610 apparet
1475 567 1749 602 auctoritatibus

125 627 160 660 et
175 623 375 659 rationibus
391 623 576 658 offensiuis
593 628 628 658 et
651 624 696 658 ad
720 621 939 666 impossibile
954 621 1167 656 ducentibus
1191 621 1326 656 falsitas
1350 621 1452 656 istius
1468 622 1613 663 heresis,
1639 633 1745 665 quarn

124 678 239 715 eciam
256 678 410 713 maiores
427 677 629 722 philosophi
648 677 778 721 pagani
796 677 1103 720 improbauerunt.

472 753 665 796 Carlerffls,
684 755 762 790 deel
779 754 824 795 ΙΙ,
843 753 1104 797 verhandeling
1119 755 1172 787 22.

863 885 990 928 360.

190 1012 304 1055 Vo'o'r·
324 1010 578 1054 November
599 1011 734 1060 1472,
758 1013 805 1054 z'n
828 1012 854 1054 ’t
872 1011 1046 1055 bisdom
1065 1011 1117 1054 K
1112 1011 1340 1068 amerQ'jk?
1356 1011 1535 1054 Oordeel
1555 1025 1638 1054 van
1662 1011 1742 1055 den

120 1079 481 1137 Kamerijkschen
511 1078 650 1122 deken
673 1080 839 1123 Carlier
872 1094 974 1123 over
1008 1081 1082 1124 het
1116 1081 1240 1136 geval
1273 1093 1356 1122 van
1391 1094 1525 1122 eenen
1559 1079 1743 1123 zekeren

120 1150 323 1192 Hottinus
345 1149 396 1191 de
419 1148 637 1204 Mar-ques,
666 1148 732 1190 die
764 1150 877 1206 zijne
909 1150 986 1192 ziel
1011 1163 1092 1192 aan
1127 1149 1211 1191 den
1242 1148 1383 1192 duivel
1407 1148 1618 1192 verkocht
1639 1149 1741 1192 had.

164 1251 299 1286 Contra
315 1251 511 1286 Hottinzcm
529 1251 574 1285 de
589 1252 764 1297 Illarques
788 1258 1004 1297 apostatam.

162 1307 207 1342 Et
230 1306 512 1341 confessionibus
543 1306 682 1341 Hottini
707 1307 751 1342 de
774 1308 945 1351 Marques
969 1307 1007 1342 in
1030 1306 1179 1342 diversis
1203 1307 1366 1342 articulis
1390 1307 1464 1350 ipse
1481 1306 1677 1341 censendus
1693 1309 1745 1341 est

117 1364 290 1405 apostata,
308 1362 517 1405 sacrilegus,
541 1361 775 1404 scismaticus,
803 1363 978 1407 ydolatra,
1004 1364 1157 1398 mendax
1183 1362 1369 1398 mendacio
1394 1362 1592 1406 pernicioso
1616 1374 1741 1406 proue-

115 1416 237 1452 niente
268 1428 310 1452 ex
338 1416 550 1452 infidelitate
576 1420 611 1452 et
642 1420 785 1461 pactum
815 1418 948 1452 habens
979 1429 1184 1462 expressum
1216 1429 1298 1452 cum
1323 1417 1551 1458 deinonib11s;
1581 1420 1677 1461 patet.
1700 1429 1742 1451 cx

116 1472 358 1516 sequentibus,
379 1472 504 1507 Primo
520 1473 614 1508 idem
640 1473 810 1509 Hottinus
834 1485 877 1508 ex
894 1473 1113 1508 confessione
1129 1485 1193 1507 sua
1210 1473 1245 1507 in
1264 1473 1379 1517 primo
1396 1472 1549 1508 articulo
1565 1472 1743 1516 descripta

116 1527 313 1562 censendus
329 1529 381 1562 est
396 1529 557 1571 apostata
571 1527 706 1571 triplici
724 1539 855 1572 genere
880 1527 1067 1572 apostasie,
1088 1527 1226 1563 scilicet
1241 1527 1418 1572 apostasia
1443 1527 1602 1572 perfidie,
1621 1527 1739 1562 inobe-

115 1583 249 1619 djentie
261 1586 297 1619 et
308 1583 496 1628 religionis
507 1583 702 1618 christiane
715 1583 912 1628 sacrilegus
928 1586 963 1619 et
979 1583 1212 1618 scismaticus.
1229 1612 1234 1618 .
1248 1612 1254 1618 .
1272 1612 1279 1619 .
1293 1584 1349 1626 (3).

465 1660 658 1702 emerius,
677 1661 756 1696 deel
771 1660 817 1702 ΙΙ,
832 1660 1093 1705 verhandeling
1109 1663 1162 1696 23.

878 1796 988 1840 361.

183 1924 297 1967 Vo'o'r
329 1921 586 1967 November·
612 1922 749 1973 1472,
778 1921 1035 1981 Kamerzjk.
1071 1922 1312 1966 Antwoord
1345 1936 1431 1965 van
1468 1922 1550 1965 den
1583 1923 1741 1965 Kame-

115 1992 338 2050 rijkschen
361 1992 501 2034 deken
535 1991 699 2035 Carlier
728 2005 810 2034 aan
844 1992 928 2036 den
961 1993 1232 2048 inquisiteur,
1261 1992 1326 2034 die
1348 1993 1447 2034 hem
1479 2005 1582 2034 over
1603 2005 1740 2034 eenen

115 2062 329 2105 lasteraar
351 2061 428 2104 der
461 2061 513 2103 H.
545 2061 701 2116 Maagd
735 2062 1051 2118 geraadpleegd
1084 2062 1166 2104 had
1202 2075 1254 2104 en
1287 2062 1381 2104 zich
1416 2060 1593 2117 afvroeg
1626 2060 1673 2103 of
1689 2061 1740 2104 de

114 2131 319 2187 plichtige
343 2128 448 2173 voor
469 2130 553 2172 den
588 2128 787 2186 hisschop
811 2132 950 2174 alleen
975 2131 1022 2173 of
1039 2130 1121 2173 ook
1148 2134 1298 2174 tevens
1322 2128 1427 2173 voor
1458 2131 1539 2173 den
1563 2131 1738 2186 inquisi-

113 2203 211 2243 teur
244 2204 380 2242 moest
397 2198 592 2255 gedaagd
614 2199 808 2242 worden.
832 2224 883 2230 —
909 2201 968 2243 De
986 2201 1199 2243 lasteraar·
1216 2199 1333 2242 heeft
1351 2213 1486 2255 geene
1505 2200 1736 2256 eigenlijke

112 2269 285 2326 ketterij
321 2267 604 2323 verkondigd‚
641 2281 761 2310 maai·
799 2282 867 2310 om
899 2269 1013 2326 zijne
1045 2268 1200 2311 kwade
1224 2269 1500 2326 levenswijze
1532 2269 1651 2311 komt
1675 2269 1734 2327 hij

112 2352 211 2381 zeer
242 2337 452 2380 verdacht
484 2350 603 2378 voor.
633 2337 815 2379 Daarom
848 2346 960 2380 moet
985 2338 1036 2380 de
1069 2337 1268 2393 bisschop
1308 2339 1405 2380 hem
1444 2342 1558 2380 eerst
1595 2338 1736 2381 alleen

113 2406 432 2457 onderzoeken;
456 2405 582 2463 blijkt
606 2406 683 2448 het
713 2405 876 2448 daarna
897 2406 970 2449 dat
994 2407 1053 2464 hij
1080 2420 1159 2449 een
1182 2406 1326 2450 ketter
1350 2408 1400 2457 is,
1426 2407 1509 2449 dan
1540 2414 1652 2449 moet
1683 2407 1734 2449 de

111 2477 311 2531 bisschop
334 2489 381 2517 er
402 2475 483 2517 den
504 2474 760 2529 inquisiteur
782 2474 1021 2532 bijroepen,
1049 2490 1114 2518 orn
1138 2479 1180 2519 te
1213 2489 1363 2518 zamen
1387 2475 1434 2518 of
1451 2475 1734 2534 aszonderlijk

112 2547 188 2590 het
205 2545 511 2600 kettergeding
529 2547 572 2586 te
590 2543 730 2586 leiden
749 2557 803 2586 en
822 2557 889 2587 om
907 2548 950 2588 te
967 2559 1118 2588 zamen
1136 2545 1210 2587 het
1220 2545 1376 2588 vonnis
1390 2546 1450 2588 uit
1465 2547 1508 2587 te
1526 2545 1732 2601 spreken.

154 2713 199 2753 (1)
225 2711 313 2746 Hier
328 2712 428 2756 volgt
443 2723 530 2748 eene
547 2711 652 2746 reeks
668 2710 801 2746 citaten
817 2710 869 2745 als
884 2711 1017 2752 bewijs.

154 2769 199 2809 (2)
223 2768 344 2803 Zelfde
359 2767 575 2812 opmerking
591 2767 643 2801 als
660 2767 785 2801 boven.

154 2825 199 2865 (3)
217 2823 357 2867 Daarop
374 2824 473 2867 volgt
489 2823 550 2857 het
567 2823 690 2865 bewijs
708 2822 917 2865 aangaande
933 2821 1059 2856 twaalf
1079 2825 1213 2864 punten
1230 2832 1298 2855 van
1316 2820 1647 2865 vcrstandhouding
1662 2823 1734 2854 met

110 2878 179 2913 den
192 2879 325 2918 duivel,
342 2878 400 2914 die
415 2879 483 2914 den
500 2881 659 2922 apostant
678 2881 735 2912 ten
750 2877 837 2911 laste
850 2877 992 2911 worden
1006 2877 1145 2920 gelegd.
