2097 3466
843 235 976 270 ANNO
1007 237 1101 272 1451
1730 242 1793 275 331

161 322 231 358 hac
261 324 362 366 parte
393 325 467 358 tam
497 324 695 368 apostolica
717 335 826 369 quam
857 325 1045 360 ordinaria
1076 326 1355 361 auctoritatibus
1392 326 1554 370 deputati
1585 327 1792 372 specialiter

161 381 197 413 et
212 376 406 419 commissi,
425 378 580 413 salutem
597 378 636 414 in
655 379 825 415 Domino.

205 432 340 467 Notum
356 433 509 467 facimus
523 435 618 477 quod
636 434 694 469 die
711 438 745 470 et
762 435 841 470 loco
858 435 1012 470 inferius
1028 435 1172 479 scriptis
1189 446 1254 470 nos
1274 436 1312 470 in
1337 448 1445 470 causa
1471 437 1567 480 fidei,
1583 448 1653 481 que
1668 449 1791 473 coram

160 486 264 522 nobis
280 488 456 531 pendebat
470 488 564 522 inter
578 494 822 532 promotorem
836 490 945 525 officii
965 491 1053 525 dicti
1067 491 1255 526 reverendi
1269 491 1394 535 patris,
1409 504 1451 526 ex
1466 504 1548 533 una,
1566 497 1600 527 et
1613 494 1790 528 ,Iacobum

159 541 470 586 Acarin,1aycum
495 547 731 587 conjugatum
756 544 794 579 in
819 545 906 579 villa
937 545 982 579 de
1012 545 1191 589 Calcheya
1221 546 1324 579 beate
1356 545 1485 585 Marie,
1521 548 1792 583 Cameracensis

159 597 322 641 diocesis,
340 603 637 640 commorantem,
658 600 823 643 partibus
853 613 898 635 ex
915 601 1042 642 altera,
1059 600 1118 634 die
1136 601 1178 634 ad
1199 601 1268 635 hoc
1284 601 1448 644 partibus
1468 602 1652 645 assignata
1669 607 1704 637 et
1729 614 1792 646 per

160 665 220 688 eas
241 657 428 698 acceptata
445 654 596 689 inferius
619 655 766 699 scripta,
786 656 928 699 illisque
953 657 1189 700 presentibus,
1210 661 1371 691 nostram
1394 658 1609 700 protulimus
1633 658 1791 693 diffiniti-

158 719 241 743 vam
255 709 471 744 sententiam
489 711 527 744 in
547 710 694 745 modum
711 711 775 754 qui
792 713 957 754 sequitur
973 723 980 745 :

201 762 288 797 Viso
313 764 580 808 diligenterque
596 768 834 808 percunctato
857 766 1013 809 quodam
1037 777 1204 809 processu
1230 766 1267 801 in
1293 766 1446 801 materia
1463 772 1690 802 sacrosancte
1708 768 1791 803 fidei

159 818 339 854 catholice
355 825 482 853 contra
498 823 532 854 te
555 819 733 854 Jacobum
750 821 898 864 Acarin,
915 822 1058 865 laycum
1075 825 1312 864 conjiigatum
1337 822 1372 855 in
1391 821 1479 856 villa
1497 822 1674 867 Calcheye
1691 824 1793 858 beate

158 874 287 915 Marie,
307 874 575 909 Cameracensis
591 875 755 918 diocesis,
774 880 1074 917 commorantem,
1089 875 1286 916 subditum,
1301 875 1561 918 justiciabilem
1576 888 1618 910 ac
1634 877 1793 920 prisona·

158 929 255 964 rium
271 932 448 971 nostrum,
467 929 506 962 in
523 927 680 971 presenti
691 929 834 973 judicio
851 940 974 964 coram
989 929 1092 964 nobis
1107 929 1346 972 personaliter
1362 930 1611 968 constitutum,
1628 931 1733 965 renui
1750 942 1792 965 ex

158 984 270 1020 officii
294 988 416 1020 nostro
440 984 561 1018 debito
589 984 749 1018 clamosa
777 984 1025 1019 insinuatione
1050 989 1084 1019 et
1107 983 1323 1028 gravissima
1348 984 1608 1026 diffamatione,
1635 997 1704 1029 que
1727 987 1793 1020 sub

158 1039 304 1075 silentio
328 1038 542 1083 pertransiri
567 1039 687 1073 ullave
712 1040 1016 1083 tergiversatione
1041 1039 1151 1074 celari
1177 1050 1250 1073 non
1282 1043 1480 1083 potuerunt
1503 1044 1567 1074 aut
1591 1040 1795 1076 debuerunt

159 1094 446 1140 precedentibus,
473 1093 623 1138 agitato,
651 1093 819 1128 articulis
844 1094 883 1128 in
910 1095 1036 1129 eodem
1060 1093 1251 1138 descriptis
1278 1094 1345 1129 tibi
1369 1094 1558 1138 impositis
1577 1098 1794 1132 sacramenti

158 1149 452 1196 responsionibus
465 1150 606 1184 iteratis
622 1149 768 1193 tuisque
781 1149 1068 1185 confessionibus
1080 1161 1163 1184 cum
1181 1151 1310 1184 ceteris
1327 1151 1458 1186 merito
1473 1152 1744 1189 considerandis
1759 1159 1794 1189 et

158 1207 202 1243 de
210 1211 294 1251 jure
306 1207 527 1252 supplendis.

202 1262 244 1298 In
260 1263 407 1298 nomine
424 1266 548 1298 sancte
562 1266 597 1298 et
612 1261 801 1297 individue
814 1262 986 1299 Trinatis,
1002 1262 1123 1297 Patris
1140 1266 1175 1298 et
1190 1263 1278 1297 Filii
1298 1267 1332 1297 et
1350 1263 1507 1307 Spiritus
1521 1264 1656 1306 Sancti,
1673 1276 1790 1300 amen.

158 1318 350 1362 Quoniam,
379 1329 423 1354 ex
449 1318 621 1353 dilucidis
643 1317 716 1352 tuis
743 1318 1028 1353 confessionibus
1051 1318 1205 1362 aliisque
1240 1319 1415 1363 legitimis
1438 1320 1665 1355 documentis
1689 1321 1793 1355 nobis

157 1373 343 1410 evidenter
359 1373 522 1409 constitit
538 1378 647 1417 atque
660 1377 812 1415 constat,
828 1377 1018 1417 postquam
1036 1376 1136 1408 certa
1152 1373 1210 1409 die
1232 1375 1273 1409 in
1297 1386 1465 1418 processu
1482 1375 1671 1419 designata
1695 1376 1793 1411 circa

157 1430 266 1464 finem
281 1429 560 1474 quadragesime
583 1429 713 1463 ultimo
739 1428 932 1472 preteriter
948 1429 991 1463 de
1013 1439 1161 1472 vespere
1185 1430 1346 1473 ejusdem
1364 1429 1449 1470 diei,
1469 1430 1686 1473 quibusdam
1704 1442 1792 1476 erga

156 1485 246 1520 duas
255 1485 472 1528 juvenculas
490 1484 652 1529 virgines
664 1484 834 1519 honestas
850 1484 888 1518 in
903 1485 1010 1519 domo
1028 1488 1092 1519 tua
1108 1488 1235 1519 nentes
1247 1490 1410 1528 repertas
1426 1485 1464 1520 in
1481 1487 1606 1520 eodem
1624 1497 1791 1530 processu

156 1539 361 1575 nominatas
372 1539 525 1575 lubricis
541 1551 651 1583 quam
668 1539 867 1583 plurimum
885 1551 927 1574 ac
940 1539 1192 1575 indecentibus
1215 1539 1347 1582 verbis,
1367 1540 1450 1574 illas
1466 1541 1602 1584 ambas,
1620 1541 1650 1576 si
1667 1545 1790 1586 conju-

156 1598 240 1640 gate
263 1595 393 1637 forent,
419 1596 464 1630 ad
488 1595 613 1630 viriles
637 1595 826 1639 amplexus
848 1595 1076 1630 sustinendos
1106 1599 1208 1639 aptas
1239 1607 1314 1630 esse
1339 1595 1607 1638 denotantibus,
1625 1597 1792 1632 terminis

155 1651 302 1694 quidem
328 1651 625 1696 impudicissimis
648 1651 838 1696 ydeomate
863 1651 1004 1686 Gallico
1025 1652 1184 1695 turpiter
1207 1650 1346 1685 emissis
1368 1655 1517 1695 propter
1541 1663 1667 1687 eorum
1691 1656 1791 1688 nota-

155 1705 249 1741 riam
265 1706 445 1742 vilitatem
460 1706 521 1742 hic
540 1706 670 1742 merito
687 1718 759 1741 non
783 1706 981 1741 recitandis
1001 1707 1065 1741 ·uti
1090 1706 1386 1750 presumpsisses;
1412 1707 1608 1750 eedemque
1631 1708 1792 1752 virgines

156 1761 286 1797 exinde
305 1772 378 1796 non
398 1761 583 1796 modicum
607 1761 846 1795 scandalizato
870 1772 934 1805 per
961 1761 1108 1795 modum
1132 1761 1348 1796 elocutionis
1375 1761 1604 1796 ammirative
1630 1763 1791 1807 predicto

155 1817 300 1862 vulgari
313 1817 500 1861 ydeomate
513 1816 652 1851 Gallico
666 1816 733 1851 tibi
750 1817 1017 1860 respondissent
1031 1816 1081 1850 sic
1095 1817 1135 1850 in
1148 1815 1278 1851 effectu
1291 1816 1467 1852 dicentes:
1487 1831 1502 1844 ιι
1519 1817 1706 1858 Quomodo
1720 1829 1792 1852 non

155 1873 410 1908 verecundaris
427 1871 479 1906 ita
491 1871 618 1915 loqui?
634 1871 664 1905 si
682 1871 756 1906 alia
772 1871 914 1906 ratione
929 1871 966 1905 id
985 1871 1154 1906 omittere
1170 1882 1243 1906 non
1256 1871 1404 1906 deberes
1428 1881 1537 1914 quam
1555 1882 1619 1916 pro
1633 1882 1794 1907 reveren-

155 1927 213 1963 cia
234 1927 400 1972 Virginis
423 1926 696 1971 gloriosissime,
721 1937 791 1969 que
822 1925 1077 1969 multipliciter
1108 1937 1234 1960 sexum
1263 1925 1461 1960 femineum
1485 1926 1682 1970 decoravit,
1711 1944 1726 1958 ‚2
1751 1930 1792 1963 tu

155 1983 285 2018 merito
301 1994 323 2017 a
339 1982 468 2018 talium
485 1981 700 2025 probatione
717 1982 912 2016 verborum
930 1981 1075 2024 penitus
1092 1981 1326 2015 abstinuisses
1344 1985 1378 2015 et
1395 1981 1579 2017 abstinens
1595 1986 1629 2018 te
1647 1983 1792 2027 proprie

155 2038 283 2073 salutis
298 2049 372 2073 non
394 2040 537 2072 tantum
559 2036 752 2071 immemor
768 2040 947 2080 quantum
972 2037 1162 2071 formalem
1186 2035 1377 2071 inimicum
1395 2048 1436 2071 ac
1461 2038 1571 2070 totius
1595 2036 1792 2072 christiane

156 2093 346 2137 religionis
361 2096 650 2137 contemptorem
669 2092 863 2132 reddendo,
883 2093 948 2126 sub
974 2095 1138 2136 pretenso
1155 2097 1289 2127 conatu
1313 2092 1357 2125 ad
1381 2091 1581 2126 laudabilia
1604 2093 1790 2138 virginum

155 2160 326 2194 responsa
341 2148 554 2192 replicandi,
572 2146 612 2182 in
624 2147 799 2190 quasdam
814 2146 1117 2182 horrendissimas
1128 2147 1292 2181 verbales
1304 2146 1546 2190 blasphemias
1562 2147 1787 2189 hereticales,

156 2213 336 2244 erroneas,
353 2202 581 2237 scandalosas
604 2205 639 2236 et
662 2201 770 2245 longe
793 2201 875 2246 plus
897 2212 1007 2244 quam
1024 2200 1097 2235 dici
1122 2205 1239 2243 posset
1261 2201 1406 2235 aurium
1431 2201 1574 2245 piarum
1599 2202 1790 2238 offensivas

155 2259 271 2302 ipsam
301 2257 470 2292 videlicet
498 2255 799 2301 gloriosissimam
827 2254 1020 2300 Virginem
1052 2255 1243 2290 mulierem
1272 2266 1334 2290 seu
1365 2256 1538 2290 feminam
1567 2256 1612 2291 ad
1641 2259 1790 2293 modum

155 2314 312 2348 aliarum
336 2313 632 2356 desponsatarum
656 2322 719 2346 seu
743 2314 1027 2355 conjugatarum
1052 2314 1262 2354 corruptam
1291 2310 1400 2345 fuisse
1423 2311 1665 2355 designantes,
1691 2312 1731 2348 in
1755 2318 1791 2349 et

155 2369 221 2405 sub
245 2368 432 2413 ydeomate
459 2367 605 2412 vulgari
628 2369 895 2410 prememorato
918 2377 961 2400 ac
985 2366 1152 2401 terminis
1183 2366 1448 2401 execrabilibus
1480 2366 1598 2400 vocali
1628 2369 1789 2411 profecto

155 2423 368 2459 recitatione
390 2422 575 2467 indignis;
602 2422 709 2457 venia
732 2426 852 2456 tamen
887 2422 988 2466 prius
1011 2423 1056 2456 ab
1080 2421 1266 2456 Altissimo
1289 2426 1451 2456 nostrum
1476 2423 1639 2457 omnium
1662 2426 1790 2459 salutis

155 2483 278 2514 actore
308 2479 503 2521 eademque
526 2477 788 2522 gloriosissima
811 2489 952 2522 semper
984 2477 1139 2522 Virgine
1167 2477 1298 2518 Maria,
1332 2477 1430 2511 fonte
1460 2476 1719 2521 misericordie,
1745 2492 1786 2515 ac

154 2533 259 2570 totali
280 2532 511 2576 supercelesti
538 2532 643 2567 curia
673 2532 903 2569 devotissime
935 2532 1128 2576 postulata,
1161 2543 1205 2566 ex
1235 2542 1333 2565 mera
1360 2531 1457 2574 juris
1484 2532 1709 2577 necessitate,
1742 2546 1786 2570 ne

154 2587 324 2624 videlicet
346 2591 493 2631 propter
513 2598 638 2622 eorum
662 2598 735 2622 non
753 2587 1018 2631 expressionem
1043 2590 1166 2622 nostra
1179 2598 1324 2630 presens
1340 2588 1517 2622 sententia
1535 2588 1578 2622 de
1601 2589 1789 2625 incertitu-

154 2643 240 2678 dine
269 2654 331 2678 seu
354 2641 557 2677 obcuritate
581 2642 700 2676 notari
725 2643 836 2685 possit
860 2645 923 2676 aut
947 2641 1219 2685 quomodolibet
1244 2641 1454 2685 impugnari
1482 2641 1542 2676 hic
1569 2643 1785 2686 registi-atis,

155 2699 265 2734 verba
286 2697 425 2732 scilicet
448 2702 511 2732 tua
535 2697 704 2732 antefatis
728 2697 934 2742 virginibus
961 2697 1154 2741 dirigendo
1178 2707 1185 2730 ε
1217 2710 1232 2724 u
1253 2696 1298 2729 Et
1320 2701 1499 2730 comment
1523 2707 1567 2730 en
1590 2701 1676 2732 aves
1698 2709 1788 2732 vous

155 2754 291 2789 home?
318 2753 590 2788 Nostra-Darne
618 2753 701 2787 n’en
729 2759 787 2788 eut
807 2756 918 2798 point
945 2753 1075 2795 leonem
1107 2752 1176 2787 elle
1204 2753 1362 2797 raffaita
1385 2753 1502 2796 aussi-‘j
1526 2752 1610 2786 bien
1640 2765 1708 2798 que
1733 2754 1785 2788 les

155 2810 320 2851 aultres,·
347 2820 412 2844 car
428 2809 496 2843 elce
521 2810 564 2852 su
594 2810 734 2842 mariae
757 2810 872 2854 ainsg'j
889 2820 958 2854 quc
981 2819 1074 2843 nous
1099 2813 1230 2842 astons.
1267 2808 1506 2843 Clades-vous
1532 2819 1600 2854 que
1624 2809 1693 2844 elle
1715 2811 1785 2844 soit

152 2863 296 2910 pucelle
309 2866 325 2898 Ρ
341 2863 490 2908 Nenny,
509 2879 525 2892 n
543 2873 616 2897 non
632 2862 913 2907 dampnabiliter
926 2862 1144 2907 prorupisse.

201 2920 242 2957 In
261 2920 540 2965 hujusmodique
563 2918 790 2955 intolerabili
815 2930 938 2955 errore
954 2919 1145 2955 hereticali
1175 2929 1238 2964 per
1263 2922 1378 2955 totum
1407 2923 1468 2955 tue
1484 2919 1618 2956 noticie
1646 2923 1787 2964 tempus
