2097 3466
338 252 377 285 3⁴
977 247 1109 283 ANNO
1136 248 1360 284 1152-1157

381 340 565 385 Eugenius
583 340 781 385 episcopus,
807 349 932 376 servus
948 350 1138 377 servorum
1162 341 1239 383 Dei,
1261 341 1402 378 dilectis
1427 340 1511 376 filiis
1534 341 1631 377 clero
1649 344 1683 377 et
1707 342 1838 386 populo
1854 341 1959 377 Atre·

335 396 473 432 batensi
491 396 644 431 salutem
660 399 695 430 et
711 396 944 440 apostolicam
963 395 1263 431 benedictionem.

380 452 532 492 Quando
549 451 644 486 inter
657 451 835 495 praelatos
848 455 955 494 atque
968 451 1147 494 subjectos
1163 455 1263 486 tanta
1280 454 1334 486 est
1349 451 1436 486 unio
1452 450 1627 492 caritatis,
1641 451 1737 494 quod
1754 454 1788 486 et
1804 450 1958 495 praelati

338 506 508 549 subjectis
531 517 622 549 quae
645 505 806 540 salubria
821 510 904 540 sunt
920 505 1077 540 sollicita
1092 506 1292 541 attentione
1307 505 1532 549 prospiciunt
1561 509 1596 540 et
1618 505 1770 549 subjecti
1788 505 1958 550 praelatis

336 576 373 599 se
397 563 435 598 in
459 562 558 597 omni
582 560 787 597 obedientia
805 565 840 595 et
862 560 1067 595 humilitate
1091 560 1319 602 submittunt,
1339 565 1426 595 tunc
1447 559 1598 595 ecclesia
1615 560 1680 595 Dei
1705 562 1832 605 procul
1848 560 1958 596 dubio

337 631 400 654 suo
425 629 532 652 cursu
557 616 730 660 dirigitur
762 619 796 650 et
823 615 1021 658 tranquilla
1044 627 1132 659 pace
1162 619 1269 659 atque
1295 614 1525 659 jucunditate
1555 615 1722 650 laetatur.
1742 615 1958 651 Venientem

338 675 458 717 itaque
482 674 525 707 ad
558 671 774 716 apostolicae
806 671 899 705 sedis
933 670 1161 705 clementiam
1187 670 1430 706 venerabilem
1459 671 1607 704 fratrem
1639 673 1802 705 nostrum
1836 670 1962 705 Godes·

331 730 511 769 chalcum,
538 728 744 772 episcopum
770 731 939 766 vestrum,
968 726 1090 760 debita
1119 726 1344 770 benignitate
1367 724 1580 769 recepimus,
1606 729 1640 760 et
1666 725 1840 768 quamdiu
1863 725 1960 761 inter

331 797 395 820 nos
412 786 656 819 commoratus
683 786 746 822 est,
777 782 871 815 inter
896 782 1025 816 fratres
1051 785 1085 815 ct
1108 781 1336 825 coepiscopos
1360 785 1502 815 nostres
1528 780 1646 824 ipsum
1678 779 1871 824 praecipue
1893 791 1958 824 pro

333 852 418 875 suae
448 838 645 874 honestatis
670 836 874 871 reverentia
897 837 1061 871 fraterna
1085 836 1237 870 caritate
1261 835 1510 870 tractavimus.
1530 835 1576 869 Et
1599 835 1772 878 quoniam
1795 835 1840 869 de
1863 838 1959 870 statu

334 895 545 930 commissae
568 893 635 928 sibi
665 890 836 925 ecclesiae
866 891 1042 933 quaedam
1071 890 1113 923 ad
1147 893 1308 924 nostram
1336 889 1559 924 audientiam
1592 892 1842 933 pervenerant,
1867 899 1959 932 quae

335 962 400 985 nec
418 961 482 984 nos
498 960 563 983 nee
580 959 661 982 eum
679 947 717 981 in
733 945 968 989 requi-itione
982 945 1036 979 sui
1055 949 1089 980 et
1106 943 1144 978 in
1161 943 1386 979 correctione
1403 943 1629 988 negligentes
1644 955 1718 978 esse
1730 943 1958 987 permittunt,

333 1006 415 1040 viva
432 1005 464 1040 ei
482 1016 567 1038 voce
584 1001 809 1047 injunximus
830 1005 870 1035 ut
886 1001 930 1035 ad
949 1011 1073 1035 eorum
1091 999 1380 1035 emendationem
1399 1003 1435 1034 et
1466 999 1750 1034 conservandam
1772 998 1812 1034 in
1835 999 1960 1034 eadem

331 1059 483 1094 ecclesia
505 1058 729 1092 honestatem
754 1060 789 1090 et
814 1055 1029 1099 ieligionem
1055 1054 1105 1089 ita
1131 1058 1320 1098 promptus
1344 1058 1379 1089 et
1404 1054 1591 1088 districtus
1619 1053 1759 1095 existat,
1785 1057 1826 1089 ut
1849 1056 1885 1088 et
1920 1052 1960 1088 in

326 1114 383 1148 his
412 1113 530 1157 ipsum
562 1123 667 1146 suum
691 1110 852 1145 officium
876 1109 1112 1152 complevisse
1137 1112 1309 1153 appareat
1347 1112 1382 1144 et
1412 1108 1575 1143 animum
1608 1111 1773 1143 nostrum
1803 1106 1959 1142 ulterius

329 1168 429 1202 nulla
447 1166 575 1202 exinde
603 1166 750 1200 sinistra
775 1167 871 1200 fama
898 1165 1098 1209 perturbet.
1118 1164 1216 1199 Inter
1233 1169 1377 1199 caetera
1394 1164 1490 1199 enim
1513 1164 1610 1199 idem
1635 1164 1747 1198 frater
1763 1163 1865 1198 nobis
1881 1174 1960 1208 sug·

332 1223 443 1268 gessit
457 1222 553 1264 quod
571 1233 642 1256 non
666 1221 745 1255 sine
768 1220 899 1265 grandi
916 1220 1054 1264 gemitu
1073 1219 1186 1255 nostri
1204 1219 1322 1254 cordis
1338 1219 1550 1254 referimus:
1577 1218 1766 1254 nunciavit
1782 1218 1959 1262 siquidem

333 1278 435 1312 nobis
451 1277 545 1321 quod
562 1277 650 1311 adeo
663 1277 891 1319 quorundam
909 1286 1105 1318 pravorum
1124 1274 1163 1308 in
1179 1274 1368 1309 commissa
1384 1273 1452 1308 sibi
1469 1273 1621 1308 ecclesia
1632 1272 1773 1308 malitia
1789 1272 1956 1313 creverit,

332 1338 373 1367 ut
387 1331 593 1366 haereticae
610 1330 682 1365 sint
698 1330 887 1375 pravitatis
903 1330 1031 1373 laqueo
1048 1329 1181 1364 irretiti
1195 1341 1202 1373 3
1221 1329 1282 1372 qui
1301 1328 1410 1364 etiam
1427 1340 1500 1364 non
1516 1332 1688 1364 verentur
1703 1339 1786 1362 cum
1807 1327 1958 1372 quibus-

332 1388 414 1422 dam
432 1386 513 1420 aliis
536 1385 737 1420 tendiculas
763 1384 1031 1419 haereticorum
1056 1384 1261 1425 extendere,
1280 1387 1321 1418 ut
1351 1395 1436 1418 suae
1466 1383 1678 1427 perditionis
1700 1383 1821 1426 plures
1843 1381 1958 1418 socios

332 1441 489 1476 habeant
522 1444 555 1475 ct
580 1452 700 1475 secum
718 1440 917 1474 multorum
943 1438 1082 1473 animas
1100 1439 1353 1473 condemnent.
1377 1440 1469 1473 Sane
1493 1437 1566 1472 illis
1585 1437 1849 1473 ecclesiasticae
1863 1448 1960 1473 seve-

329 1496 448 1530 ritatis
464 1495 565 1539 rigor
583 1503 635 1529 est
651 1494 853 1529 districtius
871 1494 1119 1538 opponendus.
1139 1494 1183 1527 Et
1200 1493 1281 1528 ideo
1297 1493 1512 1528 sententiam
1530 1504 1638 1535 quam
1662 1492 1701 1527 in
1717 1504 1775 1527 eos
1791 1492 1960 1536 praedic·

331 1556 388 1585 tus
412 1551 522 1584 frater
541 1553 661 1584 noster
686 1549 873 1593 episcopus
889 1551 1007 1583 vester
1030 1548 1286 1592 religiosorum
1303 1548 1465 1582 virorum
1490 1547 1641 1582 consilio
1659 1543 1975 1592 promulgaverit‚'

333 1617 397 1640 nos
413 1608 561 1638 aus-tore
578 1604 652 1638 Deo
680 1609 796 1637 ratam
813 1602 1026 1637 habebimus
1059 1607 1093 1637 et.
1110 1607 1150 1636 ut
1172 1602 1286 1646 ipsam
1304 1602 1458 1636 firmiter
1482 1602 1678 1637 ob÷ervetis
1694 1602 1796 1636 vobis
1811 1602 1958 1637 omnino

334 1660 570 1705 injungimus.
591 1659 686 1699 Quia
712 1659 840 1701 igitur,
869 1658 964 1692 sicut
986 1658 1082 1692 idem
1112 1659 1223 1692 frater
1240 1661 1362 1692 noster
1377 1669 1398 1691 a
1422 1657 1525 1692 nobis
1549 1660 1584 1691 et
1606 1658 1649 1692 de
1673 1668 1761 1692 cura
1777 1656 1959 1692 commissi

333 1717 401 1750 sibi
419 1715 541 1760 gregis
557 1719 592 1749 et
615 1715 659 1748 de
687 1714 918 1748 imminentia
933 1714 989 1748 sui
1013 1713 1124 1748 officii
1150 1713 1220 1748 suit
1243 1713 1455 1757 propensius
1478 1712 1734 1754 exhortandus,
1753 1712 1806 1747 ita
1828 1724 1891 1748 vos
1914 1713 1959 1747 ad

331 1771 443 1815 ipsius
459 1768 702 1804 obedientiam
726 1772 761 1803 et
784 1769 1055 1804 venerationem
1072 1772 1278 1803 nostrarum
1308 1768 1515 1803 litterarum
1542 1767 1627 1803 estis
1651 1767 1961 1803 admonitionibus

326 1825 568 1867 exhortand13
590 1824 756 1858 eumdem
773 1824 923 1857 fratrem
947 1827 1111 1857 nostrum
1144 1823 1188 1856 ad
1214 1822 1402 1857 ecclesiam
1418 1833 1520 1856 suam
1542 1825 1578 1857 et
1606 1822 1651 1856 ad
1674 1833 1736 1856 vos
1760 1833 1843 1856 cum
1867 1820 1961 1856 sedis

326 1880 543 1924 apostolicae
568 1884 603 1913 et
626 1878 819 1913 literarum
843 1883 1051 1912 nostrarum
1078 1889 1136 1921 pr(
1146 1877 1343 1920 secutione,
1361 1877 1515 1912 ducente
1540 1876 1706 1918 Domino,
1739 1879 1960 1912 remeantem

330 1933 560 1970 universitati
585 1937 726 1968 vestrae
749 1932 919 1967 duximus
955 1932 1131 1967 attentius
1163 1933 1502 1974 commendandum,
1536 1943 1600 1976 per
1623 1931 1826 1976 praesentia
1860 1931 1963 1967 vobis

334 1990 467 2033 sctipta
484 1991 697 2023 mamantes
720 1991 898 2030 quatenus
922 1999 1004 2022 eum
1028 1993 1235 2022 reverenter
1259 1991 1294 2021 et
1316 1987 1464 2021 honeste
1485 1986 1678 2030 recipiatis,
1704 1991 1739 2022 et
1761 1987 1911 2022 filialem
1927 1987 1961 2023 ei

335 2043 577 2078 reverentiam
602 2048 636 2076 et
659 2042 835 2077 honorem
855 2042 997 2086 J’ugiter
1015 2042 1237 2083 exhibentes,
1257 2045 1330 2076 tam
1355 2042 1398 2075 de
1420 2041 1478 2075 his
1501 2052 1594 2084 quae
1618 2053 1727 2085 supra
1745 2041 1843 2076 dicta
1864 2045 1961 2084 sunt,

331 2112 439 2143 quam
455 2100 499 2133 de
523 2099 605 2133 aliis
620 2109 712 2142 quae
737 2098 775 2132 in
792 2098 893 2133 vobis
921 2097 1058 2132 suerint
1080 2097 1313 2141 corrigenda,
1328 2096 1518 2131 humiliter
1541 2097 1747 2131 salubribus
1762 2097 1964 2141 praeceptis

331 2159 408 2198 ejus
424 2153 612 2193 obediatis,
642 2157 822 2195 quatenus
837 2155 872 2186 et
888 2152 963 2196 ipse
978 2163 1043 2195 pro
1059 2151 1222 2195 impenso
1236 2152 1337 2186 vobis
1352 2150 1627 2195 gubernationis
1639 2151 1758 2186 officio
1770 2155 1963 2196 perpetuae

330 2220 501 2244 coronam
525 2207 665 2251 gloriae
690 2207 821 2248 valeat,
841 2206 996 2240 Domino
1020 2206 1188 2246 donante,
1207 2205 1406 2250 percipere,
1433 2208 1469 2240 et
1496 2217 1559 2240 vos
1585 2204 1811 2241 obedientiae
1833 2206 1963 2242 merito

331 2265 375 2299 ad
391 2263 527 2307 gaudia
543 2267 710 2297 aeternae
728 2261 912 2297 felicitatis
930 2261 1073 2305 possitis
1089 2273 1171 2296 cum
1190 2273 1231 2296 eo
1249 2261 1387 2305 pariter
1404 2260 1570 2296 introire.

377 2320 509 2353 Datum
526 2317 664 2352 Romae
680 2317 775 2361 apud
794 2320 959 2351 sanctum
978 2317 1141 2357 Petrum,
1158 2316 1262 2351 nonis
1278 2315 1483 2351 Februarii.

683 2383 773 2418 Dom
790 2384 970 2427 Bouquet,
991 2383 1148 2424 Recueiz,
1169 2384 1247 2418 deel
1264 2383 1344 2426 XV,
1365 2383 1432 2418 blz.
1447 2384 1524 2419 479.
1537 2383 1655 2427 (Jaffe,
1668 2383 1747 2420 deel
1764 2384 1891 2430 11‚blz.
1906 2386 1960 2428 86,

750 2443 764 2461 ¹*
782 2441 866 2473 9688
884 2465 891 2472 .

725 2450 749 2474 n
869 2444 879 2480 )
1108 2490 1192 2533 33.

393 2580 679 2629 1152-1157,
708 2580 965 2637 ΚαφηενῇΙε.
992 2580 1260 2636 Verklaring
1292 2594 1377 2624 van
1405 2580 1627 2632 Nikolaas,
1655 2580 1854 2636 bisschop
1875 2593 1962 2624 van

332 2649 573 2705 Kamerijk,
606 2649 858 2704 aangaande
892 2650 973 2692 den
1007 2649 1154 2693 ketter
1185 2650 1334 2693 Jonas.
1364 2675 1416 2680 —
1451 2651 1560 2692 Deze
1592 2650 1740 2701 Jonas,
1777 2649 1844 2692 die
1875 2650 1965 2692 met

333 2719 415 2760 den
449 2717 524 2760 abt
558 2731 640 2759 van
674 2718 1073 2775 Jette-bij-Brussel
1109 2718 1444 2775 moeilijkheden
1481 2719 1581 2771 had,
1620 2718 1743 2761 werd
1775 2717 1880 2761 door
1912 2717 1964 2760 de

335 2786 743 2841 aartsbisschoppen
766 2800 850 2829 van
876 2787 1045 2830 Keulen
1069 2801 1123 2829 en
1147 2801 1229 2829 van
1255 2787 1378 2830 Trier
1401 2801 1454 2830 en
1478 2787 1583 2829 door
1603 2787 1656 2829 de
1678 2786 1964 2842 bisschoppen

334 2854 529 2897 Hendrik
572 2867 624 2895 en
669 2855 917 2898 Alexander
958 2856 1138 2912 plichtig
1183 2855 1404 2900 bevonden
1449 2869 1531 2898 aan
1575 2855 1625 2898 de
1668 2855 1841 2912 ketterij
1886 2855 1965 2898 der

334 2924 566 2967 Catharen.
604 2922 664 2977 Op
698 2924 811 2980 zijne
843 2923 973 2967 beurt
1005 2928 1145 2980 werpt
1179 2925 1277 2968 hem
1309 2924 1511 2980 bisschop
1544 2924 1749 2968 Nikolaas
1787 2924 1852 2967 als
1883 2935 1964 2965 een

334 2995 483 3035 verret
507 2989 563 3033 lid
589 2990 650 3033 uit
672 2991 723 3034 de
748 2992 884 3036 Kerk.

2068 2979 2091 2998 tt

2064 3269 2085 3466 '‘su-uem
2074 3234 2082 3249 -,
