2097 3466
384 260 443 293 514
1060 258 1192 292 ANNO
1220 259 1316 292 1517

382 351 556 397 premiere
573 350 638 385 soi>-
654 349 737 393 qu'il
753 361 798 384 cn
814 350 922 384 soroit
937 350 1075 389 attaint.
1094 351 1196 385 d'une
1212 350 1361 385 amende
1385 350 1603 394 pecuniaire,
1623 353 1721 386 selon
1743 363 1782 387 sa
1805 352 1940 397 qualite
1963 356 1998 390 et

381 411 401 441 il
418 407 451 440 la
467 404 658 440 discretion
682 403 742 438 dos
765 405 884 447 juge&
911 404 1050 447 laquelc
1074 415 1162 438 nous
1193 405 1343 438 voulons
1369 407 1461 439 estro
1476 404 1672 440 distribuee
1687 417 1732 440 en
1748 406 1836 442 trois
1853 407 1997 451 partim,

381 462 473 496 l'unc
489 470 579 502 pour
602 458 692 492 Dieu
722 461 757 492 et
782 469 826 492 cn
851 458 1046 499 aulmonos,
1065 458 1189 493 l'autre
1205 470 1250 492 au
1278 458 1446 502 prouffict
1460 459 1504 494 de
1520 451 1765 501 racchsateur,
1783 465 1818 496 et
1856 461 1892 495 la
1915 461 1999 496 troi-

381 515 489 549 sieme
512 524 557 547 au
590 511 742 556 proufict
763 511 806 546 de
829 512 987 546 l'offioicr
1009 512 1071 556 qui
1108 524 1152 548 en
1179 513 1255 548 fera
1278 513 1313 547 la
1337 513 1512 557 calengue
1535 525 1581 548 ou
1608 514 1809 549 execution.
1834 515 1934 550 Pour
1963 516 1999 550 la

382 567 532 604 secondo
550 566 626 607 fois,
644 566 769 600 d'estre
784 566 1053 609 publiquement
1069 567 1228 610 pillorisc
1244 579 1290 602 ou
1307 567 1622 610 essehauffauldre,
1637 572 1673 604 et
1698 568 1800 603 avoir
1815 569 1851 603 la
1866 569 1999 614 langue

383 633 514 667 pemee.
534 621 577 656 Et
593 631 683 665 pour
698 621 733 654 la
750 619 928 655 troisieme
945 620 1022 662 fois,
1040 621 1165 657 d'estre
1182 622 1266 657 batu
1282 626 1318 657 et
1333 621 1490 666 fustigue
1515 623 1559 658 de
1574 634 1700 667 verges
1716 634 1782 667 par
1807 624 1858 659 les
1873 635 1998 668 quare-

382 679 480 712 sours
495 676 556 711 des
572 675 674 710 villes
700 677 735 709 et
761 674 858 709 lieux
882 686 927 709 ou
945 675 977 709 lc
994 686 1052 709 cas
1067 675 1274 718 adviendra„
1293 680 1328 712 et
1353 688 1456 720 apres
1473 677 1592 721 banny
1608 688 1630 711 a
1645 679 1837 722 tousjoum,
1856 679 1879 713 εὶ
1894 678 1998 722 peine

380 732 424 766 dc
441 731 474 765 la
491 730 573 766 hart
588 733 623 765 et
637 740 719 763 sans
733 729 866 773 rappel.
883 728 1086 764 Procedant
1101 733 1135 765 et
1153 729 1283 765 faisant
1300 730 1469 774 proceder
1492 734 1615 766 contre
1639 731 1691 766 les
1714 734 1999 777 transgresseurs

382 790 415 820 ct
453 784 664 828 delinquans
702 793 768 827 par
795 783 844 817 les
870 782 981 817 dictes
1008 782 1128 826 pcincs
1156 783 1468 828 rigoureusement
1499 788 1534 820 et
1568 796 1649 820 sans
1680 789 1772 830 port,
1803 787 1929 822 favour
1955 798 2002 822 ou

382 838 656 880 dissimulatiom
701 849 763 872 car
802 837 903 881 ainsy
941 849 1031 873 nous
1056 838 1205 882 plaist-il
1229 841 1263 873 et
1290 839 1333 874 de
1361 851 1400 874 ce
1430 839 1520 875 faire
1546 851 1634 875 vous
1666 841 1829 876 donnons
1861 841 2000 886 povoir,

381 894 561 930 authorite
576 897 612 929 et
626 894 854 929 mandcment
868 894 1033 938 especial.

427 952 550 986 Donne
566 961 610 984 cn
628 952 746 985 nostre
758 949 843 985 ville
858 949 901 985 de
919 950 1118 991 Bruxelles,
1135 950 1169 986 le
1183 949 1327 986 dernier
1336 952 1424 995 jour
1439 951 1483 986 de
1508 953 1713 995 novembre,
1732 953 1803 988 l’an
1826 952 1891 988 mil
1919 952 2003 996 cinq

384 1014 465 1037 cens
496 1005 531 1037 ct·
553 1001 614 1037 dix
649 1003 735 1046 sept.
766 1001 885 1036 Soubz
912 1004 1014 1036 estoit
1041 1003 1165 1036 escrit:
1192 1002 1264 1037 Par
1286 1003 1320 1038 le
1352 1002 1432 1047 Roy
1461 1014 1506 1038 en
1535 1014 1599 1038 son
1632 1003 1784 1040 Conseil.
1803 1004 1848 1039 Ec
1873 1005 2002 1048 sique:

385 1057 585 1092 Hanncton.

736 1133 952 1168 Placeaeten
969 1145 1041 1169 van
1066 1134 1307 1176 Vlaenderew,
1323 1134 1402 1170 deel
1417 1135 1445 1177 Ι,
1463 1136 1529 1170 blz.
1549 1137 1602 1170 37.
1620 1154 1663 1162 —
1685 1136 1746 1172 Dit
1761 1137 1845 1172 stuk
1873 1148 1919 1173 en
1945 1137 2007 1174 het

773 1189 949 1233 volgende
965 1200 1035 1224 van
1052 1191 1137 1224 1519
1160 1189 1225 1231 (zie
1247 1190 1374 1225 verder
1389 1201 1453 1225 ons
1469 1197 1507 1225 nr
1531 1192 1606 1233 435)
1628 1192 1710 1234 ziJn,
1734 1191 1788 1226 als
1809 1190 1871 1227 het
1895 1203 2004 1235 ware,

773 1244 817 1279 de
845 1247 958 1279 eerstc
986 1244 1157 1279 bedeesde
1180 1247 1327 1289 stappen
1351 1256 1396 1288 op
1422 1245 1476 1280 dit
1497 1245 1625 1290 gebied
1651 1256 1721 1280 van
1750 1245 1924 1290 dengene,
1947 1246 2006 1282 die

777 1300 869 1334 later
884 1299 937 1333 als
953 1298 1073 1333 keizer
1088 1299 1198 1334 Karel
1214 1299 1246 1333 V
1261 1299 1306 1334 de
1329 1299 1462 1334 ketters
1488 1300 1552 1334 der
1578 1298 1829 1335 Nederlanden
1852 1299 1890 1335 in
1915 1301 2006 1343 zijne

777 1354 917 1388 edicten
933 1364 995 1388 zoo
1007 1353 1240 1388 vastberaden
1256 1364 1301 1389 en
1317 1356 1440 1398 streng
1455 1353 1688 1389 behandelde.
1701 1372 1744 1379 —
1757 1353 1819 1390 Dit
1833 1354 2007 1398 plakkaat

775 1411 880 1443 stemt
895 1419 1082 1452 nagenoeg
1105 1419 1257 1443 overeen
1280 1410 1354 1443 met
1379 1408 1532 1452 hetgeen
1558 1408 1602 1443 de
1625 1408 1802 1444 Gentsche
1827 1408 2006 1454 rechtsge—

780 1463 898 1498 lccrde
929 1461 1069 1506 Philips
1099 1461 1275 1504 Wielant,
1308 1462 1359 1497 lid
1386 1474 1455 1497 van
1493 1463 1563 1498 den
1601 1462 1758 1498 Grooten
1795 1461 1900 1496 Raad
1936 1472 2007 1497 van

774 1517 974 1559 Mcchelen,
1014 1516 1209 1551 omstreeks
1248 1518 1332 1551 1515
1370 1517 1408 1551 in
1445 1518 1537 1559 zijne
1568 1516 1776 1560 Practtjcke
1808 1515 2007 1551 Oriminele

776 1572 934 1615 (uitgave
968 1570 1032 1605 der
1062 1570 1275 1604 Vlaamsche
1301 1570 1557 1615 Bibliophssen,
1597 1571 1690 1605 Gent
1721 1571 1816 1611 1872,
1849 1569 1916 1605 blz.
1951 1571 2006 1613 83)

776 1625 1017 1662 neerschreef:
1038 1638 1053 1652 «ε
1073 1623 1300 1668 Blasphemie
1309 1625 1438 1669 jegens
1455 1625 1553 1660 Gode
1574 1624 1604 1659 is
1627 1635 1714 1660 naer
1740 1624 1784 1659 de
1810 1635 2004 1669 gescreven

775 1680 906 1714 civilen
936 1678 1058 1713 rechte
1089 1677 1261 1721 lzjvelzjck
1295 1680 1329 1713 te
1358 1677 1574 1722 punierene3
1605 1678 1695 1713 ende
1732 1688 1815 1712 men
1850 1679 2005 1714 verstaet

777 1731 1006 1777 blasphemie,
1032 1732 1167 1773 alsmen
1189 1735 1261 1767 met
1291 1743 1356 1767 een
1379 1734 1585 1776 opgesetten
1608 1731 1703 1766 wille
1734 1733 1841 1775 quaet
1867 1734 2005 1776 spreect

771 1788 911 1822 vanden
937 1786 1198 1830 almuegenden
1225 1786 1313 1828 God,
1343 1785 1400 1822 die
1427 1797 1490 1821 ons
1505 1786 1707 1831 geschapen
1721 1787 1810 1822 ende
1837 1791 2002 1831 gemaect

769 1844 867 1879 heeft
889 1842 978 1877 ende
1003 1842 1159 1876 daervan
1187 1852 1294 1876 onsen
1322 1852 1439 1876 wesen
1461 1842 1551 1876 ende
1574 1842 1744 1877 welvaert
1766 1841 1918 1877 hebben.
1951 1843 2001 1877 Et

771 1901 806 1933 si
822 1899 904 1943 quis
919 1896 1180 1931 consuetudine
1196 1896 1352 1930 tenderit
1368 1898 1409 1929 in
1424 1895 1639 1938 hujusmodi
1655 1895 1842 1939 delictum,
1860 1898 1998 1942 optimo

764 1956 853 1995 jure
868 1953 965 1986 venit
989 1950 1039 1985 ad
1065 1955 1218 1985 mortem
1241 1950 1530 1994 condempnatus
1543 1960 1555 1992 ‚·
1575 1951 1609 1983 si
1631 1955 1753 1985 tamen
1773 1950 1911 1995 (semel)
1935 1956 2000 1986 aut

774 2008 830 2041 bis
866 2006 985 2040 solum
1013 2007 1292 2049 perpetraverit,
1320 2009 1512 2049 prospecta
1544 2003 1707 2038 hominis
1737 2006 2000 2040 consuetudine

772 2062 933 2104 vivendi,
951 2061 1029 2095 alia
1052 2060 1170 2094 multa
1192 2062 1289 2093 venit
1306 2059 1521 2104 puniendus
1527 2087 1590 2094 .....
1610 2059 1838 2103 Blasphemie
1853 2071 1996 2106 gespro-

771 2118 840 2151 kcn
854 2117 918 2151 der
933 2116 1080 2151 Moeder
1096 2115 1189 2149 Gods
1204 2114 1234 2148 is
1249 2118 1283 2149 te
1299 2115 1495 2158 punierene
1511 2114 1750 2158 arbitrarelijc
1766 2114 1805 2149 in
1827 2115 1872 2150 de
1887 2117 1996 2159 tonge

771 2173 823 2206 oft
841 2171 1036 2212 andersins,
1054 2174 1108 2205 ter
1122 2170 1288 2205 discretie
1310 2170 1450 2204 vanden
1467 2171 1578 2213 juge3
1603 2181 1663 2204 zoe
1686 2170 1717 2204 is
1746 2181 1811 2205 ooo
1837 2170 1881 2205 de
1909 2170 1996 2205 blas-

770 2225 910 2268 phemie
947 2224 1084 2268 gedaen
1123 2224 1216 2258 Gods
1252 2223 1461 2267 hcijlighen.
1505 2224 1602 2258 Naer
1632 2227 1817 2259 coustume
1850 2223 1996 2258 worden

769 2279 893 2314 zulcke
909 2278 1213 2322 blasphematuers
1228 2282 1326 2322 geset
1340 2278 1378 2312 in
1394 2278 1526 2322 pillorij
1544 2278 1634 2313 ende
1657 2277 1862 2312 huerlieder
1883 2279 1993 2320 tonge

768 2333 982 2369 doorstcken
1014 2335 1088 2367 met
1112 2344 1223 2368 eenen
1248 2335 1353 2376 ijsere
1377 2333 1413 2366 al
1443 2333 1654 2376 geloijende,
1673 2332 1763 2367 ende
1789 2332 1878 2366 dacr
1907 2342 1995 2366 naer

772 2389 960 2432 gebannen
987 2387 1038 2421 oft
1059 2387 1260 2431 gepuniert,
1284 2398 1343 2421 soe
1365 2387 1427 2421 dat
1449 2387 1492 2421 de
1515 2389 1670 2422 statuten
1693 2387 1826 2430 daerop
1841 2385 1989 2430 geordo-

768 2446 868 2478 necr‘n
883 2442 1015 2477 ment-ie
1029 2442 1171 2477 maken.
1193 2458 1208 2471 ⁵⁹
1225 2461 1268 2467 —
1291 2442 1385 2476 Over
1406 2441 1569 2477 Wielant
1595 2453 1640 2477 en
1666 2444 1757 2485 zijne
1786 2439 1994 2484 Practtjjcke

771 2497 977 2538 Criminele,
1008 2497 1061 2531 zie
1090 2497 1194 2532 Ferd.
1220 2497 1364 2531 Vander
1389 2496 1573 2540 Hacghcn,
1599 2497 1736 2532 Arnold
1766 2507 1811 2532 en
1842 2495 1992 2531 Vanden

768 2551 935 2596 Berghc‘s
951 2550 1177 2586 Bibliotheca
1196 2550 1358 2594 Bclyz‘ca.

1114 2716 1236 2760 432.

441 2852 575 2903 1517,
605 2851 914 2895 (Judenaarde.
940 2851 1175 2894 Uittreksel
1193 2850 1256 2894 uit
1273 2850 1324 2893 de
1342 2850 1607 2907 rekeningen
1626 2864 1709 2894 van
1732 2821 1815 2894 den
1831 2849 1992 2908 baljuw

375 2934 457 2964 van
481 2920 762 2963 Oudenaarde
779 2933 881 2963 over
902 2920 977 2964 het
994 2919 1190 2963 beiaalde
1211 2933 1295 2963 aan
1317 2919 1397 2962 den
1415 2919 1511 2963 beul
1530 2924 1598 2964 ter
1614 2920 1897 2976 gelegenheid
1914 2919 1992 2964 der
