2097 3466
776 234 910 272 ΑΝΝο
933 247 965 271 c.
993 236 1093 272 1380
1176 208 1182 212 ’
1687 237 1753 272 239

868 368 990 414 226.

182 495 439 540 Omstreeks
466 495 605 548 1380,
633 496 888 540 Devenler?
920 495 1044 540 Brief
1067 510 1153 540 van
1188 495 1322 539 Geert
1356 495 1519 539 Groote
1547 495 1597 552 (†
1623 496 1755 554 1384)

117 579 200 610 aan
238 566 415 609 Reinier
451 579 534 609 van
567 567 761 623 Drynen,
797 569 974 622 pastoor
1004 570 1048 609 te
1079 564 1256 617 Zwolle‚
1293 578 1361 608 om
1399 565 1497 608 hem
1536 568 1665 622 tegen
1703 566 1755 608 de

116 634 368 679 kettersche
391 649 647 678 sermoenen
669 649 754 678 van
777 634 962 678 broeder
984 635 1330 679 Bartholomaeus
1356 637 1400 677 te
1422 635 1753 678 waarschuwen

117 718 171 747 en
194 704 293 748 hem
315 705 427 763 zijne
449 704 805 749 tusschenkomst
828 718 910 748 aan
933 708 978 748 te
1001 704 1172 748 bieden.
1200 729 1257 735 —
1281 703 1348 760 Hij
1374 707 1472 760 zegt
1495 703 1687 760 gehoord
1710 706 1754 746 te

115 772 286 817 hebben
308 787 393 817 van
418 775 469 818 de
491 773 800 832 verderfelijke
824 787 1080 817 sermoenen
1115 773 1220 816 door
1243 773 1340 816 dien
1373 773 1752 816 Dordrechtsehen

114 843 340 901 augustijn
371 846 416 887 te
448 845 645 900 Kampen
679 843 910 900 gepredikt
932 843 974 886 in
1000 843 1082 886 den
1105 843 1173 885 zin
1206 856 1292 886 van
1326 842 1378 885 de
1411 842 1502 885 leet·
1533 842 1610 885 der
1627 841 1751 899 Vrije

114 912 321 957 Geesten.
348 913 418 957 Nu
456 913 532 956 dat
565 913 912 957 Bartholomaeus
945 926 1053 956 naar
1087 912 1250 954 Zwolle
1283 912 1419 963 komt,
1459 911 1548 954 kan
1578 911 1754 954 Reinier

114 981 214 1025 hem
237 983 300 1026 als
323 986 501 1039 pastoor
524 983 599 1026 het
631 982 840 1038 prediken
864 982 1013 1025 aldaar
1035 981 1284 1024 verbieden.
1320 982 1428 1025 Doet
1450 981 1509 1037 hij
1535 981 1610 1023 het
1644 980 1750 1032 niet,

114 1051 199 1095 dan
222 1055 339 1095 moet
360 1052 420 1110 hij
451 1065 611 1108 zorgen
645 1065 752 1094 voor·
785 1051 837 1095 de
870 1051 1040 1095 zuivere
1074 1051 1165 1094 leer
1197 1050 1290 1093 dier·
1323 1063 1593 1093 sermoenen.
1620 1049 1754 1093 Geert

113 1120 275 1164 Groote
298 1122 402 1165 stelt
423 1135 529 1164 voor
551 1120 639 1164 zelf
656 1121 699 1163 in
724 1121 753 1164 't
777 1121 949 1178 geheim
972 1134 1081 1163 naar
1111 1120 1274 1162 Zwolle
1297 1122 1340 1163 te
1367 1119 1524 1162 komen
1549 1133 1602 1162 en
1631 1132 1679 1162 er
1700 1119 1753 1162 de

113 1190 400 1248 predikingen
425 1194 512 1235 met
546 1204 680 1234 eenen
703 1190 869 1234 notaris
894 1189 1152 1246 ongemerkt
1176 1188 1231 1246 bij
1267 1192 1310 1233 te
1332 1202 1490 1232 wonen
1525 1202 1592 1231 om
1615 1189 1676 1232 uit
1700 1188 1752 1231 de

114 1259 265 1316 eigene
287 1260 492 1304 woorden
529 1274 614 1303 van
638 1259 822 1303 broeder
844 1259 1187 1304 Bartholomaeus
1221 1258 1334 1316 zijne
1367 1258 1543 1315 ketterij
1579 1261 1676 1301 vast
1708 1260 1753 1300 te

113 1329 488 1386 stellen.Volgens
503 1330 635 1373 Geert
652 1329 815 1373 Groote
832 1329 997 1372 zouden
1017 1329 1069 1372 de
1092 1328 1377 1386 augustijnen
1401 1341 1487 1372 van
1512 1327 1753 1370 Dordrecht

113 1398 258 1443 sedert
290 1399 394 1456 lang
417 1400 462 1442 in
486 1399 674 1442 Holland
698 1413 751 1442 en
784 1399 828 1442 in
852 1399 881 1442 ’t
902 1399 1046 1443 Stieht
1067 1398 1279 1442 verdacht
1302 1397 1482 1442 worden
1512 1397 1680 1442 ketters
1702 1397 1746 1440 in

109 1467 202 1512 hun
226 1468 422 1513 klooster
444 1473 490 1513 te
513 1469 665 1514 tellen.

667 1604 726 1639 Ad
750 1608 920 1639 curatum
943 1602 1193 1639 Swollensem.

156 1671 309 1707 Domine
326 1671 504 1716 Reynere,
523 1671 639 1706 amice
656 1670 694 1705 in
714 1670 856 1706 Christo
873 1669 1057 1705 carissime
1063 1697 1173 1704 .....

157 1728 325 1763 Ceterum
349 1727 515 1772 significo
544 1727 645 1762 vobis
662 1727 757 1770 quod
785 1726 932 1770 quidam
960 1726 1072 1761 frater
1102 1724 1401 1760 Bartholomaeus
1432 1723 1589 1764 nomine,
1609 1722 1747 1758 ordinis

111 1783 225 1818 sancti
242 1783 450 1828 Augustini,
470 1794 584 1817 novus
600 1781 833 1817 terminarius
858 1782 1049 1825 deputatus
1066 1780 1104 1814 in
1123 1779 1277 1823 Campis,
1298 1778 1383 1814 feeit
1400 1780 1472 1814 tres
1493 1790 1673 1813 sermones
1690 1779 1751 1813 vel

111 1840 277 1881 quatuor,
293 1838 336 1872 de
353 1838 484 1882 quibus
499 1837 590 1872 mihi
607 1837 781 1881 scriptum
798 1839 862 1878 est,
882 1836 978 1880 quod
994 1836 1150 1870 multum
1167 1835 1344 1869 accedunt
1361 1837 1396 1869 et
1412 1835 1611 1878 procedunt
1623 1846 1749 1868 seeun-

110 1895 196 1930 dum
210 1895 357 1930 modum
375 1895 576 1930 Gerbrandi
593 1898 628 1930 et
643 1895 742 1929 illius
756 1893 929 1930 haeretici
947 1893 1167 1938 pellificis(l)
1187 1896 1222 1928 et
1234 1893 1438 1928 liberorum
1452 1890 1657 1935 spirituum.
1673 1889 1750 1924 Imo

111 1951 253 1996 saepius
269 1951 432 1987 nominat
447 1954 483 1986 et
506 1951 641 1986 exaltat
656 1950 789 1985 liberos
813 1949 962 1994 spiritus
987 1961 1070 1984 cum
1094 1948 1157 1983 illo
1182 1947 1339 1989 nomine,
1358 1950 1393 1982 et
1420 1949 1546 1981 contra
1570 1945 1755 1990 poeniten-

110 2007 199 2043 tiam
223 2007 358 2043 dicitur
373 2007 469 2052 quod
492 2007 689 2052 praedicat,
708 2010 744 2042 et
768 2006 867 2041 vadit
890 2007 987 2042 ultra
1011 2005 1134 2041 omnia
1163 2003 1417 2049 intelligibilia
1433 2007 1468 2039 et
1484 2001 1753 2047 imaginabilia,

109 2066 145 2098 et
161 2062 278 2098 utitur
294 2062 412 2097 verbis
429 2062 588 2106 profanis
615 2061 739 2096 multis
765 2064 801 2096 et
828 2061 1024 2102 erroribus
1047 2064 1086 2096 ut
1110 2060 1257 2095 dicitur.
1286 2060 1331 2095 Et
1355 2059 1504 2103 ipsemet
1527 2058 1627 2099 dicit,
1654 2057 1751 2101 quod

110 2129 182 2153 non
198 2118 286 2152 facit
301 2129 360 2160 ρας
375 2120 411 2152 ct
427 2117 538 2152 intrat
554 2118 722 2152 tabernas
738 2119 773 2151 et
790 2119 910 2160 captat
926 2115 1106 2150 amicitias
1124 2117 1303 2160 maJ'orum
1320 2117 1355 2149 et
1372 2113 1552 2149 neminem
1569 2112 1747 2156 inculpat.

110 2172 212 2208 Nihil
236 2175 289 2208 est
312 2171 549 2216 periculosius
565 2183 673 2215 quam
691 2171 901 2215 praedicare
917 2170 980 2204 illa
997 2169 1173 2204 altissima
1189 2173 1224 2205 et
1249 2180 1320 2204 non
1348 2169 1478 2203 docere
1495 2168 1591 2202 viam
1608 2167 1654 2202 ad
1670 2167 1748 2208 illa,

109 2229 196 2273 quia
225 2230 349 2264 beatus
390 2228 582 2272 Dionysius
609 2228 648 2262 in
676 2226 830 2272 Mystica
855 2226 919 2261 illa
952 2225 1153 2270 Theologia
1178 2225 1243 2259 illa
1270 2225 1402 2260 docens
1425 2225 1531 2269 jubet
1563 2223 1684 2257 caveri
1717 2226 1753 2257 et

109 2284 280 2319 abscondi
297 2285 341 2318 ab
358 2284 522 2328 impuris,
541 2287 577 2318 et
587 2285 704 2328 janua
727 2282 886 2317 haeresis
911 2285 964 2317 est
979 2282 1072 2316 velle
1097 2280 1336 2324 contemplari
1369 2278 1547 2314 altissima
1581 2278 1645 2312 Dei
1676 2277 1753 2312 sine

110 2340 325 2384 purgatione
342 2339 588 2383 praecedente.
617 2338 735 2374 Etiam
765 2341 805 2373 ut
832 2337 940 2372 dicit:
963 2338 1077 2372 bonus
1093 2340 1128 2372 et
1157 2336 1336 2380 perfectus
1366 2335 1433 2377 vir,
1463 2338 1502 2369 ut
1529 2333 1649 2375 audio,
1678 2344 1749 2367 non

109 2395 214 2430 debet
237 2394 374 2430 intrare
400 2406 579 2437 eremum3
597 2396 633 2429 et
649 2393 744 2437 quod
762 2391 925 2427 Christus
942 2403 1014 2427 non
1037 2394 1088 2428 est
1105 2394 1337 2426 conversatus
1354 2391 1392 2425 in
1409 2401 1550 2432 eremo3
1573 2388 1749 2433 quidquid

110 2449 205 2484 Deus
232 2453 285 2485 est
315 2461 379 2493 per
411 2452 590 2490 naturam,
625 2449 694 2483 hoe
727 2459 791 2482 nos
823 2447 1002 2482 efficimur
1035 2458 1100 2491 per
1123 2446 1355 2491 g1·atiam;et
1379 2445 1474 2490 quod
1500 2444 1575 2479 vita
1602 2442 1752 2487 perfecti

109 2504 267 2539 hominis
284 2504 388 2540 debet
404 2504 549 2538 fundari
567 2515 674 2547 super
697 2514 788 2547 puro
814 2502 941 2543 nihilo,
961 2505 996 2537 et
1023 2502 1168 2537 similia.
1190 2501 1258 2536 Hie
1290 2500 1399 2536 timeo
1428 2499 1523 2544 quod
1550 2499 1596 2533 sit
1623 2498 1747 2542 lupus;

109 2559 322 2604 praemunio
335 2563 374 2594 ut
390 2559 542 2595 videatis
556 2571 638 2594 eum
654 2558 871 2594 venientem.
891 2557 1070 2602 Religiosi
1088 2557 1229 2592 nullum
1247 2556 1381 2591 habent
1397 2554 1629 2600 privilegium
1646 2564 1747 2597 prae-

109 2614 254 2651 dicandi
272 2614 342 2650 nisi
366 2615 509 2659 quando
529 2613 686 2650 voluerit
704 2625 763 2649 cos
781 2616 928 2649 curatus
945 2612 1156 2657 admittere3
1174 2612 1226 2647 sic
1243 2611 1338 2656 quod
1354 2612 1470 2655 potest
1484 2620 1543 2645 eos
1559 2607 1749 2644 admittere

154 2768 198 2809 (1)
216 2767 267 2802 De
283 2765 402 2802 ketter
417 2765 605 2801 Gerbrand
622 2777 665 2802 en
682 2766 725 2801 de
742 2765 946 2802 kettersche
961 2764 1176 2802 leertouwer
1191 2775 1314 2800 waren
1331 2766 1384 2799 tot
1399 2762 1538 2798 hiertoe
1555 2759 1744 2796 onbekend

110 2823 285 2868 gebleven
301 2823 476 2867 (Acquoy,
496 2824 562 2857 bla.
583 2825 623 2857 20·
649 2824 766 2865 noot);
786 2833 887 2857 maar
902 2822 992 2857 Moll
1015 2822 1112 2858 heeft
1143 2822 1212 2857 den
1238 2823 1351 2857 eerste
1379 2831 1449 2854 van
1475 2817 1602 2853 beiden
1634 2817 1747 2852 nader

110 2879 202 2913 doen
219 2878 361 2914 kennen
378 2878 416 2912 in
432 2879 475 2913 de
492 2878 645 2911 Studien
669 2889 714 2911 cn
740 2877 944 2922 Bijdraqen
969 2888 1014 2921 op
1037 2878 1059 2911 ’c
1072 2877 1205 2922 qebied
1223 2877 1290 2912 der
1305 2873 1529 2911 historische
1544 2872 1738 2917 theoloyie,

110 2933 189 2969 decl
205 2933 232 2976 I,
252 2934 317 2969 blz.
337 2936 401 2970 344
418 2945 476 2978 vg.
496 2933 570 2976 (Zie
586 2933 715 2971 verder
732 2945 796 2969 ons
813 2933 896 2970 stuk
913 2940 951 2969 nr
969 2935 1056 2975 233).
