2097 3466
296 229 355 261 1³2³
941 225 1072 259 ANNO
1102 226 1331 259 1:3213-1320

292 324 322 355 et
354 320 458 354 niodo
486 319 649 353 inaudito
677 322 783 362 atque
813 318 1002 362 tyrannico
1026 318 1124 352 viros
1152 317 1412 352 ecclesiasticos
1440 319 1745 362 persequebatur3
1775 322 1810 354 ct
1834 319 1930 364 ipsos

294 387 416 409 omnes
432 374 624 418 expulisset
649 385 667 407 a
694 374 822 417 putria.
844 373 945 407 bonis
967 384 1092 407 eorum
1118 372 1234 416 primo
1260 373 1473 414 confiscatis,
1493 373 1561 408 nisi
1580 375 1679 418 justo
1705 373 1769 408 Dei
1787 374 1929 419 judicio

295 430 415 463 suisset
445 429 481 463 in
509 429 702 462 Hontseota
729 440 791 472 per
816 429 1019 462 Furnenscs
1036 427 1175 461 occisus
1199 431 1235 462 ct
1257 428 1494 472 postmodum,
1512 428 1596 463 licet
1620 428 1709 463 fatui
1738 430 1929 472 populares

293 497 374 517 eum
393 493 564 526 tanquam
582 487 746 517 sanctuni
764 484 969 523 adorarent,
989 482 1133 517 diabolo
1158 482 1252 525 ipsos
1276 483 1478 523 seducent-e,
1505 495 1568 526 per
1585 483 1767 528 judicium
1792 485 1928 528 praela-

295 548 412 572 torum
442 537 603 571 oninium
632 537 834 571 vicinorum
864 540 898 571 et
929 536 1065 571 domini
1095 537 1324 578 Morincnsis,
1352 537 1534 572 diocesani
1558 537 1727 582 episcopi,
1757 540 1929 582 tanquam

295 592 469 637 pessimus
487 592 715 627 heresiarcha
736 593 820 636 igne
837 596 1028 627 crematus.

625 670 828 705 Chronicon
845 672 1015 703 comitum
1032 671 1564 715 Flanclrcnse'zcm,uitgcgeven
1579 672 1668 705 door
1680 671 1712 706 J.
1724 672 1757 707 J,
1775 672 1929 716 Desmet,

690 726 827 770 Corpus
844 725 1103 760 chronicorum
1121 726 1340 768 manco-iac,
1360 727 1439 762 dccl
1456 727 1483 768 Ι,
1503 727 1569 763 blz.
1589 729 1664 763 202.

1068 843 1181 886 183.

361 948 649 1000 1326-1329,
700 950 998 992 Vlaanderen,
1043 950 1282 993 Uittreksel
1321 950 1386 993 uit
1428 950 1479 993 de
1516 950 1692 1007 kronijk
1725 964 1809 993 van
1848 951 1932 994 den

295 1016 538 1073 tijdgenoot
572 1017 766 1068 Willem,
795 1032 1034 1073 procureur
1057 1033 1110 1060 en
1141 1019 1317 1061 monnik
1353 1033 1439 1062 van
1470 1018 1682 1075 Egmond‚
1721 1032 1826 1062 over
1857 1020 1934 1064 het

298 1089 544 1141 ontgraven
569 1099 622 1128 en
642 1085 918 1130 verbranden
941 1101 1027 1130 van
1051 1088 1126 1131 het
1149 1087 1227 1145 lijk
1251 1102 1354 1131 eens
1375 1088 1658 1131 ketterschen
1675 1088 1931 1132 hoofdmans

297 1152 374 1196 der
407 1155 632 1211 oproerige
655 1159 912 1211 gemeenten
936 1157 979 1198 in
1004 1157 1301 1200 Vlaanderen.

344 1279 421 1313 Hoc
437 1279 559 1323 itaque
575 1282 679 1323 pacto
696 1281 799 1325 larga
816 1280 924 1315 nimis
938 1281 1214 1317 Flandrensium
1232 1281 1396 1326 impietas
1412 1281 1692 1317 submittitur....
1712 1280 1772 1316 Fit,
1788 1281 1936 1326 insuper

299 1347 363 1379 per
387 1338 504 1379 partes
522 1336 714 1371 Flandriae
739 1336 926 1380 inquisitio
951 1337 1221 1372 communitatis
1246 1337 1503 1381 principalium
1526 1336 1689 1381 quamvis
1714 1337 1823 1372 etiam
1840 1348 1933 1372 mor-

298 1394 455 1431 tuorum,
483 1403 636 1434 quorum
660 1403 754 1425 nnus
780 1392 823 1426 de
851 1391 1030 1427 cimiterio
1059 1395 1098 1427 ut
1126 1405 1221 1427 nunc
1245 1405 1327 1427 cum
1356 1393 1529 1427 ecclesiae
1556 1391 1749 1427 interdicto
1777 1392 1930 1434 tollitur,

300 1447 403 1489 cujus
420 1457 549 1490 corpus
565 1445 603 1480 in
620 1446 699 1481 loco
716 1445 881 1490 patibuli,
900 1447 1112 1491 decapitatis
1127 1447 1196 1482 sibi
1214 1448 1416 1490 faederatiS‚
1436 1449 1699 1483 concrematur.

659 1531 851 1565 W'z'lhelmi
889 1532 1088 1567 chronicon
1119 1534 1292 1568 monachi
1322 1540 1354 1569 ct
1385 1536 1642 1580 procuratoris
1677 1534 1933 1579 Eymondam',

691 1586 907 1631 uitgegeven
923 1588 1012 1624 door
1027 1589 1244 1631 Matthaeus,
1263 1590 1452 1632 Analecta,
1470 1590 1548 1625 deel
1569 1589 1615 1632 11,
1634 1590 1701 1624 blz.
1720 1592 1798 1627 686.

1059 1716 1180 1760 184.

364 1843 655 1893 13264329,
707 1843 1006 1886 Vcaanderen.
1054 1843 1296 1887 Uittreksel
1348 1843 1411 1886 uit
1463 1843 1680 1901 Meyerus'
1732 1844 1938 1887 Annales

310 1912 552 1955 Flandrz'ae
583 1925 688 1954 over
725 1912 777 1954 de
806 1912 1065 1962 wandaden,
1094 1913 1257 1964 moord,
1293 1912 1536 1969 begraving
1574 1926 1628 1955 en
1673 1912 1938 1969 ontgraving

302 1994 387 2022 van
407 1980 538 2023 Jacob
562 1983 688 2038 Peyt,
717 1981 854 2024 wiens
885 1981 965 2038 lijk
999 1995 1052 2037 op
1084 1981 1208 2024 bevel
1242 1995 1328 2024 van
1355 1982 1604 2038 Engelram,
1627 1980 1827 2037 bisschop
1850 1995 1936 2024 van

304 2050 531 2101 Terwaan‚
560 2051 623 2093 als
641 2050 784 2107 zijnde
802 2051 876 2093 dat
898 2064 982 2093 van
1008 2064 1146 2094 eenen
1169 2051 1316 2094 ketter
1340 2054 1404 2094 tot
1427 2050 1532 2094 asch
1555 2050 1677 2093 werd
1698 2049 1930 2094 verbrand.

348 2174 480 2219 [Anno]
504 2175 816 2211 MCCCXXVI....
849 2177 1005 2212 Jacobus
1037 2178 1138 2221 Peyt,
1172 2177 1373 2222 praefectus
1405 2176 1651 2220 plaebeiorum
1684 2175 1935 2221 Bergensium,

303 2229 410 2263 homo
426 2229 624 2274 sacrilegus
637 2230 883 2266 crudelissime
899 2231 937 2265 in
950 2243 1108 2275 quosque
1123 2231 1362 2276 quietissimos
1378 2231 1584 2275 saeuiebat3
1603 2243 1691 2275 quos
1707 2233 1747 2266 ut
1762 2231 1936 2275 praehen-

304 2284 423 2324 disset‚
450 2284 569 2319 statim
601 2285 694 2319 mori
723 2286 842 2330 coegit
869 2286 967 2321 haud
994 2287 1103 2321 aliam
1132 2290 1343 2331 praetexens
1370 2299 1516 2321 causam
1544 2298 1652 2330 quam
1680 2287 1776 2330 quod
1802 2286 1938 2321 diceret

304 2339 421 2383 magis
445 2350 504 2373 cos
536 2339 761 2374 nobilitatem
794 2352 901 2384 quam
933 2341 1204 2377 multitudinem
1235 2342 1400 2386 diligere.
1435 2341 1505 2376 Sed
1535 2345 1570 2376 et
1598 2341 1776 2376 morituro
1807 2340 1938 2386 cuique

303 2394 467 2428 lictorem
485 2394 661 2438 sanguine
678 2398 741 2430 aut
764 2395 939 2431 affinitate
963 2396 1127 2431 iunctum
1144 2396 1398 2440 perquirebat3
1417 2396 1468 2430 sic
1492 2396 1604 2431 frater
1625 2397 1786 2438 fratrem,
1805 2408 1936 2440 cogna-

303 2450 361 2481 tus
385 2451 592 2491 cognatum,
618 2460 720 2484 socer
741 2461 904 2484 socerum
927 2454 1073 2485 coactus
1099 2454 1152 2485 est
1176 2450 1379 2486 interficere
1403 2454 1466 2485 aut
1490 2450 1669 2485 ceruicem
1692 2451 1768 2495 ipse
1791 2452 1938 2486 tendere

304 2503 517 2546 percussori.
543 2504 725 2548 Imprimis
750 2517 792 2539 ea
816 2505 961 2549 tyranni
985 2506 1104 2541 rabies
1120 2507 1321 2541 sacerdotes
1337 2507 1643 2550 persequebatur3
1669 2507 1817 2550 optabat
1839 2506 1936 2541 enim

306 2560 412 2593 fando
440 2559 588 2594 unicum
617 2560 763 2595 omnino
791 2573 866 2596 esse
893 2563 1112 2597 sacerdotem
1141 2574 1295 2605 eumque
1327 2562 1365 2596 in
1396 2565 1478 2597 aere
1502 2574 1723 2606 suspensum.
1754 2560 1937 2596 Ecclesiae

302 2613 486 2648 ministros
510 2626 742 2658 quoscunque
765 2616 883 2660 potuit
910 2618 967 2651 vel
991 2616 1094 2651 bonis
1121 2617 1291 2661 spoliauit
1314 2618 1371 2651 vel
1400 2616 1532 2651 occidit
1554 2618 1612 2651 vel
1640 2616 1758 2661 patria
1784 2615 1934 2660 expulit,
1992 2644 1995 2647 Α

302 2682 424 2704 omncs
455 2671 599 2705 tandem
627 2673 679 2713 (ut
706 2671 875 2715 iactabat)
903 2673 941 2706 in
974 2672 1129 2707 nihilum
1155 2674 1378 2714 redacturus,
1409 2672 1478 2707 nisi
1510 2685 1531 2707 a
1562 2672 1810 2707 Furnensibus
1839 2671 1937 2715 apud

303 2724 565 2760 Hondescotam
594 2738 672 2761 sero
700 2727 824 2762 fnisset
852 2728 1001 2762 occisus.
1034 2727 1261 2771 Sepelierunt
1289 2731 1409 2763 autem
1434 2728 1539 2761 illum
1564 2728 1763 2771 Bergenses
1785 2725 1824 2760 in
1848 2725 1936 2760 aede

302 2793 403 2816 sacra
420 2781 514 2825 apud
533 2781 812 2823 Coudekirkam,
831 2783 927 2817 unde
943 2786 1063 2818 tamen
1080 2783 1183 2817 breui
1200 2786 1278 2827 post
1294 2784 1403 2817 funus
1420 2783 1594 2817 refossum
1611 2784 1664 2817 est
1685 2781 1784 2816 iussu
1802 2781 1936 2824 Enger-

301 2836 394 2877 rani,
423 2836 650 2870 Morinorum
679 2836 847 2880 episcopi,
881 2849 923 2871 ac
955 2838 1107 2872 flammis
1136 2841 1416 2879 concrematum,
1446 2839 1541 2882 quod
1568 2848 1705 2882 prauus
1730 2834 1934 2872 haereticus

302 2891 427 2928 suisset
442 2891 620 2936 homoque
637 2892 876 2936 plurimorum
894 2894 1069 2928 scelerum
1085 2894 1298 2928 criminibus
1315 2896 1472 2937 opertus.

649 2969 828 3017 MeyerUS,
847 2969 1010 3009 Annales
1026 2970 1247 3012 Flandriae,
1267 2971 1328 3007 fol.
1350 2973 1412 3006 130
1428 2981 1543 3008 verso.
