2097 3466
355 263 394 295 54
1035 260 1167 294 ANNO
1193 262 1292 294 1184

352 366 433 388 cum
451 353 620 388 nimirum
638 353 833 397 imperialis
850 352 1069 388 fortitudinis
1081 353 1301 397 suffragante
1317 352 1476 396 potentia
1499 355 1535 388 et.
1550 353 1814 390 haereticorum
1831 358 1966 399 proter-

351 409 441 444 vitas
458 408 495 442 in
526 407 610 451 ipsis
626 407 790 443 falsitatis
807 419 891 442 suae
915 407 1102 442 conatibus
1125 407 1281 441 elidatur
1297 410 1332 442 et
1355 407 1554 443 catholicae
1570 408 1811 453 simplicitatis
1835 411 1967 446 veritas

354 464 391 498 in
407 461 557 498 ecelesia
571 465 694 496 sancta
711 462 937 505 resplendens
953 473 1030 496 eam
1048 460 1171 503 utiquc
1187 461 1405 495 demonstret
1435 461 1479 495 ab
1497 461 1593 495 omni
1618 463 1843 498 execratione
1868 464 1969 499 falso-

353 532 434 554 rum
451 519 658 563 dogmatum
682 517 872 561 expiatam.
904 518 1056 560 Ideoque
1084 528 1157 556 nes,
1186 516 1361 550 carissimi
1387 516 1452 550 filii
1477 517 1589 551 nostri
1615 517 1795 551 Frederici
1821 517 1971 553 illustris

356 574 600 608 Romanorum
624 572 850 616 imperatoris
878 582 1016 614 semper
1043 571 1186 614 augusti
1218 571 1418 614 praesentia
1446 572 1581 614 pariter
1607 575 1642 607 et
1669 572 1793 615 vigore
1819 573 1968 615 suffulti,

351 629 394 663 de
408 627 587 662 communi
605 627 754 661 consilio
771 627 923 660 fratrum
942 628 1144 659 nostrorum
1176 637 1313 659 necnon
1345 625 1499 660 aliorum
1516 626 1814 670 patriarcharum,
1834 627 1970 662 archie-

353 684 577 727 piscoporum
606 682 870 723 multorumque
895 680 1109 723 principum,
1140 679 1200 723 qui
1225 680 1268 713 de
1293 679 1442 713 diversis
1465 681 1590 714 mundi
1615 681 1775 723 partibus
1798 693 1970 716 convene-

352 741 448 777 runt,
489 740 614 771 eontra
652 736 744 778 ipsos
775 734 985 773 haereticos,
1031 734 1161 776 quibus
1198 733 1339 768 diversa
1372 735 1547 769 vocabula
1584 735 1806 770 diversarum
1841 735 1971 771 indidit

354 791 523 835 professio
539 790 747 830 falsitatum,
767 788 961 832 praesentis
978 788 1109 822 decreti
1128 787 1287 831 generali
1304 787 1486 822 sanctione
1510 787 1760 831 consurgimus
1780 791 1816 823 et
1830 800 1971 824 omnem

352 845 539 885 haeresim,
559 854 784 888 quocumque
801 843 945 877 nomine
962 845 1158 883 censeatur,
1179 854 1241 885 per
1260 842 1366 887 hujus
1383 842 1648 877 constitutionis
1663 843 1792 879 seriem
1809 844 1967 879 authori-

352 903 425 936 tate
440 898 635 943 apostolica
651 898 939 932 condemnamus.

396 955 436 989 In
450 954 574 998 primis
590 965 676 998 ergo
694 952 866 986 Catharos
882 954 917 986 et
942 951 1130 986 Patarinos
1154 953 1188 985 et
1204 963 1263 985 eos
1285 951 1346 994 qui
1369 963 1406 986 se
1424 951 1639 986 Humiliatos
1654 953 1710 987 vel
1732 953 1912 997 Pauperes
1927 954 1972 989 de

353 1009 529 1054 Lugduno
560 1009 648 1042 falso
666 1008 809 1043 nomine
825 1007 1059 1047 mentiuntur,
1080 1007 1306 1051 passaginos,
1326 1007 1524 1051 Josepinos,
1543 1008 1779 1050 Arnaldistas,
1798 1011 1970 1053 perpetuo

352 1063 577 1098 decernimus
614 1061 834 1096 anathemati
868 1061 1071 1104 subjacere.
1106 1061 1151 1095 Et
1185 1059 1355 1103 quoniam
1390 1061 1555 1095 nonnulli
1585 1062 1651 1095 sub
1683 1062 1799 1106 specie
1827 1062 1970 1106 pietatis

353 1117 523 1152 virtutem
538 1118 626 1160 ejus,
640 1118 746 1160 juxta
769 1116 864 1159 quod
885 1115 936 1149 ait
959 1116 1159 1158 Apostolus,
1179 1115 1406 1159 denegantes,
1425 1115 1681 1150 authoritatem
1704 1115 1771 1151 sibi
1787 1116 1972 1153 vindicant

353 1171 594 1216 praedicandi,
614 1183 695 1205 cum
713 1171 805 1205 idem
823 1171 1013 1214 Apostolus
1028 1170 1143 1205 dicat:
1166 1170 1351 1208 Quomodo
1363 1170 1646 1214 praedicabunt,
1663 1171 1740 1203 nisi
1752 1172 1972 1206 mittantur?

353 1238 474 1262 omnes
498 1225 559 1269 qui
583 1226 640 1260 vel
667 1224 839 1269 prohibiti
857 1225 913 1259 vel
936 1236 1007 1259 non
1030 1224 1140 1265 missi,
1160 1226 1302 1268 praeter
1318 1224 1575 1259 authoritatem
1606 1225 1650 1259 ab
1682 1225 1876 1268 apostoliea
1891 1226 1972 1261 sede

352 1282 408 1315 vel
424 1280 588 1324 episcopo
605 1280 675 1314 loci
700 1282 910 1323 susceptam,
931 1278 1074 1322 publice
1097 1280 1153 1313 vel
1177 1278 1347 1322 privatim
1371 1278 1579 1322 praedicare
1594 1278 1917 1323 praesumpserintg
1935 1282 1972 1314 et

353 1335 548 1375 universos
568 1334 629 1377 qui
646 1335 689 1369 de
705 1336 927 1368 sacramento
945 1333 1106 1377 eorporis
1121 1336 1156 1368 et
1173 1334 1358 1378 sanguinis
1375 1333 1519 1368 Domini
1536 1333 1648 1369 nostri
1664 1334 1748 1369 Jesu
1766 1334 1897 1370 Christi
1913 1335 1971 1370 vel

351 1391 395 1425 de
422 1389 633 1433 baptismate
663 1400 724 1423 seu
752 1391 980 1432 peccatorum
1003 1388 1211 1423 remissione
1233 1391 1296 1423 aut
1332 1389 1374 1423 de
1402 1388 1632 1424 matrimonio
1663 1390 1719 1424 vel
1749 1390 1792 1425 de
1821 1389 1970 1433 reliquis

351 1444 600 1480 ecclesiasticis
632 1443 863 1477 sacramentis
893 1443 999 1477 aliter
1022 1442 1154 1477 sentire
1181 1446 1244 1478 aut
1272 1444 1399 1478 docere
1428 1455 1498 1477 non
1533 1446 1697 1480 metuunt
1724 1456 1831 1488 quam
1854 1456 1969 1480 sacro-

352 1504 475 1536 sancta
490 1501 654 1535 Romana
668 1499 819 1534 eeclesia
841 1498 1025 1542 praedicat
1048 1501 1083 1533 et
1099 1499 1283 1541 observat3
1302 1501 1337 1533 et
1352 1499 1570 1543 generaliter
1588 1510 1828 1542 quoscumque
1848 1499 1971 1534 eadem

354 1556 518 1590 Romana
541 1553 691 1590 ecclesia
707 1554 763 1588 vel
778 1554 913 1597 singuli
929 1553 1086 1597 episcopi
1102 1565 1166 1597 per
1182 1553 1359 1588 dioeceses
1376 1565 1456 1587 suas
1480 1565 1563 1588 cum
1586 1553 1734 1588 consilio
1759 1553 1972 1589 clericorum

354 1611 411 1644 vel
428 1608 549 1644 elerici
573 1608 641 1652 ipsi
664 1608 745 1642 sede
760 1610 910 1642 vacante
926 1619 1008 1642 eum
1025 1608 1186 1649 consilio,
1206 1608 1235 1642 si
1260 1608 1470 1652 oportuerit,
1485 1607 1702 1642 viciniorum
1725 1607 1971 1652 episcoporum

355 1663 816 1706 haereticosjudicaverint,
826 1663 904 1706 pari
915 1663 1059 1697 vinculo
1070 1663 1230 1707 perpetui
1241 1662 1477 1698 anathematis
1486 1662 1709 1697 innodamus
1720 1663 1971 1706 Receptatores

356 1722 392 1753 et
407 1719 608 1753 defensores
623 1729 747 1752 eorum
764 1720 980 1760 cunctosque
997 1717 1134 1761 pariter
1157 1717 1219 1761 qui
1242 1717 1433 1761 praedictis
1448 1717 1638 1752 haereticis
1654 1718 1699 1752 ad
1722 1719 1909 1753 fovendam
1931 1718 1971 1753 in

356 1773 407 1806 eis
436 1771 594 1806 haeresis
624 1772 837 1815 pravitatem
874 1771 1115 1814 patrocinium
1145 1772 1388 1815 praestiterint
1421 1771 1568 1815 aliquod
1602 1773 1659 1807 vel
1688 1773 1863 1814 favorem,
1895 1772 1969 1807 sive

357 1826 538 1861 credentes
561 1827 635 1861 sive
659 1827 807 1870 perfecti
834 1838 894 1861 seu
911 1827 1195 1870 quibuscumque
1211 1828 1464 1871 superstitiosis
1485 1827 1688 1862 nominibus
1705 1829 1967 1871 nuncupentur,

355 1881 464 1915 simili
480 1882 704 1915 decernimus
720 1883 905 1926 subjacere
921 1882 1127 1917 sententiae.

400 1934 494 1975 Quia
509 1945 593 1969 vero
609 1935 764 1978 peccatis
779 1935 1004 1980 exigentibus
1021 1935 1233 1979 quandoque
1250 1935 1438 1979 contingit,
1458 1938 1498 1969 ut
1520 1934 1780 1970 ecclesiasticae
1802 1934 1971 1970 severitas

355 1989 566 2032 disciplinae
604 1990 647 2023 ab
679 1989 722 2023 iis
752 1989 814 2033 qui
845 1990 1014 2024 virtutem
1040 1991 1117 2034 ejus
1144 2001 1216 2024 non
1242 1990 1466 2034 intelligunt,
1498 1990 1767 2031 condemnetur,
1793 1989 1970 2033 praesenti

356 2044 470 2078 nihilo
494 2043 612 2078 minus
633 2044 859 2079 ordinatione
882 2045 1071 2086 sancimus,
1091 2047 1131 2079 ut
1154 2045 1215 2088 qui
1240 2045 1426 2080 manifeste
1442 2044 1577 2079 fuerint
1598 2044 1636 2079 in
1651 2045 1863 2089 supradictis
1878 2056 1971 2080 erro-

356 2099 456 2133 ribus
478 2099 699 2142 deprehensi,
726 2098 756 2132 si
780 2098 932 2133 clericus
955 2101 1008 2133 est
1033 2099 1090 2133 vel
1113 2099 1304 2143 eujiislibet
1320 2098 1507 2143 religionis
1523 2099 1794 2134 obumbratione
1816 2100 1967 2141 fucatus

357 2153 466 2188 totius
492 2153 723 2188 ecclesiastici
751 2154 887 2188 ordinis
907 2154 1159 2199 praerogativa
1183 2156 1348 2196 nudetur,
1375 2157 1410 2189 et
1436 2154 1486 2189 sic
1514 2155 1610 2189 omni
1637 2154 1771 2198 pariter
1797 2154 1914 2189 officio
1936 2156 1972 2189 et

357 2207 530 2242 beneficio
547 2207 787 2242 ecclesiastico
806 2207 977 2251 spoliatus
1000 2208 1416 2252 saccularisreliquatur
1438 2208 1589 2243 arbitrio
1612 2207 1794 2251 potestatis
1815 2207 1970 2242 animad-

359 2263 522 2298 versione
551 2264 671 2298 debita
695 2264 907 2307 puniendus,
932 2263 1002 2297 nisi
1019 2263 1188 2298 continuo
1211 2266 1289 2307 post
1311 2263 1651 2307 deprenhensionem
1667 2262 1799 2297 erroris
1821 2262 1866 2296 ad
1886 2261 1970 2296 fidei

359 2317 557 2352 catholicae
584 2318 759 2352 unitatem
785 2320 908 2361 sponte
934 2329 1120 2353 recurrere
1148 2321 1183 2353 et
1209 2330 1367 2353 errorem
1400 2329 1503 2352 suum
1528 2318 1574 2351 ad
1602 2316 1792 2351 arbitrium
1814 2315 1970 2360 episcopi

359 2370 518 2415 regionis
550 2371 693 2415 publice
727 2372 945 2407 consenserit
977 2374 1144 2416 abjurare
1176 2375 1212 2408 et
1243 2372 1520 2408 satisfactionem
1558 2382 1754 2415 congruam
1789 2370 1968 2405 exhibere.

361 2426 490 2460 Laicus
506 2428 636 2467 autem,
656 2438 761 2470 quem
785 2427 906 2470 aliqua
930 2427 1194 2470 praedictarum
1211 2427 1363 2471 pestium
1387 2426 1527 2462 notoria
1542 2427 1598 2460 vel
1618 2425 1758 2469 privata
1773 2425 1877 2468 culpa
1899 2436 1969 2459 res-

360 2482 521 2525 perserit,
538 2481 618 2523 nisi,
634 2484 740 2525 prout
755 2481 891 2516 dictum
908 2484 970 2523 est,
986 2483 1151 2527 abjurata
1167 2482 1305 2517 haeresi
1321 2484 1356 2517 et
1371 2481 1612 2516 satisfactione
1626 2479 1770 2520 exibita,
1785 2479 1970 2514 confestim

366 2536 411 2570 ad
427 2536 533 2570 fidem
558 2535 761 2580 confugerit
784 2536 1030 2577 orthodoxam,
1056 2537 1248 2571 saecularis
1266 2536 1401 2581 judicis
1423 2535 1573 2570 arbitrio
1595 2534 1795 2577 reliquatur
1816 2534 1971 2569 debitam

358 2593 567 2633 recepturus
583 2601 647 2634 pro
663 2590 834 2633 qualitate
851 2590 1020 2625 facinoris
1036 2591 1219 2626 ultionem.

403 2644 472 2685 Qui
489 2655 572 2679 vero
588 2644 725 2679 inventi
740 2644 875 2679 fuerint
902 2645 977 2679 sola
1000 2645 1170 2680 ecclesiae
1193 2645 1392 2689 suspicione
1416 2645 1600 2687 notabileS,
1618 2643 1687 2679 nisi
1710 2644 1755 2678 ad
1777 2643 1968 2682 arbitrium

358 2698 526 2742 episcopi,
549 2700 655 2743 juxta
682 2699 1003 2734 considerationem
1033 2699 1244 2743 suspicionis
1271 2700 1550 2743 qualitatemque
1573 2709 1752 2743 personae,
1785 2697 1967 2742 propriam

359 2752 601 2788 innocentiam
629 2764 791 2797 congrua
817 2753 1040 2798 purgatione
1057 2755 1345 2796 monstraverint,
1371 2754 1480 2789 simili
1504 2752 1698 2789 sententiae
1720 2753 1963 2796 subjacebunt.

358 2808 442 2843 Illos
467 2811 586 2843 autem
612 2809 675 2852 vqui
706 2812 784 2852 post
807 2809 1069 2852 abjurationem
1091 2810 1224 2844 erroris
1247 2811 1304 2844 vel
1321 2813 1506 2854 postquam
1522 2821 1569 2851 se,
1587 2811 1628 2844 ut
1651 2809 1816 2850 diximus,
1831 2808 1967 2853 proprii

359 2862 529 2897 antistitis
544 2864 807 2899 examinatione
833 2868 1090 2909 purgaverunt,
1109 2865 1319 2908 deprehensi
1348 2865 1482 2900 fuerint
1504 2865 1543 2899 in
1565 2865 1768 2909 abjuratam
1791 2864 1967 2899 haeresim

363 2917 541 2961 recidisse,
559 2919 734 2955 saeculari
751 2921 765 2964 j
772 2919 890 2955 udicio
917 2920 994 2956 sine
1017 2921 1091 2956 ulla
1115 2920 1254 2965 penitus
1269 2920 1452 2956 audientia
1467 2918 1690 2955 decernimus
1704 2917 1963 2964 relinquendo&
