2097 3466
800 234 932 268 ANNO
958 236 1056 268 1418
1691 235 1756 268 291

123 326 270 372 collegii
285 326 442 362 aliorum
467 327 711 371 apostolorum
737 326 886 369 Christi,
905 327 974 363 nisi
999 327 1158 362 vixerint
1183 339 1284 363 more
1306 328 1552 373 apostolorum
1571 331 1757 364 servantes

121 382 292 417 mandata
309 386 344 417 et
358 381 511 417 consilia
528 382 674 418 Domini
693 382 817 417 Nostri
829 381 849 416 J
854 394 915 417 esu
934 381 1082 417 Christi.

167 438 218 471 14.
237 436 409 471 Doctores
425 442 598 480 ponentes
612 437 707 481 quod
724 436 856 480 aliquis
871 448 935 481 per
948 449 1138 472 censuram
1153 437 1433 473 ecclesiasticam
1451 438 1706 480 emendandus,
1722 438 1753 474 si

122 491 258 537 corrigi
286 492 455 534 noluerit,
485 493 662 528 saeculari
685 492 827 536 Judicio
855 496 907 527 est
936 492 1144 535 tradendus,
1171 504 1236 537 pro
1266 499 1365 528 certo
1397 499 1596 538 sequuntur
1622 495 1659 529 in
1686 494 1755 529 hoc

122 547 324 592 pontifices,
351 547 495 582 Scribas
519 552 553 583 et
579 548 805 590 Pharisaeos,
831 549 893 591 qui
923 548 1107 583 Christum
1137 560 1209 583 non
1242 550 1421 584 volentem
1455 551 1506 585 eis
1544 551 1691 586 obedire
1717 550 1756 585 in

121 603 301 645 omnibus,
319 603 479 638 dicentes
495 615 502 637 :
520 618 535 632 u
565 604 676 638 Nobis
704 615 769 638 nos
796 603 882 638 licet
910 603 1116 639 interficere
1140 615 1358 648 quemquam
1387 621 1416 646 »,
1436 606 1553 649 ipsum
1579 606 1758 641 saeculari

117 658 259 703 judicio
276 658 525 703 tradiderunt3
545 662 580 694 et
596 660 691 703 quod
706 660 795 694 tales
808 660 880 694 sint
895 659 1100 694 homicidae
1117 660 1304 704 graviores
1323 672 1429 704 quam
1450 661 1601 696 Pilatus.

168 715 220 748 15.
243 713 458 748 obedientia
485 714 731 749 ecclesiastica
754 718 805 748 est
829 713 1034 749 obedientia
1058 715 1257 749 secundum
1274 715 1568 751 adinventionem
1593 717 1756 752 sacerdo-

123 771 201 804 tum
219 768 392 804 eccledae
413 773 556 812 praeter
571 780 776 812 expressam
793 767 1048 802 auctoritatem
1065 769 1279 811 scripturae.

166 825 223 857 16.
251 822 389 858 Divisio
417 823 627 858 immediata
651 822 898 857 humanorum
927 833 1076 866 operum
1109 827 1173 864 est,
1199 823 1294 866 quod
1322 828 1406 859 sunt
1430 825 1486 859 vel
1513 825 1672 859 virtuosa
1698 826 1754 860 vel

120 878 274 923 vitiosa3
293 879 379 922 quia
406 879 435 913 si
459 878 567 913 homo
592 882 644 913 est
672 878 823 912 vitiosus
853 881 888 912 et
916 877 993 921 agit
1022 877 1232 920 quidquam,
1259 882 1346 912 tunc
1374 879 1451 922 agit
1469 878 1648 913 virtuose:
1669 879 1756 922 quia

121 933 214 969 sicut
241 934 371 969 vitium
395 935 490 977 quod
523 933 661 969 crimen
690 933 826 967 dicitur
853 945 916 968 seu
943 932 1096 968 mortale
1125 938 1325 976 peccatum,
1356 933 1472 969 inficit
1499 934 1755 969 universaliter

121 993 222 1025 actus
237 989 396 1025 hominis
411 989 582 1024 virtuosi.

165 1045 221 1079 17.
252 1045 463 1080 Sacerdotes
487 1045 622 1080 Christi
646 1045 808 1079 viventes
829 1045 1029 1079 secundum
1053 1045 1170 1089 legem
1188 1048 1264 1087 ejus
1289 1049 1324 1080 et
1354 1045 1527 1081 habentes
1553 1046 1754 1090 scripturae

120 1100 289 1135 notitiam
313 1104 349 1136 et
373 1101 539 1136 effectum
563 1101 607 1135 ad
624 1101 891 1135 aedificandum
909 1101 1083 1144 populum
1113 1100 1244 1134 debent
1261 1100 1483 1144 praedicare,
1503 1113 1575 1136 non
1591 1103 1755 1138 obstante

120 1159 310 1199 praetensa
333 1155 725 1199 excommunicatione3
745 1160 778 1191 et
795 1155 889 1190 infra
907 1167 914 1188 :
933 1154 1036 1195 Quod
1053 1156 1084 1189 si
1100 1166 1193 1199 papa
1210 1156 1267 1190 vel
1292 1156 1424 1200 aliquis
1448 1157 1630 1200 praelatus
1654 1170 1752 1194 man-

121 1211 183 1246 dat
201 1210 378 1246 sacerdoti
402 1211 453 1246 sic
469 1210 642 1255 disposito
658 1222 730 1245 non
747 1210 969 1254 praedicare,
988 1221 1060 1244 non
1074 1211 1178 1244 debet
1194 1211 1360 1246 subditus
1375 1212 1537 1247 obedire.

164 1269 220 1301 18.
243 1266 406 1308 Quilibet
433 1267 686 1311 praedicandis
711 1266 870 1301 officium
902 1266 946 1300 de
973 1266 1143 1300 mandato
1174 1266 1320 1310 accipit,
1349 1268 1411 1310 qui
1440 1269 1485 1302 ad
1510 1269 1750 1305 sacerdotium

119 1322 271 1362 accedit,
307 1326 343 1358 et
371 1322 462 1357 illud
492 1322 704 1358 mandatum
732 1322 839 1356 debet
870 1322 1010 1365 exequi,
1045 1325 1234 1365 praetensa
1273 1325 1650 1361 excommunicatione
1680 1337 1754 1362 non

120 1377 300 1414 obstante.

163 1435 222 1468 19.
245 1433 316 1469 Per
339 1445 509 1469 censuras
532 1433 793 1469 ecclesiasticas
816 1432 1215 1475 excommunicationis,
1239 1436 1482 1478 suspensionis
1507 1439 1541 1472 et
1565 1437 1753 1473 interdicti

121 1488 165 1523 ad
189 1488 245 1524 sui
271 1489 527 1524 exaltationem
554 1489 672 1524 clerus
700 1489 873 1532 populum
898 1488 1065 1523 laicalem
1088 1488 1156 1522 sibi
1180 1490 1395 1532 suppeditat,
1415 1492 1607 1526 avaritiam
1629 1493 1752 1527 multi-

120 1544 243 1589 plicat,
262 1545 441 1580 malitiam
464 1545 624 1589 protegit
648 1549 683 1579 et
707 1544 803 1579 viam
828 1549 1019 1588 praeparat
1036 1543 1268 1579 antichristo.
1292 1545 1444 1590 Signum
1470 1552 1590 1582 autem
1607 1549 1753 1584 evidens

121 1603 173 1635 est
188 1601 284 1644 quod
298 1601 342 1635 ab
361 1601 575 1636 antichristo
591 1600 681 1635 tales
693 1601 895 1644 procedunt
913 1610 1098 1641 censurae,
1116 1610 1205 1643 quas
1223 1607 1351 1635 vocant
1367 1602 1406 1636 in
1429 1603 1503 1636 suis
1526 1605 1752 1646 processibus

122 1655 406 1697 fulminationes,
425 1656 556 1699 quibus
579 1656 698 1690 clerus
721 1655 1026 1700 principalissime
1049 1655 1213 1698 procedit
1237 1661 1362 1690 contra
1379 1657 1471 1699 illos,
1489 1660 1551 1701 qui
1568 1660 1752 1696 denudant

123 1711 323 1755 nequitiam
342 1712 561 1754 antichristi,
584 1712 679 1755 quod
697 1712 834 1746 clerum
851 1722 917 1755 pro
933 1723 970 1745 se
987 1710 1145 1745 maxime
1161 1712 1367 1755 usurpabit.

163 1770 218 1803 20.
239 1767 278 1802 Si
305 1778 399 1812 papa
424 1772 477 1803 est
500 1768 617 1803 malus
641 1772 676 1802 et
699 1771 912 1811 praesertim
936 1766 1147 1811 praescitus,
1173 1771 1260 1801 tunc
1292 1771 1331 1801 ut
1356 1768 1375 1802 J
1382 1768 1469 1803 udas
1495 1770 1677 1813 apostolus
1701 1775 1754 1807 est

120 1823 298 1866 diabolus,
317 1824 376 1859 fur
400 1829 435 1859 et
459 1823 556 1858 filius
580 1823 806 1867 perditionis,
826 1827 861 1858 et
885 1834 958 1857 non
975 1827 1028 1857 est
1050 1827 1159 1866 caput
1181 1828 1326 1859 sanctae
1349 1824 1543 1860 militantis
1566 1826 1750 1869 ecclesiae,

120 1891 203 1914 cum
221 1891 288 1915 nec
303 1883 350 1914 Sit
365 1880 569 1914 membrum
587 1883 616 1923 ej
624 1891 680 1913 us.

163 1937 222 1970 21.
246 1935 371 1970 Gratia
395 1936 734 1979 praedestinationis
760 1939 813 1970 est
839 1935 1040 1978 vinculum,
1058 1947 1129 1979 quo
1152 1946 1282 1980 corpus
1309 1936 1482 1971 ecclesiae
1506 1940 1542 1972 et
1564 1938 1750 1981 quodlibet

120 1994 198 2034 ejus
214 1992 418 2026 membrum
429 1991 602 2036 jungitur
619 1991 763 2026 Christo
778 1991 889 2035 capiti
902 1990 1212 2026 indissolubiliter.

162 2046 216 2080 22.
237 2046 338 2091 Papa
364 2047 422 2082 vel
450 2047 634 2092 praelatus
665 2048 782 2082 malus
811 2052 846 2082 et
870 2048 1070 2091 praescitus
1101 2050 1154 2081 est
1183 2046 1379 2090 aequivoce
1407 2051 1528 2091 pastor
1561 2052 1596 2083 et
1630 2049 1689 2084 fur
1716 2052 1752 2084 et

120 2100 232 2136 latro.

164 2157 222 2192 23.
247 2156 346 2202 Papa
364 2169 437 2194 non
460 2158 563 2193 debet
584 2157 656 2192 dici
673 2158 932 2199 sanctissimus,
951 2157 1060 2192 etiam
1077 2157 1274 2192 secundum
1291 2157 1464 2199 officium,
1483 2158 1567 2201 quia
1584 2158 1672 2194 alias
1689 2171 1753 2194 rex

121 2211 268 2248 deberet
296 2213 405 2248 etiam
433 2214 505 2248 dici
533 2214 780 2248 sanctissimus
808 2214 1006 2248 secundum
1034 2213 1206 2252 officium,
1241 2217 1277 2247 et
1311 2217 1465 2247 tortores
1496 2218 1530 2248 et
1558 2225 1751 2257 praecones

122 2267 331 2304 dicerentur
344 2270 472 2309 sancti,
488 2270 561 2304 imo
575 2270 684 2304 etiam
698 2270 862 2304 diabolus
879 2271 1024 2304 deberet
1040 2270 1112 2303 dici
1128 2276 1285 2310 sanctus,
1304 2281 1385 2303 cum
1402 2271 1449 2303 sit
1460 2269 1657 2304 officiarius
1670 2270 1748 2304 Dei.

167 2326 220 2359 24.
241 2324 278 2359 Si
296 2336 389 2369 papa
405 2326 504 2360 vivat
521 2326 664 2361 Christo
680 2326 874 2368 contrarie,
894 2327 1002 2361 etiam
1020 2325 1048 2359 si
1067 2325 1274 2359 ascenderet
1291 2335 1355 2367 per
1371 2325 1478 2358 ritam
1497 2329 1532 2359 et
1547 2325 1749 2369 legitimam

125 2379 336 2415 electionem
352 2382 550 2416 secundum
567 2381 863 2417 constitutionem
887 2381 1086 2416 humanam
1109 2380 1307 2424 vulgatam,
1334 2383 1454 2414 tamen
1469 2380 1616 2415 aliunde
1631 2392 1752 2416 ascen-

122 2434 224 2470 deret
239 2445 347 2478 quam
372 2447 437 2480 per
454 2436 650 2478 Christum,
669 2436 752 2471 dato
770 2437 879 2471 etiam
902 2436 996 2480 quod
1017 2436 1169 2470 intraret
1193 2446 1256 2478 per
1279 2434 1492 2469 electionem
1516 2446 1535 2469 a
1565 2435 1638 2470 Deo
1655 2436 1754 2479 prin·

123 2489 290 2534 cipaliter
313 2491 469 2536 factam3
489 2503 570 2527 nam
588 2492 701 2527 Judas
727 2492 894 2527 Scarioth
911 2492 980 2526 rite
996 2496 1030 2526 et
1056 2490 1218 2534 legitime
1242 2494 1295 2524 est
1317 2490 1451 2524 electus
1474 2502 1495 2524 a
1518 2490 1592 2525 Deo
1609 2490 1752 2526 Christo

123 2543 208 2580 Jesu
225 2549 269 2580 ad
287 2546 546 2590 episcopatum,
561 2552 596 2582 et
611 2554 731 2582 tamen
746 2548 906 2582 ascendit
929 2547 1075 2581 aliunde
1092 2546 1128 2579 in
1146 2545 1239 2579 ovile
1256 2556 1389 2578 ovium,

168 2602 221 2634 25.
245 2602 504 2637 Condemnatio
528 2603 773 2647 quadraginta
789 2602 949 2645 quinque
973 2601 1211 2636 articulorum
1235 2600 1386 2634 Joannis
1410 2599 1566 2635 Wicleff
1586 2612 1648 2645 per
1672 2601 1755 2635 doc-

125 2657 221 2690 tores
242 2656 339 2690 facta
363 2660 414 2692 est
437 2657 701 2692 irrationabilis
725 2662 759 2692 et
782 2657 908 2700 iniqua
928 2661 963 2691 et
985 2655 1189 2695 malefacta,
1209 2659 1243 2688 et
1275 2654 1359 2688 ficta
1391 2659 1442 2688 est
1469 2666 1578 2689 causa
1602 2667 1666 2699 per
1696 2668 1756 2691 eos

125 2709 294 2755 allegata,
312 2711 482 2747 videlicet
505 2724 548 2747 ex
573 2724 626 2753 eo,
652 2713 746 2755 quod
771 2713 892 2747 nullus
915 2723 1039 2747 eorum
1063 2710 1109 2744 sit
1133 2709 1346 2751 catholicus,
1365 2710 1424 2744 sed
1448 2710 1602 2753 quilibet
1627 2723 1752 2746 eorum

126 2768 190 2799 aut
207 2770 260 2801 est
274 2765 479 2803 haereticus
496 2772 559 2802 aut
575 2779 747 2803 erroneus
763 2771 825 2802 aut
847 2767 1093 2803 scandalosus.

168 2822 228 2856 26.
251 2823 332 2858 Non
355 2835 395 2858 eo
419 2826 496 2868 ipso
519 2836 590 2867 quo
614 2825 786 2860 electores
812 2825 868 2859 vel
896 2829 1013 2868 major
1043 2835 1125 2868 pars
1155 2834 1279 2858 eorum
1307 2824 1530 2859 consenserit
1557 2825 1640 2859 viva
1671 2838 1756 2861 voce

127 2878 325 2914 secundum
362 2879 453 2914 ritus
488 2880 677 2915 hominum
717 2880 756 2915 in
790 2892 978 2925 personam
1015 2880 1188 2922 aliquam,
1221 2889 1261 2912 eo
1299 2878 1376 2921 ipso
1411 2879 1476 2913 illa
1517 2890 1670 2923 persona
1706 2886 1758 2917 est

127 2930 289 2978 legitime
323 2935 448 2979 electa,
478 2937 535 2972 vel
569 2947 610 2971 eo
637 2936 715 2981 ipso
747 2940 799 2972 est
825 2947 931 2972 verus
969 2940 1004 2972 et
1038 2935 1249 2970 manifestus
1287 2945 1471 2969 successor
1502 2936 1559 2971 vel
1600 2937 1759 2973 vicarius
