2097 3466
333 242 393 279 942
981 240 1113 279 ANNO
1138 257 1168 279 c.
1195 245 1294 280 1380

332 342 372 372 ut
387 336 546 372 strictior
567 335 756 381 Inquisitio
774 337 846 371 fiat.
867 337 911 371 Et
934 336 963 370 si
987 337 1099 371 frater
1115 337 1341 379 Bertholdus,
1361 337 1467 372 homo
1491 337 1656 373 indoctus
1672 340 1708 373 et
1723 340 1827 382 aptus
1842 339 1954 374 vasta·

331 395 388 426 tor
404 391 498 431 fidei,
517 390 567 425 sie
583 391 745 432 evaserit,
764 391 935 426 haeretici
960 402 1096 425 cornua
1111 390 1252 435 erigent.
1276 395 1311 426 et
1333 392 1407 426 alta
1430 404 1466 426 se
1489 392 1682 434 levabunt3
1701 394 1737 427 et
1761 394 1955 435 sequentur

330 450 429 481 tauta
446 446 551 485 mala.
570 445 608 480 in
625 446 754 489 quibus
775 458 936 480 summus
953 449 992 480 ut
1015 446 1121 480 credo
1139 445 1298 489 pontifex
1314 446 1540 481 dissimulare
1559 458 1630 481 non
1647 449 1772 490 potest.
1791 447 1837 481 Et
1859 446 1955 480 Deus

328 501 395 535 scit
411 512 518 544 quam
541 500 695 536 libenter
710 501 849 542 vellem,
869 510 909 535 ut
924 501 1032 535 etiam
1049 500 1195 535 omnino
1213 512 1316 545 spero
1333 501 1499 535 dominus
1516 504 1636 536 noster
1652 501 1839 545 episcopus
1853 500 1953 542 velit,

329 555 497 589 baculum
525 555 737 598 pastoralem
769 559 893 589 contra
924 554 1037 588 malos
1067 554 1219 599 erigere.
1254 555 1298 588 Et
1325 565 1407 589 vere
1437 554 1467 588 si
1499 555 1762 598 praedicaverit
1788 555 1956 600 deinceps

329 609 544 643 Bcr'tholdus
575 609 612 644 in
643 609 794 644 dioecesi
827 609 1067 652 Traiectensi‚
1101 613 1202 644 tanta
1233 608 1453 644 abominatio
1485 613 1670 653 sequetur,
1703 614 1744 646 ut
1772 611 1881 646 timeo
1911 611 1956 646 de

329 664 458 707 quibus
481 664 575 698 fama
591 665 685 699 volet
708 664 862 709 longius.
884 664 986 698 Unde
1002 664 1177 698 obnoxius
1193 663 1304 705 vobis,
1323 667 1365 698 ut
1390 663 1531 700 Christo
1557 664 1666 706 fideli,
1685 665 1847 709 supplico
1862 663 1956 700 votis

327 718 457 761 quibus
480 729 633 762 possum,
660 722 700 753 ut
722 719 829 753 fidem
851 720 886 752 et
909 729 1032 751 sanam
1055 717 1257 752 doctrinam
1275 719 1405 761 juvare
1428 718 1653 762 dignemini3
1679 718 1788 754 etiam
1812 721 1854 754 ut
1877 718 1955 763 ipse

331 773 557 814 Bertholdus,
576 772 638 816 qui
661 776 713 808 est
736 772 892 813 infamis,
912 771 1127 806 criminosus
1150 775 1186 807 ct
1208 772 1580 815 pseudopraedicator,
1599 776 1783 817 suspectus
1805 773 1850 809 de
1871 773 1955 808 hae-

328 828 410 869 resi,
429 831 465 863 et
487 828 602 862 multa
624 827 732 863 habet
754 828 797 862 dc
821 827 950 871 quibus
966 827 995 859 si
1014 838 1127 860 unum
1146 826 1305 868 haberet,
1323 837 1380 861 res
1395 827 1556 872 exigeret
1571 839 1654 864 eum
1670 829 1801 874 depelli
1816 841 1838 864 a
1855 841 1954 874 prae-

324 882 515 923 dicatione,
534 884 761 917 removeatur
775 889 811 916 et
826 884 1031 924 separetur3
1051 883 1086 915 et
1102 883 1142 915 ut
1157 880 1323 915 dominus
1336 880 1447 915 alicui
1460 884 1560 916 trans
1573 882 1713 925 Iselam,
1729 883 1791 927 qui
1804 882 1956 919 ulterius

325 936 480 980 accipiat
496 940 621 972 contra
637 935 861 981 praedictum
887 936 1124 970 Bertholdum
1148 935 1365 978 testimonia,
1382 936 1654 980 inquisitionem
1679 937 1891 981 conunittat,
1910 950 1956 974 ne

326 992 413 1026 fides
428 992 569 1027 devicta
584 1004 605 1026 a
628 990 937 1036 pseudopropheta
948 991 1080 1035 jaceat,
1100 1002 1144 1025 ne
1168 990 1344 1026 laicorum
1366 991 1508 1026 insania
1524 992 1662 1027 clerum
1686 993 1789 1037 quasi
1812 993 1954 1038 depres-

327 1056 406 1079 sum
423 1049 576 1089 superet,
595 1058 639 1080 ne
663 1046 700 1080 id
716 1046 811 1089 quod
834 1048 1064 1080 tentaverunt
1080 1048 1206 1079 contra
1221 1045 1501 1080 ecclesiasticam
1518 1058 1707 1082 censuram
1723 1050 1758 1083 et
1783 1047 1957 1083 ecclesiae

328 1099 548 1142 libertatem,
588 1100 734 1144 impune
764 1100 908 1135 recedat
938 1099 976 1133 in
1007 1099 1117 1134 totius
1148 1099 1410 1135 ecclesiastieae
1441 1103 1644 1137 structurae
1675 1113 1748 1137 non
1777 1101 1957 1137 modicam

327 1154 470 1188 ruinam
494 1158 529 1189 et
551 1155 760 1190 scandalum
784 1153 908 1198 populi
931 1153 1103 1188 universi.
1123 1153 1248 1189 Valete
1271 1153 1310 1188 in
1335 1154 1404 1189 fide
1427 1157 1462 1190 et
1485 1166 1550 1199 pro
1575 1156 1645 1191 fide
1669 1155 1785 1192 fidelis
1802 1155 1958 1192 fideliter

329 1213 364 1245 et
380 1211 542 1246 fidenter·
675 1256 836 1298 Acquoy,
868 1253 1031 1288 Germ-cli
1060 1253 1193 1298 Maqni
1221 1253 1394 1298 epistolae
1422 1254 1527 1298 XIV,
1557 1256 1624 1291 blz.
1655 1259 1696 1292 40
1724 1267 1770 1292 en
1798 1258 1852 1299 41,
1883 1257 1957 1291 met

720 1311 975 1345 commcntaar.

1080 1425 1199 1471 229.

392 1553 648 1597 Omstreeks
689 1552 826 1603 1380,
862 1552 1113 1596 Deventer?
1144 1552 1268 1595 Brief
1292 1567 1377 1597 van
1411 1553 1546 1596 Geert
1580 1551 1742 1597 Groote
1777 1565 1862 1596 aan
1897 1552 1949 1597 de

324 1622 656 1679 geestelijkheid
697 1635 783 1665 van
825 1622 1023 1677 Kampen
1066 1635 1170 1664 over
1211 1622 1262 1664 de
1305 1621 1708 1679 noodzakelijkheid
1748 1622 1838 1665 van'
1875 1621 1951 1666 het

323 1690 719 1735 ruchtbaarmaken
761 1690 838 1734 der
878 1689 1208 1747 veroordeeling
1252 1705 1337 1734 van
1378 1690 1562 1734 broedei·
1604 1690 1946 1735 Bartholomaeus

325 1761 389 1804 als
412 1760 571 1804 ketter.
599 1784 655 1792 -
672 1760 742 1817 Hij
772 1760 921 1815 dringt
943 1773 990 1802 er
1013 1773 1065 1815 op
1089 1773 1186 1810 aan,
1215 1759 1288 1803 dat
1316 1760 1384 1811 die
1408 1759 1738 1816 veroordeeling
1760 1759 1953 1817 dikwijls

326 1843 380 1871 en
402 1832 491 1872 met
512 1828 682 1871 nadruk
704 1827 922 1884 openbaar
943 1841 1024 1871 zou
1058 1828 1262 1884 gemaakt
1285 1828 1463 1872 worden
1497 1828 1542 1871 in
1573 1828 1625 1871 de
1656 1832 1808 1884 groote
1839 1827 1950 1871 kerk

324 1901 369 1941 te
390 1898 586 1953 Kampen
605 1911 658 1940 en
680 1898 830 1940 overal
848 1910 968 1939 waar
989 1897 1041 1939 de
1059 1897 1203 1940 ketter
1220 1897 1333 1954 zijne
1350 1897 1553 1953 dolingen
1571 1896 1690 1940 heeft
1707 1896 1945 1953 verspreid,

325 1969 393 2011 tot
415 1965 695 2022 beschaming
716 1966 793 2008 der
810 1965 934 2022 VriJe
956 1965 1144 2009 Geesten
1168 1980 1220 2009 en
1245 1965 1524 2022 versterking
1546 1966 1620 2009 des
1642 1964 1826 2022 geloofs.

363 2091 422 2126 Ad
437 2092 591 2136 fratrem
605 2089 944 2125 Bartholomaeum.
959 2089 1060 2134 [Leg.
1078 2088 1138 2124 Ad
1152 2089 1286 2133 fratres
1305 2088 1522 2134 Campenses
1538 2089 1583 2123 de
1597 2088 1910 2134 Bartholomaeo]

368 2167 487 2204 Amici
514 2168 553 2202 in
580 2167 722 2202 Christo
749 2166 871 2202 dilecti
897 2166 1032 2202 intuitu
1059 2165 1142 2200 fidei
1169 2169 1383 2210 sanctaeque
1410 2165 1626 2210 apostolicae
1653 2168 1689 2202 et
1714 2165 1948 2210 evangelicae

325 2222 536 2267 [doctrinae]
553 2233 687 2258 amore.

370 2277 649 2312 Revocationem
676 2275 812 2311 domini
840 2275 953 2311 nostri
981 2275 1245 2320 Trajectensis:
1277 2289 1292 2303 u
1319 2275 1525 2310 Literarum
1550 2274 1849 2319 praesentationis
1876 2276 1945 2313 etc.

325 2332 447 2366 fratris
463 2333 505 2366 B.
527 2348 542 2361 n
560 2332 762 2366 luculenter
777 2335 812 2366 et
835 2332 932 2366 clare
954 2334 989 2366 et
1011 2330 1291 2374 intelligibiliter
1311 2332 1347 2365 et
1369 2331 1575 2373 frequenter
1597 2330 1636 2365 in
1651 2330 1804 2365 ecclesia
1818 2329 1948 2374 maj0ri

327 2387 514 2431 campensi
538 2390 574 2421 et
597 2386 635 2420 in
658 2385 741 2426 alia,
761 2389 800 2420 ut
823 2386 963 2419 nullum
986 2385 1107 2425 lateat,
1125 2388 1165 2419 ut
1188 2383 1346 2428 undique
1362 2386 1491 2427 pateat,
1510 2383 1629 2419 velitis
1647 2383 1833 2428 publicare
1847 2386 1884 2419 et
1905 2384 1950 2419 de

327 2443 395 2477 hoc
417 2442 603 2476 dominum
618 2440 681 2475 W.
699 2441 744 2483 (1)
767 2440 974 2481 informare,
993 2443 1044 2481 ut,
1063 2439 1178 2473 sicubi
1201 2440 1289 2474 tuba
1310 2439 1462 2482 profana
1485 2441 1521 2474 et
1546 2449 1698 2474 erronea
1720 2437 1787 2474 toti
1813 2439 1947 2483 populo

325 2503 361 2531 et
384 2496 540 2530 maxime
564 2495 688 2530 liberis
711 2494 895 2538 spiritibus
912 2494 1048 2528 carnali
1075 2494 1241 2529 libertate
1263 2493 1434 2534 insonuit,
1452 2496 1487 2529 et
1509 2494 1556 2528 ad
1577 2493 1682 2528 devia
1705 2496 1740 2528 et
1762 2504 1827 2537 per
1842 2493 1948 2528 devia

325 2552 469 2585 obtusos
483 2550 631 2594 spiritus
653 2554 688 2584 et
712 2550 901 2593 populares
924 2549 1072 2584 deduxit
1093 2549 1201 2583 homo
1216 2548 1316 2590 levis
1335 2548 1529 2583 infamatus
1544 2551 1580 2583 et
1595 2549 1742 2584 omnino
1764 2548 1944 2590 indoctus,

327 2605 376 2640 ita
392 2617 453 2640 vos
469 2605 595 2640 vestris
611 2604 915 2639 insinuationibus
931 2604 1125 2638 secundum
1143 2603 1257 2638 Deum
1273 2603 1446 2646 populum
1463 2603 1683 2638 aemulantes
1698 2603 1743 2638 ab
1760 2601 1945 2638 auditione

325 2661 420 2696 mala
435 2673 456 2695 a
472 2660 585 2695 deviis
601 2661 646 2694 ad
658 2659 798 2694 viarum
814 2662 996 2694 rectarum
1010 2657 1194 2699 terminos,
1209 2669 1297 2702 quos
1312 2657 1426 2692 sancti
1442 2661 1560 2702 patres
1576 2652 1716 2702 [nostri]
1734 2659 1943 2702 posuerunt,

323 2716 514 2757 reducatis,
534 2715 639 2750 facite
652 2715 820 2750 ardenter
835 2726 918 2749 cum
933 2714 1064 2749 affectu
1080 2713 1286 2749 efficaciter.
1574 2718 1576 2721 '

368 2865 413 2905 (l)
438 2863 526 2898 Hier
541 2863 657 2898 wordt
672 2861 872 2897 Wernerus
889 2861 1103 2906 Keynkamp
1118 2871 1189 2896 van
1202 2860 1370 2903 Lochem,
1385 2863 1504 2896 rector
1519 2860 1583 2897 der
1598 2860 1721 2898 school
1731 2863 1768 2898 te
1783 2860 1948 2907 Kampen

328 2930 373 2955 en
389 2918 514 2954 vriend
530 2929 600 2953 van
617 2918 724 2953 Gecrt
740 2917 882 2958 Grootc,
901 2917 1051 2952 bedoeld
1066 2918 1239 2961 (Aequoy,
1257 2917 1323 2952 blz.
1343 2919 1385 2952 42
1401 2927 1446 2952 en
1463 2918 1530 2960 49.)
