2097 3466
790 241 921 276 ANNO
949 242 1048 276 1403
1680 240 1738 273 401

112 335 355 380 pontificibus,
374 335 583 380 dyocesanis
600 346 641 369 ac
658 335 907 378 episcoporum
926 334 1082 377 vicarijs,
1103 337 1142 368 ut
1159 334 1253 368 Deus
1274 345 1356 367 cum
1375 333 1506 376 populo
1522 331 1746 366 sermonibus

109 391 311 426 astantibus
328 394 520 425 nonerunt.
540 391 585 425 Et
613 390 711 434 quia,
729 389 866 424 domini
890 390 973 430 mei,
999 389 1098 424 illius
1121 391 1174 423 est
1198 388 1442 432 interpretari,
1461 387 1566 422 cuius
1588 389 1642 422 est
1664 397 1746 421 con-

110 445 196 480 dere
223 445 402 489 signantis
431 446 468 481 in
496 447 604 481 rebus
627 446 801 488 obscuris,
828 446 908 481 ideo
935 447 1046 481 offero
1074 445 1249 489 meipsum
1279 446 1451 488 premissa
1479 445 1747 479 declaraturum

111 499 241 534 vestris
257 510 378 534 coram
397 503 616 544 reuerent-ijs
633 501 830 536 secundum
847 501 1009 545 graciam
1030 500 1141 535 michi
1158 511 1179 534 a
1198 500 1271 534 Dco
1288 501 1485 543 prestitam,
1504 503 1539 534 et
1561 499 1749 533 doctorum

112 554 336 591 sentenciam
365 567 506 600 semper
533 568 614 590 cum
644 556 802 600 benigna
829 555 1098 599 supportatione
1126 554 1315 590 humiliter
1339 554 1547 598 petiturum,
1576 557 1753 597 quatenus

112 614 230 646 vestre
254 610 377 655 gracie
403 615 438 646 et
467 611 714 646 misericordie
741 611 1026 645 habundantiam
1059 621 1147 654 erga
1174 621 1290 645 meam
1320 610 1539 644 modiculam
1564 618 1752 652 personam

114 667 203 703 mite
219 667 360 712 agendo
376 665 579 711 dignemini
605 665 776 710 largiflue
805 666 1009 706 extendere,
1029 665 1211 700 offerendo
1227 675 1284 700 me
1297 665 1341 699 ad
1359 664 1564 699 orationum
1581 662 1755 707 suffragia

114 721 244 758 vestris
261 733 326 766 pro
343 722 446 756 bonis
463 720 724 755 intentionibus
740 719 974 764 imposterum
993 719 1205 755 fiendarum.

160 776 297 811 Contra
326 777 585 820 responsiones
623 785 686 808 seu
719 776 964 819 consessiones
991 776 1124 818 fratris
1153 775 1326 818 Dyonisg'j
1349 774 1530 808 Soncaine
1554 772 1600 806 de
1623 771 1756 806 ordine

114 833 307 865 minorum
324 832 365 863 in
379 829 541 864 secunda
559 831 755 863 audientia
773 835 804 863 et
820 829 967 870 ultima,
988 831 1052 874 qui
1069 829 1246 863 sediciose
1264 828 1529 872 predicauerat
1547 830 1587 860 in
1605 826 1751 859 multis.

159 885 285 920 Prima
297 885 481 928 responsio
495 884 618 919 fratris
634 884 785 926 Dionisij
803 896 865 919 seu
882 884 1031 919 assertio
1045 888 1112 919 etc.
1124 888 1177 919 est
1195 884 1386 928 indigesta,
1403 883 1632 926 incompleta,
1645 880 1756 916 dubia

114 941 151 973 et
182 937 262 972 ideo
300 937 493 972 temeraria
517 941 552 972 et
582 937 782 981 periculose
810 942 957 972 asserta.
989 937 1183 981 Indigesta,
1214 937 1299 980 quia
1324 940 1435 971 staret
1458 936 1552 979 quod
1569 935 1649 978 (niis
1666 937 1756 969 esset

115 993 298 1028 confessus
315 991 550 1036 priuilegiato
568 996 756 1036 prenotato
772 996 838 1027 etc.
858 994 992 1036 absque
1009 993 1194 1027 attritione
1211 996 1274 1026 aut
1298 991 1516 1026 contritione
1540 991 1595 1025 vel
1621 990 1754 1024 incom-

116 1048 210 1092 plete
227 1047 283 1081 vel
298 1048 391 1087 ficte,
411 1059 482 1090 quo
507 1058 590 1082 casu
609 1050 792 1082 teneretur
816 1048 980 1082 confiteri
1004 1048 1113 1082 semel
1142 1047 1179 1081 in
1210 1058 1305 1081 anno
1329 1058 1394 1081 suo
1411 1050 1549 1086 curato,
1569 1045 1757 1089 presertim

116 1101 146 1136 si
172 1101 289 1146 pridie
313 1101 451 1136 Pasehe
474 1101 600 1136 suisset
621 1103 803 1137 confessus
829 1102 1074 1146 priuilegiato,
1094 1113 1159 1137 nec
1176 1114 1288 1145 usque
1305 1102 1350 1136 ad
1367 1101 1462 1136 diem
1482 1100 1619 1135 Pasche
1642 1103 1760 1143 posset

117 1155 224 1191 alteri
240 1167 349 1199 quam
374 1158 500 1190 curato
525 1155 701 1190 confiteri.
730 1156 962 1201 Incompleta,
993 1157 1079 1200 quia
1109 1160 1232 1197 staret,
1266 1156 1360 1200 quod
1390 1160 1467 1200 post
1499 1155 1758 1190 confessionem

120 1210 254 1245 factam
271 1208 506 1254 priuilegiato
520 1209 658 1253 aliquid
674 1211 826 1246 mortale
849 1210 1089 1246 committeret
1107 1214 1190 1246 ante
1205 1211 1301 1245 diem
1319 1211 1449 1245 festum
1465 1209 1603 1244 Pasche
1620 1213 1655 1244 et
1671 1213 1759 1243 tunc

118 1268 305 1301 teneretur
327 1264 418 1299 illud
442 1267 568 1300 curato
593 1264 771 1306 confiteri,
797 1265 826 1299 si
855 1277 926 1300 non
950 1268 1090 1309 pateret
1113 1266 1158 1300 ad
1181 1265 1456 1310 priuilegiatum
1489 1264 1619 1300 aditus.
1640 1262 1758 1298 Dubia

119 1319 278 1364 quidem,
301 1319 388 1362 quia
404 1319 518 1362 aliqui
535 1319 699 1354 doctores
716 1319 842 1354 famosi
867 1319 905 1354 in
928 1320 1123 1365 theologia,
1135 1320 1268 1364 quibus
1297 1320 1422 1355 beatus
1452 1319 1610 1354 Thomas
1634 1319 1760 1353 fauere

119 1374 276 1416 videtur,
295 1374 361 1408 sub
377 1373 489 1408 dubio
505 1373 632 1409 dicunt
648 1374 744 1418 quod
761 1375 941 1409 confessus
958 1374 1191 1419 priuilegiato
1204 1377 1288 1409 ante
1303 1373 1398 1409 diem
1413 1373 1564 1415 pasche,
1584 1376 1625 1408 ut
1641 1375 1762 1407 seruet

119 1433 297 1466 statutum
341 1429 486 1472 concilij
515 1430 697 1474 generalis
715 1441 722 1464 :
762 1429 888 1464 Omnis
915 1430 1105 1474 utriusque
1132 1441 1238 1465 sexus
1268 1433 1413 1466 tenetur
1443 1439 1509 1463 suo
1540 1430 1666 1462 curato
1698 1426 1762 1460 illo

120 1487 294 1529 tempore,
312 1484 341 1519 si
358 1488 442 1520 ante
459 1484 576 1519 eidem
593 1483 631 1518 in
648 1496 743 1520 anno
760 1484 824 1520 illo
841 1497 913 1520 non
929 1485 1038 1521 fuerit
1055 1486 1249 1526 consessus,
1269 1484 1434 1520 confiteri
1459 1482 1601 1518 venalia
1619 1495 1628 1525 ς
1657 1486 1703 1522 et,
1723 1484 1763 1516 ut

121 1540 260 1581 dicunt,
275 1539 337 1574 ille
353 1543 407 1574 est
423 1551 526 1574 casus
543 1551 614 1583 quo
626 1539 769 1574 venalia
795 1540 927 1575 debent
942 1541 985 1575 de
1002 1540 1212 1575 necessitate
1240 1539 1416 1580 confiteri,
1433 1541 1536 1574 extra
1558 1548 1666 1580 quem
1690 1547 1762 1570 non

122 1598 294 1631 tenentur
306 1595 351 1630 de
361 1594 584 1636 necessitate,
594 1606 813 1638 quamquam
825 1595 994 1639 quislibet
1007 1598 1150 1631 tenetur
1160 1607 1231 1630 non
1242 1598 1496 1638 contempnere
1509 1593 1572 1627 illa
1583 1590 1760 1626 confiteri.

124 1650 209 1686 Ideo
225 1651 417 1686 temerarie
440 1654 476 1686 et
498 1651 700 1695 periculose
722 1655 869 1693 asserta,
888 1651 973 1695 quia
998 1652 1129 1696 populo
1153 1654 1216 1686 aut
1239 1651 1336 1686 clero
1359 1650 1399 1684 in
1422 1647 1575 1683 materia
1590 1649 1762 1691 tangente

124 1704 364 1740 conscientias
394 1717 554 1741 asserere
583 1705 694 1740 dubia
719 1706 961 1749 periculosum
985 1709 1019 1741 et
1050 1705 1284 1741 temerarium
1308 1711 1372 1739 est.
1399 1703 1525 1738 Posset
1546 1701 1644 1737 enim
1671 1700 1764 1735 alter

124 1772 284 1796 asserere
302 1762 526 1796 contrarium
540 1764 575 1795 et
591 1760 642 1794 sic
659 1761 897 1796 redderentur
912 1760 1095 1795 auditores
1111 1760 1149 1794 in
1166 1763 1265 1795 tanta
1279 1758 1432 1794 materia
1444 1757 1616 1802 perplexi.
1628 1755 1764 1790 Verum

129 1819 183 1852 est
199 1817 294 1860 quod
309 1819 455 1860 peccata
480 1816 679 1850 confessata
691 1815 761 1850 rite
777 1819 812 1851 et
829 1816 946 1851 debite
963 1815 1198 1859 priuilegiato
1224 1817 1424 1859 prenotato,
1442 1812 1472 1847 si
1489 1823 1561 1847 non
1591 1810 1766 1845 excedant

133 1872 343 1906 facultatem
368 1870 401 1906 ei
425 1881 644 1912 concessam,
677 1882 749 1905 non
773 1875 856 1906 sunt
886 1871 929 1906 de
961 1871 1170 1906 necessitate
1193 1870 1325 1905 iterum
1356 1867 1533 1903 sacerdoti
1565 1863 1768 1910 parochiali

132 1926 349 1968 confitenda,
367 1929 409 1961 ut
438 1925 547 1960 habet
577 1926 767 1961 decretalis
798 1929 925 1961 contra
950 1925 1165 1970 magistrum
1192 1925 1394 1960 «iohannem
1423 1923 1466 1957 de
1495 1922 1642 1956 Poliaco
1661 1932 1668 1954 ε
1697 1919 1769 1953 Vas

131 1982 317 2016 eleccionis
330 1992 343 2023 ;
360 1981 421 2016 sed
444 1980 530 2021 alia,
548 1980 578 2014 si
603 1992 673 2024 qua
689 1980 761 2016 sint
777 1980 945 2015 mortalia
961 1984 1025 2016 aut
1040 1980 1194 2020 venalia,
1213 1979 1242 2014 si
1268 1979 1368 2014 nulla
1391 1977 1463 2012 sint
1485 1975 1666 2015 mortalia,
1684 1977 1769 2009 sunt

129 2035 308 2072 sacerdoti
335 2035 537 2080 parochiali
553 2035 597 2069 de
613 2047 776 2080 congruo
799 2036 1003 2070 confitenda
1019 2040 1083 2071 aut
1102 2034 1206 2070 alteri
1223 2035 1266 2069 de
1283 2044 1348 2068 sua
1363 2032 1523 2073 licentia,
1542 2031 1604 2075 qui
1620 2029 1767 2064 aliunde

132 2103 205 2127 non
217 2091 327 2126 habet
341 2089 513 2125 audiendi
531 2093 565 2124 et
580 2090 790 2125 absoluendi
807 2094 1030 2134 potestatem.

179 2145 346 2181 Secunda
369 2145 518 2180 assertio
543 2148 595 2180 est
618 2146 766 2180 confusa
784 2150 817 2180 et
835 2145 1011 2190 indigeste
1027 2145 1167 2188 prolata
1184 2147 1358 2188 quantum
1375 2143 1421 2177 ad
1437 2142 1541 2176 illum
1557 2139 1766 2176 terminum.

132 2201 253 2236 Maior
269 2203 323 2235 est
338 2199 434 2235 enim
453 2200 584 2243 duplex
601 2199 800 2241 maim-itas,
819 2211 892 2234 una
905 2199 1102 2240 extensiua,
1118 2199 1190 2233 alia
1203 2197 1396 2238 intensiua,
1411 2200 1444 2231 et
1458 2196 1508 2230 sic
1521 2194 1646 2230 debuit
1658 2193 1769 2237 expli-

135 2266 218 2290 care
235 2265 307 2298 qua
329 2253 536 2288 maioritate
566 2258 721 2297 potestas
748 2265 874 2288 eorum
905 2256 956 2288 est
981 2254 1098 2288 maior
1120 2256 1294 2297 potestate
1310 2255 1532 2286 curatorum.
1552 2250 1659 2284 Forte
1675 2249 1771 2283 dicet

137 2311 234 2355 quod
249 2310 318 2345 hoc
335 2309 420 2344 fecit
436 2309 522 2352 quia
537 2308 725 2343 subiunxit
743 2313 778 2344 et
794 2309 995 2353 gereralior
1010 2312 1045 2343 et
1062 2320 1124 2352 pre
1141 2308 1177 2342 id
1194 2312 1247 2343 est
1265 2320 1272 2342 ;
1291 2307 1320 2341 si
1338 2307 1389 2341 sic
1414 2305 1597 2350 potuisset,
1616 2306 1769 2347 potestas

134 2363 452 2410 priuilegiatorum
465 2367 518 2398 est
534 2363 661 2404 maior,
689 2363 724 2397 id
741 2369 794 2398 est
809 2363 1026 2407 generalior,
1053 2363 1186 2397 clarior
1202 2362 1327 2397 fuisset
1342 2372 1405 2395 sua
1423 2359 1583 2394 assertio.
1604 2358 1674 2393 Sed
1689 2357 1719 2391 si
1736 2361 1771 2392 et

136 2420 257 2464 posuit
273 2431 338 2464 pro
355 2418 564 2463 copulatiua
580 2419 637 2453 vel
653 2419 697 2453 de
714 2419 882 2462 copulato
910 2423 1082 2459 extremo,
1107 2429 1188 2452 cum
1217 2418 1262 2452 ad
1286 2417 1475 2451 veritatem
1492 2413 1698 2458 copulatiue
1717 2424 1769 2446 re-

137 2474 306 2518 quiratur
317 2475 442 2510 ambas
461 2480 579 2518 partes
592 2487 666 2510 esse
680 2487 794 2517 vera-5,
809 2475 933 2510 debuit
949 2475 1172 2518 distinguere
1189 2475 1232 2508 de
1249 2473 1453 2507 maioritate
1469 2474 1504 2505 et
1521 2481 1591 2504 non
1606 2469 1690 2503 fecit
1707 2480 1772 2502 nec

137 2529 251 2565 dixit:
267 2533 302 2565 et
317 2530 445 2571 maior,
465 2529 501 2564 id
519 2537 571 2564 est
587 2530 804 2574 generalior.
825 2530 863 2565 Si
881 2530 972 2565 dixit
988 2530 1026 2564 in
1043 2529 1200 2564 sermoni
1216 2529 1311 2572 quod
1329 2531 1481 2572 potestas.-
1498 2528 1707 2559 curatorum
1721 2526 1774 2557 est

138 2588 184 2622 ab
197 2587 377 2632 episcopo,
396 2587 447 2622 ita
463 2586 689 2631 simpliciter,
706 2587 741 2621 id
758 2593 811 2622 est
834 2587 911 2621 sine
927 2586 1061 2626 addito,
1089 2588 1123 2620 et
1140 2596 1211 2619 non
1240 2583 1439 2623 reuocauit,
1465 2581 1608 2626 publice
1633 2579 1776 2614 videtur

137 2642 344 2678 reuocanda
360 2642 398 2677 in
411 2643 547 2684 sorma;
566 2646 602 2677 et
617 2642 861 2677 confitendum
874 2646 927 2677 est
943 2642 1037 2686 quod
1054 2645 1108 2675 est
1124 2651 1145 2673 a
1163 2638 1306 2674 Christo
1320 2637 1537 2672 immediate.
1558 2635 1663 2670 Dedit
1679 2634 1776 2669 enim

138 2696 240 2732 illam
250 2697 387 2732 scilicet
401 2700 611 2741 potestatem
629 2696 767 2731 ordinis
780 2695 1084 2732 etiurisdictionis
1100 2696 1140 2728 72
1154 2693 1352 2737 discipulis,
1365 2691 1535 2736 quoniam
1552 2689 1650 2724 misit
1663 2701 1722 2723 eos
1739 2689 1777 2723 in

139 2763 283 2787 omnem
313 2751 500 2787 ciuitatem
532 2754 567 2786 ct
594 2751 713 2785 locum
746 2751 783 2785 in
808 2762 879 2794 quo
903 2753 981 2785 erat
1005 2750 1079 2794 ipse
1103 2753 1287 2784 venturus.
1319 2748 1424 2782 Dedit
1451 2746 1546 2781 enim
1572 2745 1682 2786 (Luce
1711 2746 1778 2785 10.)

140 2810 352 2852 potestatem
369 2810 409 2842 ut
424 2805 591 2841 demonia
607 2805 767 2841 eicerent
782 2810 818 2841 et
832 2810 871 2841 ut
891 2806 1084 2850 languores
1101 2808 1271 2838 curarent
1289 2814 1359 2837 non
1378 2802 1482 2836 modo
1497 2810 1702 2843 corporum,
1718 2797 1778 2832 sed

142 2862 394 2907 principaliter
416 2862 634 2896 animarum.
656 2861 698 2896 Et
715 2861 779 2902 sic,
798 2861 884 2905 quia
900 2860 1016 2895 curati
1034 2859 1232 2893 succedunt
1248 2861 1289 2892 72
1305 2855 1494 2901 discipulis
1512 2855 1605 2890 sicut
1621 2852 1779 2898 episcopi

143 2919 184 2952 12
201 2916 382 2961 apostolis,
403 2920 557 2960 potestas
582 2927 706 2950 eorum
735 2919 787 2951 est
812 2916 856 2951 de
879 2913 1057 2951 essentiali
1076 2912 1281 2947 iherarcliia
1297 2912 1459 2947 ecclesie.
1481 2911 1642 2946 Potestas
1658 2913 1779 2943 auten:

1607 2989 1649 3020 20
