2097 3466
716 204 849 241 ANNO
876 206 1094 254 1349-13510
1647 205 1709 242 197

89 303 205 358 naect,
222 301 312 358 ende
328 302 474 357 sloegen
494 301 576 339 hem
592 300 658 345 mit
672 300 853 348 gheselen,
872 313 910 345 so
932 301 994 337 dat
1016 301 1045 337 si
1069 311 1147 337 seer
1162 300 1322 343 bloeden‚
1348 300 1439 341 ende
1454 312 1590 347 songen
1608 300 1678 355 dan
1694 312 1701 337 :

518 376 581 411 Nu
597 375 689 411 slaet
705 387 729 409 u
745 387 825 411 seer
842 377 933 411 door
951 375 1116 411 Christus
1133 375 1219 417 laer,

516 432 616 466 Door
639 431 721 467 God
737 442 778 466 so
798 431 869 466 laec
886 432 949 466 die
965 431 1104 466 sonden
1121 441 1230 465 meer.

131 507 232 543 Ende
248 507 301 542 als
316 505 346 542 si
363 507 444 542 hem
462 507 672 553 ghegheselt
694 508 847 549 hadden,
865 520 904 543 so
931 507 1092 553 ginghen
1116 507 1145 541 si
1173 509 1276 542 voort
1298 506 1335 542 in
1353 518 1417 542 een
1434 507 1544 542 ander
1560 508 1705 549 kerekc,

87 563 177 599 ende
192 561 353 607 ginghen
370 562 451 598 hem
467 563 648 607 ghesclcn,
663 563 753 598 ende
777 567 928 607 nergent
951 563 1084 607 sliepen
1109 562 1138 596 si
1155 562 1223 597 den
1240 573 1330 597 enen
1355 563 1474 603 nacht,
1493 564 1579 597 daer
1595 563 1623 597 si
1641 564 1709 598 dcn

87 617 244 653 anderen
260 617 430 661 geslapen
454 617 606 652 haddon.
627 619 725 653 Ende
749 619 825 653 veel
854 618 961 652 luden
985 618 1042 652 die
1065 617 1126 652 dat
1149 616 1296 662 saghcn,
1316 617 1461 651 worden
1487 618 1627 652 beroert
1643 617 1709 653 mit

87 675 237 719 grooten
254 673 421 708 berouwe
438 683 506 707 van
523 673 610 708 hare
626 674 771 715 sondcn,
790 674 879 708 ende
908 684 1035 708 namen
1063 672 1121 707 dic
1149 673 1339 707 bedevaert
1363 673 1463 707 mede
1491 685 1570 714 aen,
1588 673 1705 714 leken,

87 727 265 768 clercken,
295 737 422 771 papen‚
453 727 644 762 monicken
671 728 760 763 ende
785 740 849 763 000
872 727 1073 771 sommighe
1093 727 1312 771 bisscoppen.
1350 726 1430 761 Mer
1456 728 1513 762 dic
1541 728 1708 771 priesters

87 793 221 822 waren,
235 793 279 817 en
303 782 495 826 gheselden
513 782 594 817 hem
612 782 686 817 niet
701 783 992 827 openbaerliken.
1019 782 1106 816 Hier
1121 783 1162 816 of
1173 781 1388 826 geschiedcn
1412 782 1488 816 vele
1505 783 1705 827 dogheden,

87 838 184 871 want
206 836 288 871 dese
311 836 601 880 gheselbroeders
632 840 793 871 maectcn
825 837 901 871 veel
932 847 1062 871 soenen
1089 847 1158 870 van
1188 835 1396 879 dootslagen
1421 837 1461 870 of
1480 848 1549 870 van
1574 837 1709 871 striden

87 892 176 927 ende
191 903 261 926 van
278 891 470 936 menighen
489 902 627 926 swaren
644 895 759 932 veten,
778 891 835 926 die
864 895 897 927 tc
924 903 1034 926 voren
1059 890 1217 925 niemant
1244 891 1418 925 besoenen
1447 891 1600 927 mochte.
1622 893 1710 927 Dese

86 948 378 993 gheselbroeders
401 948 546 992 sloegen
572 948 630 982 die
657 948 770 983 Joden
797 949 892 989 doot,
911 959 1008 982 waer
1030 948 1092 982 dat
1114 947 1143 981 si
1171 959 1208 981 sc
1224 947 1376 987 vondcn,
1394 945 1452 980 die
1469 945 1543 981 niet
1567 946 1711 981 kersten

84 1014 201 1038 wesen
217 1003 381 1043 wouden,
400 1003 489 1037 ende
505 1003 677 1038 waenden
693 1003 774 1038 dair
790 1003 886 1038 Gode
899 1003 990 1038 lieve
1006 1003 1106 1038 mede
1122 1006 1156 1037 tc
1169 1003 1272 1043 doen,
1291 1002 1353 1037 dat
1369 1001 1524 1036 nochtan
1542 1001 1580 1036 in
1603 1014 1708 1037 onser

84 1062 154 1094 wet
169 1059 348 1094 verboden
366 1058 407 1094 15.
427 1059 528 1094 Ende
543 1062 641 1094 want
657 1059 743 1094 dacr
759 1060 835 1094 veel
859 1071 998 1094 erroers
1022 1059 1060 1093 in
1083 1058 1257 1103 gesciede,
1287 1070 1326 1093 so
1353 1058 1500 1092 verboet
1522 1057 1580 1092 die
1608 1069 1707 1102 paus,

84 1114 147 1161 dat
161 1125 243 1152 men
259 1114 321 1149 dat
337 1113 411 1149 niet
427 1125 525 1149 meer
540 1114 631 1149 doen
657 1126 701 1149 en
717 1115 837 1149 soude.
864 1114 948 1149 Men
964 1114 1069 1158 seyde
1085 1114 1146 1148 dat
1162 1124 1227 1148 een
1256 1112 1435 1156 Prophete
1451 1112 1708 1156 propheteerde

85 1180 155 1203 van
178 1168 284 1204 desen
310 1168 437 1203 volcke
462 1169 594 1214 langhe
611 1171 646 1204 te
662 1180 771 1204 voren
788 1169 912 1204 aldus:
940 1168 1063 1202 Veniet
1082 1178 1173 1213 qens
1196 1169 1277 1201 sine
1300 1169 1418 1211 capite
1445 1172 1476 1201 et
1500 1167 1710 1211 flaqellabit

85 1233 124 1257 se
137 1234 207 1268 pro
217 1225 378 1268 peccatis
406 1225 496 1258 suis.
517 1224 587 1259 Dat
610 1223 640 1258 is
663 1226 697 1258 te
714 1235 868 1268 zeggen:
889 1224 990 1258 Daer
1011 1222 1070 1258 sal
1093 1234 1158 1257 een
1180 1222 1284 1258 volck
1302 1233 1428 1257 comen
1442 1222 1579 1256 sonder
1594 1223 1706 1267 hoosl,

89 1277 180 1313 ende
195 1278 254 1312 sal
269 1277 353 1313 hem
365 1277 539 1323 qheselen
554 1280 725 1312 overmits
742 1281 822 1312 sine
837 1277 988 1313 sonden.

436 1353 650 1399 Chroozyche
665 1366 736 1389 ταη
750 1355 912 1389 Joamzes
929 1366 1001 1389 υαη
1015 1354 1082 1388 der
1099 1354 1207 1396 Beke,
1222 1353 1277 1389 uit
1290 1353 1352 1389 het
1363 1353 1468 1398 latijn
1481 1353 1536 1390 int
1547 1354 1707 1399 Duytsch

476 1413 662 1454 overgezet
678 1411 766 1445 door
781 1422 847 1445 een
860 1413 923 1446 out
938 1410 1118 1446 onbekent
1134 1411 1303 1451 Aucteur,
1319 1409 1403 1445 dien
1415 1410 1484 1444 den
1496 1411 1571 1444 text
1582 1421 1707 1444 onver-

476 1463 633 1499 mindert
647 1464 728 1499 hier
743 1476 787 1499 en
800 1464 890 1499 daer
903 1464 981 1499 veel
993 1475 1062 1498 van
1079 1465 1101 1499 ’t
1113 1476 1177 1509 syn
1190 1465 1277 1499 daer
1291 1464 1338 1508 by
1353 1463 1450 1498 heeft
1465 1462 1650 1508 gevoecht,
1664 1474 1709 1498 en

476 1522 596 1554 voorts
624 1519 711 1554 daer
740 1519 803 1554 het
833 1519 934 1554 Beka
960 1519 1102 1564 gelaten
1132 1519 1241 1560 heeft,
1259 1519 1302 1553 de
1332 1518 1481 1553 historie
1511 1517 1708 1560 vervolcht,

480 1573 705 1615 (Chronicon
717 1577 860 1608 auctius
872 1574 1031 1609 Ioannis
1044 1575 1088 1609 de
1103 1574 1236 1618 Beka),
1249 1575 1297 1618 bij
1311 1573 1505 1616 Mattheus,
1519 1573 1708 1615 Analecta,

474 1628 553 1664 deel
569 1628 632 1671 111,
647 1629 713 1664 blz.
732 1632 807 1671 241,
826 1631 900 1664 242.

830 1756 958 1800 200.

151 1883 433 1936 1349-1350,
455 1883 503 1926 in
525 1884 579 1927 de
598 1883 932 1927 Nederlanden.
960 1881 1198 1926 Uittreksel
1237 1881 1311 1925 uit
1328 1881 1380 1925 de
1416 1880 1593 1939 kronijk
1624 1895 1710 1925 van

88 1954 171 1998 Jan
192 1967 278 1996 van
302 1953 473 2011 Leyden
493 1952 582 2009 (15e
600 1951 737 2009 eeuw)
759 1966 862 1994 over
880 1951 931 1994 de
947 1951 1217 1995 Geeselaars.
1243 1977 1289 1982 —
1311 1951 1378 1994 Na
1395 1950 1446 1993 de
1462 1951 1711 1994 versehrik-

89 2022 248 2080 kelijke
270 2026 365 2078 pest
393 2035 477 2065 van
504 2022 617 2066 1349
654 2021 799 2064 kwam
836 2021 888 2064 de
922 2023 1038 2064 secte
1060 2020 1137 2064 der
1159 2019 1518 2063 Geeselbroeders
1551 2034 1620 2076 op,
1646 2019 1713 2063 die

89 2105 169 2135 een
193 2091 517 2134 Nederlandsch
541 2091 712 2149 rijmpje
735 2103 924 2147 zongen;
951 2103 1071 2133 maar
1093 2103 1200 2146 paus
1222 2089 1419 2134 Clemens
1441 2089 1502 2132 VI
1524 2087 1713 2133 verbood

89 2160 165 2204 het
189 2160 279 2203 hun
298 2173 350 2203 en
369 2160 421 2203 de
438 2163 555 2204 secte
578 2159 826 2203 verdween.

135 2286 240 2321 Anno
258 2284 401 2320 Domini
420 2287 515 2326 1349,
542 2284 700 2320 maxima
717 2282 920 2329 pestilentia
938 2282 1111 2318 Dominus
1128 2281 1325 2328 flagellavit
1340 2282 1524 2326 populum,
1550 2280 1600 2317 ita
1616 2281 1712 2326 quod

90 2341 171 2390 plus
187 2352 294 2386 quam
311 2340 482 2376 medietas
502 2340 690 2375 hominum
707 2340 752 2374 ab
768 2339 837 2374 hoc
853 2339 972 2374 seculo
996 2338 1187 2373 decesserit
1203 2341 1238 2373 et
1253 2338 1388 2372 multae
1404 2336 1565 2372 civitates
1581 2349 1624 2372 ex
1640 2340 1714 2372 toto

90 2407 225 2431 vacuae
242 2395 524 2440 permanserint;
544 2398 762 2439 quapropter
774 2395 934 2430 eamdem
952 2394 1190 2438 pestilentiam
1205 2393 1409 2438 generalem
1426 2392 1482 2427 his
1494 2392 1716 2436 temporibus

91 2452 129 2488 in
146 2452 325 2497 plerisque
341 2450 550 2496 regionibus
566 2453 801 2485 surrexerunt
817 2449 962 2493 quidam
979 2449 1055 2484 sine
1072 2448 1290 2484 authoritate
1308 2447 1429 2492 populi
1451 2448 1506 2481 vel
1534 2446 1716 2482 Ecclesiae

92 2507 348 2552 poenitentiam
377 2505 558 2550 publicam
587 2504 812 2549 recipientes,
832 2505 1027 2548 nuncupati
1046 2505 1174 2538 fratres
1198 2503 1451 2548 flagellatores
1471 2502 1516 2536 Hi
1541 2501 1713 2537 vexillum

94 2563 237 2600 Domini
251 2575 333 2597 cum
349 2562 516 2597 crucibus
533 2564 615 2596 ante
631 2573 667 2596 se
684 2563 864 2605 portantes
888 2563 923 2595 et
945 2560 1113 2594 ecclesias
1137 2559 1191 2593 bis
1214 2559 1251 2593 in
1275 2559 1333 2593 die
1356 2557 1530 2593 intrantes
1546 2569 1582 2592 se
1599 2556 1711 2592 omni-

93 2619 159 2654 bus
174 2617 330 2653 vestibus
347 2616 540 2656 nudabant,
559 2615 643 2650 solis
656 2615 829 2659 pudendis
842 2615 988 2650 honeste
1004 2614 1148 2655 velatis3
1164 2617 1199 2648 et
1214 2617 1299 2648 tunc
1315 2613 1447 2657 seipsos
1459 2616 1542 2647 ante
1554 2615 1589 2648 et
1601 2615 1711 2653 retro,

93 2673 155 2708 sed
171 2672 363 2717 praecipue
386 2671 423 2705 in
440 2670 607 2715 scapulis
627 2682 708 2705 cum
733 2669 886 2714 flagellis
915 2669 1087 2704 coriaceis
1111 2668 1324 2703 habentibus
1351 2667 1494 2702 aculeos
1520 2667 1654 2701 ferreos
1679 2666 1716 2701 in

93 2727 262 2762 extremis
278 2725 380 2761 nodis
396 2726 485 2760 dure
501 2724 752 2769 percutientes.
767 2724 981 2769 sanguinem
998 2723 1182 2768 proprium
1200 2722 1440 2762 excutiebant,
1458 2725 1493 2757 et
1509 2721 1561 2755 510
1583 2721 1717 2765 seipsos

94 2782 312 2828 flagellando
336 2779 560 2816 canthilenas
587 2780 661 2815 Deo
689 2780 865 2814 canebant
889 2779 926 2814 in
953 2778 1108 2823 vulgari,
1135 2778 1292 2813 dicentes
1311 2790 1318 2812 :
1344 2777 1441 2810 Slaet
1468 2788 1492 2809 u
1523 2786 1602 2810 seer
1629 2776 1717 2809 doer

77 2872 81 2878 ,
99 2837 263 2881 Christus
282 2837 378 2877 leer:
395 2836 484 2869 door
503 2834 598 2869 Godt
615 2845 676 2868 soo
693 2834 763 2868 laet
781 2834 842 2867 die
866 2834 1007 2868 sonden
1025 2844 1134 2868 moer.
1154 2834 1346 2876 Nunquam
1374 2832 1482 2867 eriam
1506 2830 1715 2866 dormiendo

96 2894 398 2938 pernoctaverunt
413 2890 450 2926 in
478 2890 541 2925 illo
568 2890 647 2925 loco
669 2888 730 2925 ubi
761 2889 876 2934 pridie
899 2888 1124 2933 quieverunt.
1144 2887 1190 2924 Et
1206 2888 1326 2923 nullus
1341 2887 1528 2924 hominum
1555 2897 1714 2937 unquam
