2097 3466
319 254 379 288 144
999 250 1131 285 ANNO
1160 252 1258 284 1280

1075 389 1199 433 150.

385 516 522 565 1280,
550 518 789 572 Auyustus
816 517 887 563 16,
918 516 1119 558 Brzcssel.
1149 517 1256 559 Acte
1279 530 1362 558 vau
1387 517 1468 558 Jan
1494 517 1527 565 I,
1556 516 1714 571 hertog
1736 529 1819 557 van
1848 516 1952 557 Bra-

321 584 443 637 bant,
470 585 649 641 waarbij
677 585 737 642 hij
779 585 830 627 de
868 583 1077 627 broeders
1115 585 1343 640 Bogarden
1380 584 1445 642 (os
1463 584 1738 641 Beggarden)
1772 598 1824 626 en
1862 584 1951 626 hun

322 654 514 697 klooster
536 657 580 697 te
603 655 777 696 Leuven
802 653 938 696 onder
960 654 1072 709 zijne
1096 653 1399 709 bescherming
1422 657 1582 705 neemt,
1610 668 1657 695 ze
1690 667 1774 695 van
1798 652 1953 696 zekere

319 722 592 778 belastingen
613 723 803 779 vrijstelt
823 737 876 764 en
899 722 950 764 de
968 725 1064 764 acte
1089 735 1171 765 van
1196 723 1248 765 de
1267 722 1546 765 Leuvensche
1569 722 1814 778 schepenen
1848 734 1954 764 over

319 791 370 833 de
391 790 660 847 bezittingen
684 806 769 834 van
793 792 869 834 het
885 791 1081 834 klooster
1098 790 1358 847 goedkeurt.

363 916 500 949 Datum
534 916 748 958 Bruxellac,
774 927 874 951 mmo
909 917 1064 949 Domini
1094 915 1295 950 millesimo
1335 916 1580 950 ducentesimo
1621 916 1880 960 octuayesimo,
1913 916 1954 948 in

319 974 483 1006 crastino
502 973 768 1016 assumptionis
785 972 910 1005 beatae
936 971 1118 1014 Viryinis.

672 1049 794 1084 Codex
810 1048 1074 1092 diplomaticus
1091 1059 1219 1082 rerum
1236 1048 1539 1090 Lovaniensium‚
1558 1048 1596 1082 in
1612 1047 1655 1082 de
1672 1047 1792 1082 Ram’s
1808 1046 1954 1091 uitgave

710 1117 781 1139 van
811 1105 990 1145 Molanus,
1010 1103 1201 1138 Historiae
1229 1104 1519 1138 Lovam'ensz'um
1547 1104 1637 1138 libri
1665 1103 1771 1144 XIV,
1800 1102 1878 1137 deel
1905 1102 1952 1144 II,
2011 1130 2015 1134 .

712 1161 779 1194 blz.
808 1161 902 1194 1212.

1084 1274 1193 1318 151.

387 1409 520 1459 1280,
543 1410 796 1465 Λυρκείας,
826 1408 1082 1465 (Βναόαηί).
1113 1409 1244 1451 Bevel
1267 1423 1351 1451 van
1373 1410 1456 1452 Jan
1480 1409 1513 1461 I,
1551 1409 1709 1465 hertog
1741 1423 1826 1453 van
1848 1411 1954 1453 Bra-

320 1477 440 1528 bant,
477 1479 648 1534 gerieht
680 1480 747 1521 tot
779 1479 819 1521 al
843 1479 956 1535 ziJne
989 1477 1268 1521 onderdanen
1308 1492 1360 1520 en
1400 1478 1711 1521 inzonderheid
1743 1481 1810 1522 tot
1839 1479 1954 1536 zijne

319 1546 519 1603 baljuws,
558 1548 728 1598 meiers,
770 1547 1048 1590 ambtenaars
1081 1561 1134 1589 en
1158 1546 1476 1600 tolbedienden,
1503 1546 1683 1603 waarbij
1717 1547 1777 1604 hij
1802 1547 1954 1591 volko-

320 1630 444 1658 mene
462 1616 724 1673 vrijstelling
748 1629 832 1658 van
854 1615 1193 1672 tolbelastingen
1218 1630 1301 1659 aan
1325 1617 1376 1658 de
1399 1616 1613 1659 Luiksche
1634 1615 1952 1672 predikheeren

320 1689 510 1741 vergunt
533 1699 639 1728 voor
659 1685 736 1728 het
753 1699 994 1728 vervoeren
1018 1686 1193 1728 hunner
1209 1686 1423 1742 goederen
1440 1688 1484 1728 te
1507 1685 1636 1728 lande
1659 1699 1713 1728 en
1745 1688 1790 1728 te
1812 1689 1953 1729 water

320 1767 426 1796 over
443 1755 609 1810 gansch
632 1755 718 1811 zijn
740 1754 1012 1810 hertogdom.

364 1879 384 1914 J
388 1879 559 1921 ohannes,
592 1879 657 1915 Dei
688 1879 808 1924 gratia
839 1879 913 1913 dux
959 1880 1221 1924 Lotharingiae
1251 1883 1287 1915 et
1317 1879 1548 1921 Brabantiae,
1582 1879 1761 1915 universis
1790 1879 1835 1914 ad
1863 1889 1952 1923 quos

321 1937 501 1977 presentes
517 1934 660 1970 litterae
675 1935 906 1979 pervenerint
929 1938 965 1970 et
981 1937 1152 1980 precipuo
1177 1936 1355 1970 universis
1372 1936 1516 1978 villicis,
1535 1936 1691 1979 ballivis,
1710 1935 1894 1977 officiarijs
1910 1946 1952 1969 ac

319 1988 533 2032 thelonarijs
549 1989 691 2031 nostris,
710 1990 861 2024 salutem
879 1993 914 2025 et
930 2001 1036 2024 omne
1052 1991 1198 2025 bonum.

363 2042 543 2082 Quoniam
561 2043 673 2077 nostri
691 2043 917 2087 principatus
933 2045 1094 2087 potentia
1111 2045 1272 2079 liberalis
1288 2046 1331 2080 de
1348 2046 1445 2080 fonte
1461 2045 1623 2081 noscitur
1634 2045 1789 2090 pietatis,
1804 2044 1877 2078 illis
1889 2043 1951 2087 qui

316 2098 382 2131 sub
414 2098 544 2131 umbra
573 2098 716 2132 alarum
746 2101 953 2133 nostrarum
983 2100 1175 2143 respirant,
1203 2101 1325 2135 adesse
1356 2101 1526 2135 debemus
1553 2100 1710 2145 presidio
1731 2099 1901 2144 equitatis
1917 2101 1953 2133 et

317 2153 487 2196 precipue
504 2153 577 2186 illis
590 2153 651 2196 qui
667 2153 781 2188 cultui
801 2153 932 2187 Divino
949 2157 1033 2188 sunt
1048 2155 1160 2189 dediti
1173 2158 1209 2190 et
1222 2167 1287 2199 pro
1304 2158 1426 2190 nostra
1438 2157 1552 2191 salute
1565 2155 1741 2200 evigilant
1756 2155 1950 2196 indefesse3

319 2207 434 2250 igitur
450 2219 533 2241 cum
549 2208 620 2242 viri
637 2209 799 2252 religiosi
824 2209 861 2242 in
882 2209 1026 2244 Christo
1043 2211 1147 2244 nobis
1171 2211 1294 2245 dilecti
1326 2211 1456 2245 fratres
1479 2211 1722 2255 predicatores
1748 2210 1787 2244 in
1817 2209 1952 2244 Leodio

317 2267 580 2298 commorantes
598 2263 730 2305 cibum,
750 2267 874 2307 potum
892 2267 927 2299 et
943 2265 1017 2298 alia
1030 2277 1095 2299 sua
1111 2266 1312 2300 necessaria
1329 2277 1392 2309 per
1408 2269 1541 2301 terram
1559 2269 1716 2301 nostram
1734 2266 1808 2300 sive
1820 2276 1951 2309 aquam

316 2317 498 2351 transvehi
513 2319 648 2353 faciant
661 2322 696 2353 et
711 2319 852 2360 deduci,
866 2319 967 2353 vobis
981 2320 1158 2354 univorsis
1172 2321 1315 2362 villicis,
1326 2321 1480 2362 ballivis,
1491 2322 1675 2363 officiarijS
1687 2333 1729 2355 ac
1741 2320 1951 2361 thelonarijs

318 2373 449 2407 nostris
467 2374 636 2416 predictis
654 2374 866 2408 mandamus
895 2374 1048 2408 firmiter
1076 2375 1306 2419 iniungentes
1329 2380 1364 2410 et
1387 2377 1547 2410 volentes
1574 2375 1805 2419 quantumvis
1820 2385 1863 2409 ea
1883 2384 1952 2418 que

318 2439 381 2461 sua
396 2432 490 2469 sunt,
507 2429 640 2471 absque
656 2429 816 2463 thelonio
833 2429 889 2463 vel
904 2429 1041 2463 tributo
1054 2441 1118 2473 per
1135 2433 1249 2465 totum
1266 2431 1467 2465 dominium
1484 2434 1647 2466 nostrum
1663 2431 1777 2465 libere
1792 2431 1828 2464 et
1851 2429 1950 2463 abso-

319 2484 393 2517 lute
417 2484 601 2518 transvehi
618 2484 835 2527 permittatis
859 2488 894 2518 et
917 2485 1058 2518 eosdem
1074 2485 1204 2519 adhoc
1220 2486 1416 2529 diligenter
1438 2486 1611 2521 assistatis
1635 2486 1799 2529 quotiens
1822 2484 1868 2518 ad
1882 2483 1952 2518 hoo

318 2550 382 2582 per
398 2550 457 2573 eos
473 2542 536 2573 aut
551 2550 676 2572 eorum
693 2539 840 2573 nuntios
864 2539 1006 2573 fueritis
1030 2540 1207 2582 requisiti.

362 2593 493 2627 Datum
510 2605 605 2628 anno
624 2594 771 2628 Domini
788 2594 844 2628 M0
862 2594 935 2628 CC0
952 2595 1210 2639 octuagesimo,
1229 2607 1350 2630 mense
1367 2598 1543 2640 Augusto.

666 2670 738 2705 HS.
756 2671 907 2705 Vanden
921 2672 1051 2713 Bereh,
1070 2672 1131 2706 sol.
1152 2676 1226 2707 131.
1246 2673 1491 2716 (Bibliotheek
1514 2674 1578 2707 der
1608 2671 1789 2707 Luiksche
1818 2671 1949 2715 hooge-

709 2726 856 2768 school‘).
888 2745 931 2750 —
957 2727 1079 2761 Onder
1102 2728 1161 2761 die
1176 2728 1340 2763 reizende
1358 2728 1540 2762 Luiksche
1556 2727 1819 2771 predikheeren
1834 2725 1952 2760 zullen

706 2781 966 2823 vermoedelijk
981 2782 1025 2816 de
1043 2782 1278 2825 inquisiteurs
1293 2784 1332 2817 in
1354 2784 1398 2818 de
1414 2786 1528 2818 eerste
1544 2783 1659 2826 plaats
1674 2784 1816 2817 moeten
1831 2780 1951 2825 geteld

709 2837 867 2870 worden.
