2097 3466
322 257 383 291 234
1004 254 1135 289 ANNO
1161 255 1261 289 1374

319 344 556 381 umbilicatim
582 344 725 381 fortiter
750 344 1025 390 stringerentur,
1056 343 1197 389 magnis
1220 342 1436 388 furiosisque
1459 343 1657 380 ululatibus
1673 355 1710 381 se
1736 344 1829 381 mori
1857 356 1938 390 pro-

321 402 528 436 clamarent.

361 456 457 490 Haec
477 458 573 490 secta
588 467 610 489 a
632 467 753 491 mense
777 454 978 500 Septembri
1002 454 1041 491 in
1066 454 1258 490 Octobrem
1285 454 1442 498 (mirum,
1472 466 1597 490 verum
1621 458 1742 491 tamen
1763 454 1876 499 dictu)
1899 456 1939 492 in

319 511 514 545 multorum
546 510 687 545 milium
719 510 987 546 multitudinem
1011 510 1191 553 excreuit3
1217 522 1300 545 nam
1327 513 1364 546 et
1391 522 1434 545 ex
1462 509 1655 546 Germania
1681 510 1753 545 huc
1779 510 1939 554 quotidie

317 564 538 600 chorisantes
562 566 789 601 confluebant
804 570 838 601 et
856 566 977 608 Leodij
995 565 1197 609 vicinisque
1215 565 1254 600 in
1272 565 1466 609 provincijs
1482 565 1628 609 plurimi
1645 565 1723 600 sani
1739 565 1940 610 mentisque

317 624 497 664 compotes
512 621 689 665 extemplo
705 633 727 655 a
742 620 976 655 daemonibus
992 619 1271 664 arripiebantur,
1290 621 1370 663 alijs
1393 620 1658 655 chorisantibus
1684 620 1776 656 datis
1803 619 1938 656 dextris

317 686 354 710 se
370 675 617 720 adiungentes.
645 676 797 711 Causam
820 675 1026 710 huiusmodi
1050 678 1166 710 sectae
1193 675 1393 711 diabolicae
1417 687 1488 711 non
1515 675 1624 710 aliam
1649 674 1719 709 viri
1746 675 1938 719 prudentes

318 729 550 774 assignabant
576 741 683 774 quam
715 729 798 765 fidei
821 733 856 765 et
883 732 1157 774 praeceptorum
1186 730 1262 772 Dei,
1281 741 1372 774 quae
1399 741 1463 775 per
1492 730 1530 765 id
1554 733 1694 775 tempus
1723 732 1936 776 regnabant,

319 795 474 819 crassam
490 783 747 828 ignorantiam.

362 839 443 873 Non
459 838 607 873 deerant
623 842 743 874 tamen
759 850 779 874 e
795 839 904 883 vulgo
921 838 983 882 qui
1007 838 1045 873 in
1067 839 1267 874 sacerdotes
1283 838 1557 874 concubinarios
1573 840 1717 883 culpam
1731 838 1935 885 rejicerent,

317 893 411 936 quod
428 905 491 937 per
505 905 565 928 eos
581 893 700 928 minus
715 896 811 929 recte
825 894 927 938 pueri
941 893 1223 937 baptisarentur3
1241 894 1303 929 sed
1319 897 1359 929 ut
1375 905 1447 929 non
1458 894 1577 928 minus
1589 894 1709 930 valere
1721 894 1938 939 baptismum

320 949 565 992 improborum
583 960 689 992 quam
707 950 901 993 proborum
917 950 1142 984 sacerdotum
1160 950 1254 984 Deus
1271 951 1520 994 comprobaret
1534 950 1788 994 silentiumque
1803 951 1936 986 calum-

318 1004 518 1039 niatoribus
546 1004 756 1048 imponeret,
789 1005 990 1039 saeculares
1017 1005 1217 1039 sacerdotes
1248 1005 1317 1040 hac
1343 1005 1463 1049 gratia
1490 1005 1625 1040 donare
1651 1005 1777 1046 voluit,
1810 1009 1852 1041 ut
1881 1005 1937 1040 illi

317 1059 523 1094 huiusmodi
547 1071 722 1102 possessos
749 1060 920 1095 ecclesiae
949 1062 1182 1103 caeremonijs
1213 1062 1249 1095 et
1278 1060 1486 1095 exorcismis
1512 1060 1709 1096 liberarent
1729 1071 1836 1104 quam
1857 1061 1937 1104 alijs

316 1114 561 1149 sacerdotibus
576 1114 756 1158 religiosis
773 1115 938 1159 negabat.

361 1169 482 1211 Leodij
500 1169 538 1203 in
563 1169 714 1203 ecclesia
732 1169 767 1204 S.
789 1170 914 1204 Crucis
937 1170 1023 1204 dum
1039 1170 1263 1214 vespertinae
1279 1170 1402 1205 laudes
1418 1170 1476 1205 die
1503 1169 1739 1205 dedicationis
1765 1171 1937 1208 ecclesiae

315 1227 542 1263 canerentur,
568 1223 731 1265 servitor,
758 1225 861 1259 cuius
883 1236 1014 1259 munus
1038 1228 1115 1260 erat
1138 1225 1324 1260 thuribulo
1348 1236 1497 1260 accenso
1513 1225 1578 1259 sub
1594 1225 1729 1260 diuinis
1752 1226 1878 1270 officijs
1894 1227 1938 1262 de

316 1289 415 1312 more
432 1278 582 1313 chorum
600 1279 771 1314 ecclesiae
787 1280 992 1321 circumire,
1012 1280 1128 1324 coepit
1143 1291 1226 1314 cum
1250 1279 1412 1314 omnium
1428 1279 1666 1315 admiratione
1681 1281 1822 1316 ludicro
1838 1292 1939 1317 more

315 1334 502 1369 thuribulo
518 1337 638 1369 aerem
660 1335 862 1375 verberare,
886 1334 1069 1369 incondite
1096 1334 1297 1378 tripudiare
1323 1334 1511 1378 verbisque
1526 1334 1660 1379 ignotis
1677 1336 1840 1372 carmina
1860 1336 1946 1379 sine,

316 1390 474 1424 numeris
490 1389 697 1432 cantillare;
717 1401 870 1433 cumque
886 1401 908 1424 a
924 1389 1088 1433 pluribus
1104 1389 1262 1424 monitus
1279 1400 1351 1424 non
1366 1388 1562 1431 desisteret,
1580 1390 1624 1424 de
1639 1393 1736 1426 secta
1751 1402 1796 1427 ne
1816 1392 1938 1427 forsan

313 1446 382 1480 hac
398 1449 488 1481 esset
503 1457 524 1480 a
540 1445 720 1490 plerisque
736 1445 939 1481 dubitatum
955 1449 1019 1481 est.
1047 1445 1168 1486 Quare
1191 1457 1213 1480 a
1239 1445 1423 1480 sacerdote
1446 1445 1562 1489 perito
1585 1445 1810 1481 examinatus
1832 1456 1936 1490 roga-

312 1504 440 1544 tusque
457 1503 496 1535 ut
513 1501 628 1534 Pater
644 1505 766 1534 noster
782 1500 929 1541 diceret,
949 1500 1085 1543 noluit;
1101 1504 1141 1535 ut
1160 1500 1292 1534 Credo:
1312 1514 1327 1527 ιι
1349 1500 1462 1535 Credo
1479 1499 1621 1543 (inquit)
1644 1499 1684 1534 in
1706 1499 1902 1535 diabolum.
1919 1516 1936 1530 n

315 1555 488 1590 Sacerdos
505 1566 591 1599 ergo
608 1554 707 1589 illius
723 1555 815 1589 collo
839 1555 930 1589 stola
954 1554 1166 1590 sacerdotali
1190 1554 1359 1598 imposita
1382 1554 1613 1598 recitatisque
1637 1553 1808 1589 ecclesiae
1835 1565 1938 1589 exor-

314 1611 445 1652 cismis,
465 1611 585 1646 statim
601 1611 705 1645 illum
722 1622 743 1645 a
759 1611 931 1645 daemone
949 1611 1119 1646 liberauit
1134 1611 1312 1654 facileque
1328 1609 1446 1645 effecit
1468 1613 1509 1646 ut
1535 1611 1661 1645 lubens
1687 1609 1802 1644 Pater
1815 1614 1938 1644 noster

313 1669 348 1701 et
367 1666 480 1700 Credo
498 1668 538 1699 in
558 1667 671 1700 Deum
688 1667 843 1710 perfecte
859 1668 894 1700 et
910 1677 1043 1710 magno
1061 1665 1202 1709 pietatis
1219 1678 1323 1700 sensu
1340 1665 1519 1700 recitaret.

359 1721 464 1756 Circa
480 1722 609 1756 festum
627 1721 789 1756 omnium
805 1723 1012 1755 sanctorum
1038 1720 1076 1754 in
1101 1732 1194 1765 pago
1212 1720 1418 1762 Herstallio,
1437 1720 1532 1763 quod
1555 1719 1616 1754 vix
1630 1718 1749 1754 medio
1764 1718 1899 1754 miliari
1915 1730 1938 1754 a

315 1776 448 1811 Leodio
464 1777 583 1817 distat,
603 1776 746 1820 copiosa
762 1775 924 1810 virorum
940 1775 1206 1819 mulierumque
1222 1774 1330 1809 huius
1347 1777 1463 1809 sectae
1476 1773 1680 1815 multitudo,
1695 1773 1936 1808 conciliabulo

312 1831 446 1872 habito,
466 1832 716 1867 concluserant
741 1830 915 1865 Leodium
943 1830 1078 1874 pariter
1104 1830 1246 1874 ingredi
1274 1833 1309 1865 et
1334 1830 1522 1873 praelatos,
1541 1829 1744 1870 canonicos,
1761 1829 1936 1873 parochos

311 1888 497 1928 totumque
513 1886 649 1920 clerum
666 1885 859 1920 trucidare.
880 1885 949 1919 Sed
966 1885 1031 1919 Dei
1049 1884 1271 1929 benignitate
1283 1895 1408 1919 eorum
1424 1883 1574 1918 consilia
1587 1883 1757 1927 dissipata
1769 1884 1934 1927 fuerunt3

313 1951 408 1980 nam,
426 1943 467 1974 ut
494 1939 650 1983 primum
668 1939 840 1974 Leodium
864 1951 901 1974 se
925 1940 1155 1974 contulerunt
1179 1942 1214 1974 et
1240 1939 1437 1982 proborum
1461 1938 1650 1973 hominum
1666 1938 1802 1972 auxilio
1817 1949 1933 1974 sacer-

312 1994 410 2028 dotes
426 1994 569 2029 deducti
586 1997 680 2034 sunt,
698 1996 840 2028 tantum
867 1994 967 2028 abest
993 1995 1034 2028 ut
1064 1992 1309 2027 sacerdotibus
1336 1991 1525 2027 nocuerint
1553 1991 1642 2035 quin
1672 1991 1791 2036 potius
1813 1992 1883 2036 ipsi
1913 2003 1936 2027 a

311 2049 554 2083 sacerdotibus
570 2048 687 2084 sanati
703 2049 850 2083 fuerunt
871 2059 954 2082 cum
978 2059 1110 2092 magna
1133 2048 1349 2083 daemonum
1373 2046 1582 2082 confusione
1598 2049 1633 2082 et
1648 2045 1808 2090 ipsorum
1823 2058 1935 2083 sacer-

311 2104 435 2139 dotum
452 2103 581 2148 gloria.

355 2159 505 2194 Deducti
534 2160 681 2194 fuerunt
704 2170 829 2194 eorum
854 2159 1019 2194 nonnulli
1047 2159 1093 2193 ad
1124 2159 1298 2202 capellam
1324 2159 1358 2192 b.
1384 2157 1524 2193 Mariae
1549 2155 1704 2202 virginis
1730 2167 1870 2191 sacram
1894 2155 1935 2191 in

311 2214 467 2249 claustro
484 2227 511 2248 s.
531 2214 726 2254 Lamberti,
746 2214 808 2248 ubi
833 2214 866 2248 d.
886 2213 1089 2248 Ludovicus
1106 2214 1219 2248 Loves
1235 2213 1399 2248 sacerdos
1422 2212 1555 2247 virtute
1578 2211 1644 2247 Dei
1676 2210 1825 2253 excitus,
1843 2211 1934 2246 stola

312 2280 414 2302 sacra
442 2269 480 2303 in
508 2269 640 2303 collum
668 2269 776 2303 unius
804 2269 937 2303 iniecta
953 2272 988 2303 et
1005 2268 1203 2313 Evangelio
1219 2269 1264 2302 1η
1282 2269 1474 2312 principio
1492 2272 1571 2301 erat
1595 2266 1744 2300 verbum
1769 2265 1932 2308 recitato,

311 2323 498 2358 confestim
514 2323 618 2358 illum
643 2335 661 2358 e
686 2323 862 2360 servitute,
885 2323 1068 2358 daemonis
1095 2323 1284 2365 liberauit;
1303 2322 1387 2357 inde
1411 2322 1500 2357 alios
1524 2333 1655 2357 nouem
1677 2321 1802 2356 eodem
1828 2321 1934 2362 modo

313 2378 485 2422 pristinae
501 2378 647 2414 sanitati
665 2378 833 2414 restituit.
854 2379 934 2420 Qua
950 2379 1046 2413 fama
1061 2379 1168 2423 longe
1185 2379 1328 2422 lateque
1344 2377 1514 2421 dispersa,
1532 2376 1680 2421 plurimi
1695 2376 1803 2411 huius
1818 2379 1935 2413 sectae

311 2433 473 2468 homines
501 2434 547 2468 ad
574 2434 728 2468 eundem
756 2434 876 2469 locum
900 2432 1042 2469 deducti
1071 2433 1243 2468 ecclesiae
1266 2432 1474 2468 exorcismis
1497 2443 1517 2467 e
1539 2430 1704 2466 faucibus
1719 2431 1934 2467 daemonum

312 2487 455 2522 liberati
471 2488 611 2523 sobriae
628 2488 740 2523 menti
766 2488 922 2523 restituti
949 2489 1108 2523 fuerunt.
1127 2488 1279 2523 Deducti
1295 2489 1442 2523 fuerunt
1469 2489 1505 2522 et
1521 2486 1582 2531 alij
1601 2486 1647 2521 ad
1662 2485 1752 2521 alias
1767 2487 1934 2522 eeclesias

314 2546 353 2577 ut
381 2543 589 2587 collegiatas
607 2542 642 2577 S.
664 2543 790 2578 Crucis
816 2546 852 2578 et
876 2543 912 2578 S.
938 2543 1182 2578 Bartholomei
1210 2546 1245 2578 et
1271 2542 1495 2587 parochiales
1521 2543 1672 2576 Nostrae
1698 2540 1872 2577 Dominae
1898 2544 1934 2577 et

314 2596 349 2631 S.
369 2598 544 2639 Andreae,
564 2598 602 2632 in
619 2598 749 2642 quibus
764 2598 1011 2634 indifferenter
1025 2598 1121 2633 idem
1137 2598 1393 2642 praestiterunt
1406 2599 1485 2632 tum
1508 2596 1593 2631 boni
1615 2598 1694 2631 tum
1708 2595 1796 2631 mali
1818 2607 1933 2632 sacer-

311 2651 420 2686 dotes.

354 2705 395 2740 In
411 2706 619 2741 exorcismis
644 2707 858 2752 peragendis
881 2707 1049 2750 frequens
1074 2710 1152 2742 erat
1178 2705 1341 2742 recitatio
1366 2704 1460 2749 initij
1485 2717 1512 2739 S.
1532 2704 1718 2748 Evangelij
1736 2705 1932 2740 secundum

310 2759 330 2793 J
333 2771 485 2794 oannem
501 2761 546 2794 Ιη
563 2764 751 2807 ρνὶησίρίο
766 2767 845 2796 erat
861 2762 1032 2805 verbum3
1047 2761 1271 2796 addebantur
1286 2773 1308 2796 a
1323 2759 1566 2796 sacerdotibus
1582 2761 1618 2794 et
1632 2759 1706 2794 alia
1721 2760 1929 2805 Evangelia,

312 2816 467 2850 maxime
482 2827 524 2850 ea
540 2817 670 2860 quibus
687 2817 849 2853 Christus
865 2818 1023 2853 obsessos
1039 2829 1060 2852 a
1075 2817 1263 2852 daemonio
1277 2827 1418 2852 curasse
1430 2815 1565 2859 legitur
1575 2817 1616 2850 ut
1628 2815 1932 2852 Recumbemibus

313 2870 484 2903 undecim
501 2874 536 2906 et
562 2872 667 2905 Misit
690 2872 726 2907 d.
752 2873 858 2906 Jesus
882 2875 917 2907 et
947 2871 1165 2907 huiusmodi.
1199 2872 1348 2907 Praeter
1379 2868 1659 2913 Evangeliorum
1686 2869 1933 2906 recitationem

313 2926 411 2961 circa
426 2938 485 2963 eos
501 2938 653 2975 quorum
669 2926 853 2965 difficilior
871 2930 949 2964 erat
965 2927 1105 2965 curatio
1128 2927 1326 2963 sacerdotes
1343 2926 1583 2963 eucharistiae
1597 2928 1859 2963 sacramentum
1875 2925 1932 2964 vel
