2097 3466
315 275 377 309 ‘219
1000 273 1131 309 ANNo
1158 274 1260 309 1360

314 369 431 402 omnia
450 367 654 412 priuilegia,
674 372 817 408 statuta.
838 370 984 413 gratias,
1006 369 1258 413 indulgentias,
1278 372 1530 416 exemptiones,
1556 373 1811 415 immunitates,
1830 372 1935 408 liber-

314 434 402 458 tates
421 437 482 468 per
499 436 639 458 sacrum
658 423 860 458 Romanum
882 423 1083 467 imperium,
1102 436 1166 468 per
1182 437 1244 459 nos
1262 426 1360 469 prius
1384 438 1425 461 ac
1454 440 1517 472 per
1535 430 1638 464 diuos
1651 429 1936 473 praedecessores

313 484 450 513 nostros
468 479 710 523 impcratores,
744 479 900 513 illustres
924 490 1065 522 quoque
1092 490 1195 524 reges
1223 480 1481 523 Romanorum,
1513 485 1700 526 Franciae,
1728 482 1932 524 Bohcmiae‚

311 533 476 576 Auglhw,
505 534 662 572 Siciliae,
696 533 901 577 Hispaniae.
935 533 1155 576 Hungariac,
1185 535 1439 579 Normandiae,
1470 538 1644 574 Poloniae
1670 550 1711 573 ac
1742 537 1933 582 principes,

308 589 427 626 (luces.
449 589 595 627 nobiles,
615 591 804 632 potestates
820 600 862 622 ae
880 599 942 631 per
971 599 1213 631 quoscunque,
1234 590 1481 635 cuiuscunque
1506 593 1722 629 conditionis
1736 591 1932 634 extiterint,

309 655 492 677 concessas
519 656 580 678 scu
608 644 709 678 datas
733 643 851 677 officio
875 643 1122 686 Inquisitionis
1145 655 1205 678 seu
1236 643 1510 688 inquisitoribus
1526 647 1728 683 haereticae
1744 645 1935 691 prauitatis

308 698 581 741 quibuscunque
620 698 916 741 quamlocunque,
948 696 1176 740 ubicumque,
1218 699 1550 744 quomodocumque
1582 700 1620 735 in
1650 699 1767 741 Italia,
1802 698 1932 741 Gallia,

312 753 503 787 Germania
521 753 576 787 vol
591 753 874 796 quibuscumque
891 750 971 785 aliis
985 751 1071 785 locis
1083 763 1143 785 scu
1159 752 1282 786 mundi
1297 753 1458 796 partibus
1471 754 1691 790 coniunctim
1704 754 1761 789 vel
1773 753 1931 796 diuisim,

310 808 492 851 praedicto
509 808 681 851 magistro
698 807 889 841 XValthero
913 806 1119 849 inquisitori
1135 810 1170 841 et
1186 806 1266 840 aliis
1283 807 1556 851 inquisitoribus
1572 809 1610 844 in
1627 808 1852 850 Alemannia,
1870 807 1932 852 qui

308 869 391 896 sunt
408 863 463 896 vel
480 862 694 896 auctoritate
710 861 903 905 apostoliea
922 861 1083 905 proxime
1099 867 1216 902 erunt,
1235 861 1462 903 innouamus.
1480 865 1720 907 approbamus
1747 866 1782 898 et
1803 863 1930 898 confir-

308 928 447 950 mamus
475 929 515 951 ac
545 917 581 951 in
610 929 673 951 suo
701 918 828 951 robore
856 917 1021 951 volumus
1050 927 1258 960 permanere
1282 917 1446 961 ipsosque
1469 918 1699 962 inquisitores
1715 918 1928 964 priuilegiis,

305 971 458 1008 statutis,
477 972 615 1015 gratiis.
637 971 882 1015 indulgentiis,
901 971 1190 1005 immunitatibus
1218 975 1252 1006 et
1278 972 1503 1007 libertatibus
1527 973 1693 1007 omnibus
1715 975 1751 1008 et
1777 973 1931 1018 singulis

306 1026 578 1069 (piibiisciiiiquc
607 1026 880 1069 inquisitoribus
909 1026 1066 1060 eiusdem
1095 1025 1185 1060 labis
1209 1026 1412 1061 haereticae
1439 1027 1630 1071 prauitatis
1656 1028 1734 1062 siue
1760 1027 1799 1062 in
1826 1028 1928 1063 Lom-

305 1081 442 1120 bardia,
462 1081 627 1122 Francia,
648 1082 789 1122 Tolosa,
807 1082 1036 1122 Carcassona,
1055 1080 1171 1122 Italia,
1193 1081 1321 1123 Gallia,
1341 1082 1556 1117 Alemannia
1572 1094 1633 1117 seu
1658 1082 1930 1126 quibuscunque

304 1135 385 1168 :iliis
410 1136 571 1178 partibus
597 1136 722 1170 mundi
752 1136 927 1170 concessis
950 1147 1014 1179 per
1037 1147 1298 1179 quemeumque
1328 1148 1389 1171 seu
1420 1148 1663 1180 quoscunque,
1696 1137 1734 1171 in
1767 1137 1929 1180 partibus

304 1190 539 1224 Alcmanniae
556 1190 785 1234 inquisitores
801 1191 959 1234 gaudere
975 1191 1140 1224 volumus
1156 1190 1336 1234 perpetuis
1349 1191 1569 1235 temporibus
1584 1192 1689 1235 pleno
1705 1191 1795 1226 iure.

348 1244 498 1287 Insuper
513 1245 696 1288 praedicta
713 1245 904 1289 privilegia
920 1245 1041 1279 omnia
1057 1248 1092 1280 ct
1115 1245 1260 1289 singula
1275 1245 1362 1289 ipsis
1390 1246 1666 1289 inquisitoribus
1694 1245 1928 1281 Alemanniae

303 1306 423 1333 nostra
440 1299 617 1342 imperiali
636 1300 814 1335 maiestati
830 1301 1014 1340 innouata,
1034 1300 1241 1343 approbata,
1258 1301 1470 1335 confirmata
1483 1303 1517 1335 et
1530 1312 1697 1336 concessa
1709 1312 1773 1345 pro
1785 1299 1929 1336 insertis

302 1354 475 1388 habemus
491 1358 525 1389 et
541 1355 665 1390 haberi
683 1357 859 1397 volumus,
878 1356 952 1390 acsi
969 1356 1135 1399 deinceps
1151 1357 1193 1390 de
1218 1356 1303 1399 ipsis
1330 1359 1365 1391 et
1393 1357 1553 1400 ipsorum
1584 1355 1806 1391 continentia
1834 1355 1926 1400 ipso-

303 1420 455 1452 rumque
475 1410 558 1444 totis
572 1410 755 1445 tenoribus
772 1411 815 1444 de
839 1411 947 1444 verbo
971 1411 1016 1444 ad
1043 1411 1192 1444 verbum
1209 1410 1247 1444 in
1264 1410 1511 1453 praesentibus
1527 1411 1673 1445 deberet
1696 1408 1775 1443 fieri
1791 1408 1927 1444 mentio

302 1464 477 1507 specialis,
498 1477 568 1499 non
600 1465 822 1500 obstantibus
849 1465 1122 1509 quibuscunque
1145 1465 1296 1509 legibus,
1326 1465 1479 1507 iuribus,
1509 1464 1830 1500 consuetudinibus
1862 1475 1925 1500 seu

304 1521 446 1555 statutis
463 1522 654 1555 contrariis
671 1526 792 1557 nostro
809 1521 987 1565 praesenti
1003 1524 1136 1556 statuto
1153 1524 1187 1556 et
1202 1521 1331 1556 edicto.

349 1576 481 1610 verum
500 1588 585 1620 prae
599 1578 738 1611 cunctis
754 1577 882 1612 mentis
909 1580 1051 1611 nostrae
1067 1576 1362 1611 desiderabilibus
1390 1576 1573 1620 cupientes
1595 1575 1678 1610 fidei
1705 1574 1927 1611 incrementa

302 1629 490 1674 ipsumque
506 1635 669 1666 sanctum
697 1631 854 1666 officium
879 1630 1126 1674 Inquisitionis
1149 1634 1184 1665 et
1211 1642 1332 1666 omnes
1358 1631 1588 1674 inquisitores
1614 1633 1755 1678 pugiles
1781 1633 1864 1668 fidei
1891 1635 1927 1668 et

304 1690 571 1721 conservatores
601 1699 643 1721 ae
677 1686 836 1730 ipsorum
868 1685 1038 1720 officiales
1063 1686 1236 1720 Caesarea
1263 1686 1453 1721 clementia
1483 1686 1639 1731 benigne
1668 1688 1922 1732 amplexantes,

303 1741 567 1776 considerantes
584 1742 678 1785 quod
707 1742 888 1776 modicum
916 1740 1084 1775 utilitatis
1114 1740 1283 1783 importet
1311 1741 1406 1784 quod
1423 1741 1520 1785 leges
1537 1742 1749 1784 condantur,
1768 1741 1838 1777 nisi
1854 1741 1926 1777 sint

304 1796 364 1839 qui
389 1801 632 1840 cxcquantur3
658 1800 693 1831 et
723 1808 766 1830 ne
799 1796 1047 1830 fraudulenter
1072 1795 1141 1838 ipsi
1171 1794 1356 1836 haeretici,
1390 1795 1559 1837 fautores,
1592 1799 1832 1840 receptatores
1861 1808 1924 1831 seu

304 1853 505 1887 defensores
521 1853 679 1896 ipsorum
693 1865 755 1887 seu
773 1852 977 1897 quicunque
993 1851 1086 1886 alius
1102 1863 1163 1886 seu
1180 1851 1242 1886 alii
1260 1851 1298 1885 in
1313 1852 1475 1885 fauorem
1500 1851 1660 1895 ipsorum
1676 1851 1806 1895 quouis
1817 1853 1923 1887 modo

303 1906 509 1942 huiusmodi
527 1909 729 1953 priuilegiis
745 1912 780 1943 et
796 1907 922 1953 gratiis
939 1907 1068 1942 nostris
1084 1907 1219 1951 possint
1235 1906 1426 1947 contraire,
1445 1906 1525 1941 ideo
1541 1906 1720 1951 imperiali
1737 1907 1923 1943 maiestate

303 1963 559 1998 committimus
583 1968 618 1998 et
644 1964 860 2007 imponimus
877 1962 1078 1997 illustribus
1093 1965 1128 1997 et
1143 1961 1345 2006 magnificis
1361 1961 1513 1995 ducibus
1530 1961 1708 1997 Saxoniae
1723 1963 1868 1997 domino
1884 1962 1923 1997 in

302 2016 566 2059 NYittcnberch,
601 2018 856 2053 Brunsuicensi
888 2017 1033 2052 domino
1071 2017 1108 2051 in
1144 2017 1338 2061 Eymbeke‚
1371 2016 1561 2051 comitibus
1591 2018 1635 2051 de
1663 2017 1922 2062 Swarzenborg

298 2073 443 2107 domino
461 2073 497 2106 in
515 2074 701 2114 Armtede,
721 2075 763 2107 de
780 2075 927 2108 Nassow
943 2073 1075 2108 seniori
1091 2085 1134 2107 ac
1151 2073 1331 2108 nobilibus
1346 2072 1433 2107 viris
1450 2073 1494 2107 de
1513 2073 1696 2117 Hansteyn
1714 2073 1859 2115 seniori,
1877 2074 1921 2108 de

296 2127 545 2172 Xl'itzeleyuen
564 2129 697 2164 seniori
714 2130 907 2165 insolidum
926 2142 968 2164 ae
984 2131 1070 2174 ipsis
1096 2130 1261 2164 omnibus
1287 2133 1323 2164 et
1349 2129 1502 2173 singulis
1527 2130 1593 2164 sub
1616 2131 1763 2165 obtentu
1780 2130 1920 2174 gratiae

295 2181 342 2215 im
349 2183 492 2225 perialis
508 2184 706 2218 maiestatis
722 2185 945 2224 mandamus
965 2186 1059 2228 quod
1076 2184 1144 2228 ipsi
1161 2185 1232 2219 sint
1247 2185 1407 2228 ipsorum
1425 2183 1680 2227 inquisitorum
1704 2196 1746 2218 ac
1769 2184 1919 2226 iurium,

298 2238 575 2282 1*›1·iuilegioruni
599 2251 641 2273 ac
658 2239 865 2275 libertatum
883 2241 1041 2284 ipsorum
1058 2244 1194 2275 tutores
1212 2251 1254 2274 ac
1270 2240 1431 2275 efficaces
1455 2242 1725 2275 conseruatores
1747 2251 1789 2274 ac
1801 2240 1920 2275 defen·

298 2305 406 2333 sores,
425 2295 509 2328 dum
527 2299 560 2329 et
578 2295 741 2337 quotiens
757 2298 792 2329 et
819 2295 881 2329 ubi
909 2306 973 2338 per
999 2295 1199 2338 praedictos
1224 2294 1454 2337 inquisitores
1486 2294 1543 2329 vel
1575 2294 1732 2338 aliquem
1759 2293 1920 2338 ipsorum

297 2348 515 2383 vicariorum
540 2353 573 2384 et
591 2349 800 2384 officialium
824 2350 881 2384 vel
897 2350 1041 2385 nomine
1064 2350 1260 2384 eorundem
1289 2349 1510 2384 coniunctim
1533 2349 1589 2383 vel
1613 2348 1759 2383 diuisim
1785 2348 1922 2384 fuerint

295 2404 470 2446 requisiti,
490 2406 584 2448 quod
600 2408 725 2440 contra
751 2417 872 2440 omnes
899 2408 935 2440 et
957 2405 1118 2449 singulos
1134 2405 1371 2449 infringentes
1386 2405 1443 2438 vel
1458 2404 1691 2448 impedientes
1707 2403 1843 2449 gratias
1858 2415 1920 2439 seu

295 2458 489 2502 priuilegia
517 2459 602 2502 ipsis
631 2460 915 2503 inquisitoribus,
942 2463 984 2495 ut
1006 2461 1218 2503 praefertur,
1245 2459 1429 2500 innouata‚
1457 2459 1664 2502 approbata,
1695 2459 1918 2500 confirmata,

296 2514 473 2555 applicata
498 2526 558 2548 seu
583 2515 691 2549 etiam
723 2515 918 2559 priuilegia
945 2518 979 2550 et
1005 2515 1141 2559 gratias
1168 2526 1231 2558 per
1258 2525 1489 2557 quoscunque
1514 2513 1696 2548 Romanos
1720 2513 1917 2557 pontifices,

294 2569 441 2611 legatos,
473 2569 770 2614 archiepiscopos,
796 2571 979 2614 episcopos
994 2582 1056 2605 seu
1085 2581 1316 2613 quoscunque
1339 2568 1428 2603 alios
1457 2568 1634 2612 praelatos
1661 2567 1920 2604 ecclesiasticos

295 2628 356 2657 aut
384 2635 448 2666 per
474 2636 738 2668 quamcumque
768 2628 977 2669 potestatem
994 2625 1199 2669 regularem
1223 2627 1285 2659 aut
1308 2624 1505 2659 secularem
1523 2622 1609 2666 ipsis
1626 2633 1792 2657 concessa
1807 2622 1918 2666 impe-

298 2678 441 2720 dierint,
467 2681 523 2714 vel
550 2680 752 2715 executioni
776 2680 814 2714 in
839 2683 1012 2724 quantum
1037 2679 1075 2713 in
1092 2679 1178 2722 ipsis
1193 2681 1332 2713 estnon
1348 2677 1612 2719 mandauerint,
1631 2677 1741 2712 immo
1757 2676 1819 2721 qui
1842 2676 1920 2720 ipsa

296 2734 488 2777 priuilegia
505 2735 541 2768 in
560 2738 732 2778 quantum
750 2736 787 2769 in
804 2735 890 2778 ipsis
906 2738 957 2770 est
970 2739 1005 2769 et
1021 2745 1084 2778 per
1099 2746 1158 2769 eos
1181 2737 1275 2768 stare
1290 2733 1499 2773 dinoscitur,
1519 2731 1637 2766 debite
1652 2733 1688 2766 et
1711 2732 1834 2765 exacte
1845 2739 1919 2764 non

294 2793 557 2831 prosequuntur
577 2802 638 2824 seu
664 2790 748 2833 ipsis
771 2789 1045 2833 inquisitoribus
1076 2787 1296 2822 coniunctim
1327 2787 1383 2822 vel
1413 2784 1561 2820 diuisim
1591 2795 1663 2819 non
1695 2783 1918 2828 prestiterint

292 2842 492 2883 consilium,
518 2844 694 2879 auxilium
718 2848 753 2879 et
776 2845 949 2885 fauorem,
968 2844 1053 2878 dum
1081 2847 1116 2878 et
1146 2842 1309 2886 quotiens
1336 2844 1371 2876 et
1395 2841 1457 2876 ubi
1481 2840 1591 2875 fuerit
1617 2842 1846 2883 oportunum,
1874 2849 1918 2872 ac

290 2902 414 2932 contra
440 2911 560 2934 omnes
588 2903 623 2935 et
650 2900 811 2943 singulos
835 2900 1079 2934 molestatores
1104 2897 1359 2942 inquisitorum
1383 2908 1426 2931 ac
1451 2906 1577 2930 eorum
1593 2893 1702 2928 officii
1719 2896 1754 2928 et
1777 2904 1914 2935 eorum,

294 2965 385 2997 quae
402 2955 446 2989 ad
463 2955 620 2990 officium
637 2954 882 2998 Inquisitionis
898 2956 1057 2998 spectare
1074 2953 1310 2988 dinoscuntur
1326 2963 1385 2987 seu
1404 2962 1495 2995 quae
1511 2950 1556 2985 ad
1572 2949 1666 2993 ipsos
1684 2948 1918 2993 inquisitores
