2097 3466
678 268 812 308 ANNO
840 273 1070 307 1:349-1350
1637 268 1695 307 191

55 362 192 410 incepit
216 367 252 400 et
278 364 323 400 ob
347 375 456 408 quam
482 376 627 400 causam
644 368 679 400 et
695 366 741 400 ad
769 377 877 410 quam
908 366 1015 400 finem
1034 365 1214 406 tendebat,
1232 367 1268 400 et
1285 365 1371 409 quia
1387 376 1408 399 a
1436 364 1579 399 nemine
1596 365 1696 409 potui

57 432 164 464 super
190 420 246 454 his
274 419 476 459 informari,
497 420 579 454 11010
608 420 805 464 registrum
831 422 927 464 quod
955 421 1106 464 probare
1134 432 1203 454 non
1230 420 1405 461 valerem
1424 420 1467 454 de
1492 420 1597 454 niodo
1615 420 1698 453 sacti

57 475 152 518 quod
169 475 243 509 vidi
260 479 295 509 et
311 474 446 513 audivi,
468 474 613 508 intendo
631 479 752 518 postea
770 476 887 509 faeere
906 475 1124 510 mentionem
1146 503 1152 509 .
1174 503 1180 509 .
1204 501 1211 509 .
1235 502 1240 509 .

101 529 244 563 Accidit
259 540 354 563 anno
372 529 555 572 praedicto
573 531 667 573 quod
686 530 722 564 in
740 530 798 564 die,
821 529 1077 573 assumptionis
1103 529 1265 573 Virginis
1283 529 1463 573 gloriosae
1482 538 1657 564 venerunt
1674 543 1693 563 a

56 585 144 619 villa
161 585 340 629 Brugensi
365 584 512 618 circiter
540 585 596 618 CC
621 585 784 620 homines
809 586 910 629 quasi
938 586 1027 619 hora
1046 585 1201 629 prandii.
1222 584 1291 628 Ipsi
1310 588 1429 618 autem
1449 585 1700 618 adunaverunt

56 651 93 675 se
119 639 157 674 in
182 640 280 683 foro;
297 642 333 674 et
355 639 476 674 statim
496 650 621 673 rumor
646 652 798 684 magnus
816 640 884 674 suit
902 653 964 684 per
981 645 1092 675 totam
1118 640 1300 674 civitatem
1327 640 1421 673 unde
1438 651 1561 674 omnes
1577 639 1695 674 venie-

57 696 154 730 bant.
176 695 395 730 Catervatim
413 699 589 729 venerunt
606 696 651 729 ad
668 696 788 730 locum
806 696 1067 739 suprznliutum,
1087 695 1173 739 quia
1189 706 1297 738 super
1313 695 1380 728 hoc
1399 707 1562 730 rumores
1577 695 1673 729 audi‹
1689 714 1699 719 -

55 752 150 792 rant,
183 753 219 785 et
250 750 387 784 idcireo
420 749 555 783 factum
587 749 709 784 videre
740 751 969 784 aflet-tabant.
1005 750 1062 784 Illi
1096 753 1216 785 autem
1248 750 1293 784 de
1326 749 1459 794 Brugis
1491 749 1635 784 interim
1663 762 1700 783 se

56 808 366 850 praeparaverunt
382 807 417 839 et
433 803 544 838 ritum
569 816 686 845 suum,
715 817 823 848 quam
850 804 1109 849 poenitentiam
1127 805 1316 845 vocabant,
1336 804 1454 838 facere
1472 803 1697 848 inceperunt.

55 861 217 905 Populus
246 863 368 896 autem
399 859 590 903 utriusque
621 872 738 899 sexus,
769 861 831 904 qui
864 872 1049 904 nunquam
1075 861 1147 896 tale
1179 860 1266 904 qnid
1298 860 1475 902 viderant,
1506 865 1702 904 coeperunt

55 915 212 960 compati
230 914 392 960 personis
408 917 443 949 et
468 914 711 958 poenitentiae
736 916 928 950 condolere
951 919 987 950 et
1019 916 1093 950 Deo
1121 914 1258 959 gratias
1286 915 1436 949 reddere
1464 926 1572 959 super
1603 919 1703 950 tanta

55 970 277 1015 poenitentia
293 981 402 1014 quam
430 969 683 1013 gravissimam
708 971 937 1014 reputabant.
966 971 1305 1014 Remanseruntque
1329 969 1418 1005 dicti
1444 971 1647 1015 Brugenses
1665 971 1701 1005 in

54 1026 201 1062 civitate
227 1029 303 1062 tota
330 1026 394 1060 ina
420 1024 479 1059 die
507 1028 543 1060 et
572 1028 687 1059 nocte.
709 1026 754 1060 Et
780 1026 819 1060 111
846 1026 904 1060 (110
924 1026 1094 1067 crastina,
1121 1037 1214 1069 quae
1239 1025 1309 1061 fuit
1339 1025 1415 1060 dies
1443 1025 1644 1066 Dominica,
1663 1026 1701 1060 in

53 1080 311 1116 monasterium
329 1080 365 1115 S.
383 1080 536 1116 Martini
554 1086 801 1116 convenerunt
818 1085 854 1117 et
878 1082 1011 1117 ibidem
1039 1081 1298 1125 poenitentiam
1324 1080 1506 1124 inceptam
1523 1081 1699 1122 fecerunt,

53 1139 90 1172 et
104 1139 185 1180 post
206 1136 399 1180 prandium
416 1136 455 1170 in
479 1137 557 1171 foro
584 1136 819 1172 iteraverunt.
841 1138 886 1172 Et
913 1138 950 1172 in
980 1138 1053 1172 illis
1079 1138 1219 1172 duobus
1247 1137 1374 1171 diebus
1399 1137 1608 1171 communia
1624 1140 1700 1172 tota

53 1190 160 1226 dictis
176 1191 444 1235 poenitentibus
460 1204 646 1236 compassa
662 1197 726 1231 est,
745 1196 780 1228 et
804 1197 909 1228 erant
933 1193 1121 1237 opiniones
1145 1193 1320 1234 diversae,
1341 1193 1427 1236 quia
1451 1193 1566 1236 aliqui
1594 1204 1703 1228 sanae

54 1245 187 1281 mentis
203 1257 275 1280 non
293 1246 491 1282 laudabant
507 1251 543 1282 et
558 1247 622 1282 alii
641 1248 776 1282 factum
795 1248 1106 1292 quamplurimum
1124 1248 1385 1292 approbabant.

98 1300 165 1335 Die
180 1303 301 1335 autem
318 1301 447 1336 Martis
462 1302 638 1346 sequenti,
658 1303 837 1346 processio
854 1303 1056 1337 eommunis
1072 1303 1200 1337 decani
1218 1306 1254 1337 et
1276 1302 1427 1346 capituli
1456 1305 1491 1337 et
1517 1302 1702 1346 religioso-

56 1367 138 1390 rum
155 1358 191 1390 et
207 1355 318 1390 totius
342 1356 466 1401 populi
483 1357 581 1392 venit
599 1357 636 1392 in
661 1358 921 1393 monasterium
954 1362 1118 1393 nostrum
1148 1357 1183 1392 S.
1203 1357 1375 1401 Martini3
1394 1357 1535 1401 fuitque
1562 1357 1613 1391 ibi
1640 1368 1704 1400 per

54 1411 205 1445 fratrem
230 1410 432 1445 Gerardnm
456 1412 500 1446 dc
526 1412 634 1447 Muro
663 1413 707 1447 de
736 1413 864 1447 ordine
896 1412 1078 1448 minorum
1109 1413 1357 1456 praedicatum
1385 1415 1420 1447 et
1446 1412 1702 1446 annuntiatum

55 1465 208 1499 verbum
234 1464 299 1500 Dei
324 1476 389 1509 pro
414 1467 635 1502 mortalitate
661 1467 893 1509 imminente3
912 1467 974 1511 qui
992 1467 1205 1511 praedicans
1222 1467 1382 1512 egregie,
1401 1466 1491 1501 vitia
1507 1467 1699 1510 reprehen-

55 1520 144 1555 dens
160 1523 195 1555 et
210 1520 357 1555 habitus
374 1522 618 1556 condemnans
634 1522 799 1556 virorum
823 1534 865 1556 ac
890 1522 1099 1563 mulierum,
1119 1522 1352 1566 sagacissime
1368 1521 1614 1565 reprehendit.
1635 1521 1704 1555 Sed

55 1575 94 1609 in
118 1575 190 1610 fine
218 1576 393 1610 sermonis
421 1587 485 1620 pro
514 1576 721 1622 hujusmodi
750 1577 1020 1622 poenitentibus
1048 1589 1154 1612 orare
1187 1577 1320 1618 omisit,
1347 1578 1392 1611 ob
1421 1588 1530 1620 quam
1558 1588 1705 1611 causam

55 1629 213 1675 plurima
229 1641 312 1674 pars
328 1629 540 1666 audientum
558 1631 628 1666 fuit
656 1631 848 1675 indignata
873 1637 908 1666 et
932 1643 997 1675 per
1021 1635 1133 1666 totam
1152 1631 1255 1665 illam
1285 1631 1549 1667 hebdomadam
1578 1636 1704 1667 eontra

56 1698 140 1722 eum
157 1686 311 1730 populus
327 1685 579 1729 multiplieiter
594 1687 859 1721 murmurabat.

100 1741 142 1776 In
157 1741 255 1776 dicta
275 1740 384 1775 etiam
401 1741 626 1776 hebdomada
644 1742 743 1776 venit
759 1753 893 1786 magna
921 1741 1072 1776 societas
1089 1742 1132 1776 dc
1151 1741 1334 1783 Gandam,
1362 1741 1509 1777 circiter
1537 1742 1653 1777 CCCC
1671 1745 1707 1776 et

58 1796 107 1839 L3
126 1799 162 1831 et
177 1795 287 1831 etiam
305 1795 378 1829 alia
401 1795 553 1829 societas
577 1795 621 1829 de
646 1794 735 1828 villa
760 1794 886 1828 Slusac
910 1806 1018 1838 super
1041 1794 1134 1828 mari
1166 1794 1314 1829 circiter
1338 1794 1445 1837 CCC3
1464 1806 1604 1829 necnon
1633 1806 1705 1829 una

57 1850 209 1886 societas
234 1851 278 1885 de
302 1861 426 1884 versus
454 1849 681 1884 Durdereeht
709 1849 847 1891 CCCC;
867 1849 929 1892 qui
961 1848 1072 1882 simili
1101 1849 1206 1883 modo
1235 1849 1493 1892 poenitentiam
1522 1850 1704 1894 publicani

58 1906 240 1942 faciebant
255 1905 309 1939 bis
325 1904 364 1939 in
380 1904 450 1946 die,
471 1905 577 1939 modo
594 1904 632 1938 in
660 1905 740 1939 foro
765 1903 935 1946 civitatis,
955 1904 1062 1939 modo
1087 1903 1125 1937 in
1151 1909 1253 1938 curte
1269 1904 1479 1940 monasterii
1499 1904 1536 1940 S.
1554 1905 1705 1940 Martini

60 1960 312 1997 Tornacensis.

103 2017 261 2052 Sabbato
284 2016 394 2051 etiam
419 2015 457 2049 in
485 2015 544 2050 die
567 2014 819 2050 decollationis
851 2014 946 2049 beati
977 2014 1155 2049 Johannis
1183 2014 1379 2058 Baptistae,
1407 2026 1429 2048 a
1464 2015 1599 2050 Leodio
1632 2026 1705 2050 una

60 2072 212 2108 societas
239 2071 387 2106 circiter
414 2071 512 2105 IXxx
536 2074 572 2106 et
602 2082 685 2105 cum
717 2082 760 2105 ea
791 2082 886 2105 unus
917 2070 1031 2105 frater
1057 2070 1102 2104 de
1133 2070 1259 2104 ordine
1292 2070 1585 2113 praedicatorum
1609 2071 1704 2105 beati

61 2127 255 2168 Dominici,
284 2131 320 2162 et
351 2126 390 2160 111
414 2127 478 2160 illa
512 2125 571 2160 die
596 2129 632 2160 et
658 2125 696 2159 in
725 2125 895 2166 erastino,
915 2136 1007 2169 quae
1035 2125 1105 2159 fuit
1133 2125 1208 2159 dies
1234 2125 1436 2168 Dominica,
1455 2132 1707 2162 remanserunt

61 2185 210 2227 agentes
238 2179 496 2226 poenitentiam
524 2190 625 2213 suam
655 2183 695 2214 ut
718 2179 794 2214 alii.
815 2180 1012 2223 Dietusque
1046 2180 1159 2214 frater
1175 2179 1405 2222 praedicator
1421 2181 1580 2216 obtinuit
1595 2181 1704 2216 licen-

61 2237 150 2272 tiam
166 2248 188 2272 a
203 2237 340 2272 decano
355 2240 391 2271 et
407 2235 580 2279 capitulo,
600 2238 639 2269 ut.
664 2235 702 2269 in
730 2235 809 2270 loco
839 2235 877 2269 in
905 2247 976 2279 quo
1005 2236 1119 2270 frater
1136 2235 1318 2270 Gerardus
1335 2236 1619 2279 praedicaverat,
1638 2237 1706 2271 hoc

61 2291 165 2327 estin
181 2291 399 2327 monasterio
417 2290 453 2324 S.
472 2290 623 2325 Martini
642 2290 894 2332 Tornacensis,
915 2294 1031 2334 posset
1048 2301 1250 2334 proponere
1274 2291 1425 2326 verbum
1455 2292 1531 2327 Dei.
1552 2292 1707 2335 Fuitque

61 2346 106 2381 de
134 2346 203 2381 hoc
234 2357 360 2380 rumor
394 2357 548 2390 magnus
587 2356 651 2389 per
682 2348 795 2380 totam
833 2344 1029 2386 civitatem,
1064 2345 1304 2389 convenitque
1339 2350 1440 2381 tanta
1470 2347 1633 2381 virorum
1664 2359 1706 2380 a<—

62 2401 258 2436 mulierum
297 2401 493 2437 multitudo
525 2401 621 2445 quod
654 2412 724 2435 non
755 2404 808 2435 est
840 2401 957 2435 visum
994 2401 1031 2435 in
1065 2401 1232 2436 Tornaco
1264 2405 1402 2436 tantam
1434 2402 1705 2436 multitudinem

62 2457 236 2498 adunare,
270 2457 356 2500 quia
387 2457 448 2490 vix
476 2456 616 2500 plateae
644 2455 682 2490 in
714 2456 933 2490 monasterio
966 2459 1132 2499 poterant
1165 2457 1338 2500 populum
1370 2456 1544 2500 recipere.
1580 2457 1708 2491 Frater

63 2515 185 2547 autem
208 2512 412 2547 antedictus
437 2511 555 2555 coepit
582 2510 793 2554 praedicare
820 2511 964 2545 dicens:
992 2526 1007 2538 ιε
1028 2511 1107 2545 Nisi
1136 2523 1292 2555 granum
1318 2512 1490 2547 frumenti
1515 2513 1646 2547 cadens
1670 2513 1707 2546 111

63 2570 160 2602 terra
193 2569 377 2602 mortuum
411 2566 532 2607 suerit,
563 2571 599 2600 et
631 2569 786 2600 caetera.
823 2582 838 2594 n
874 2565 1145 2609 Propositisquc
1178 2567 1357 2610 plurimis,
1391 2568 1492 2611 quasi
1523 2567 1560 2602 in
1588 2567 1707 2601 medio

63 2622 241 2656 sermonis
256 2622 440 2657 descendit
456 2622 501 2656 ad
519 2620 709 2655 materiam
739 2621 884 2656 illorum
911 2633 994 2656 eum
1023 2622 1154 2666 quibus
1178 2627 1338 2663 venerat,
1357 2622 1419 2666 qui
1449 2621 1707 2666 poenitentiam

64 2676 256 2718 faciebant,
279 2688 411 2711 vocans
439 2677 647 2711 societatem
672 2677 802 2711 rubeos
819 2677 953 2711 milites
981 2681 1016 2711 et
1045 2678 1232 2720 imponens
1261 2678 1435 2712 fratribus
1451 2678 1495 2711 de
1519 2677 1708 2711 ordinibus

64 2730 362 2771 mendicantium,
381 2731 476 2774 quod
495 2735 619 2765 contra
644 2730 871 2764 devotionem
897 2735 1101 2774 assumptae
1126 2730 1370 2773 poenitentiae
1399 2730 1656 2774 praedicabant
1673 2735 1707 2764 et

64 2785 160 2828 quod
177 2785 301 2820 multis
318 2788 358 2819 ut
373 2789 553 2820 cessarent
571 2785 781 2825 suadebant,
800 2797 933 2819 vocans
946 2786 1034 2820 tales
1049 2786 1177 2820 fratres
1189 2785 1396 2828 scorpiones
1409 2789 1445 2820 et
1458 2784 1703 2824 antichristos,

65 2851 278 2884 comparans
293 2840 402 2875 etiam
418 2840 633 2884 sanguinem
652 2840 810 2881 illorum,
826 2852 915 2883 quos
940 2841 1117 2874 vocabant
1145 2841 1276 2875 rubeos
1304 2839 1450 2881 milites,
1470 2844 1577 2883 prout
1602 2839 1707 2874 multi

65 2894 334 2937 intellexerunt,
352 2896 521 2940 sanguini
542 2896 686 2930 Domini
713 2897 824 2931 nostri
849 2897 933 2932 Jesu
953 2897 1101 2938 Christi,
1120 2897 1244 2932 dicens
1260 2897 1370 2932 etiam
1387 2896 1484 2940 quod
1508 2899 1587 2940 post
1607 2895 1708 2930 emis-

65 2949 203 2985 sionem
235 2949 425 2994 sanguinis
453 2950 654 2985 Salvatoris
685 2950 797 2986 nostri
828 2963 898 2986 11011
940 2952 1058 2986 fuerat
1090 2955 1162 2986 tani
1196 2952 1327 2987 nobilis
1359 2950 1487 2986 effusio
1518 2950 1709 2995 sanguinis
