2097 3466
814 246 946 280 ANNO
974 246 1070 280 1401
1703 247 1764 279 1175

131 351 238 384 super
263 341 357 383 quod
381 340 526 383 quidem
551 338 788 374 scalfaudium
814 340 875 373 fiet
897 350 970 373 una
993 338 1214 382 praedicatio
1239 349 1304 382 pro
1339 340 1512 382 populum
1537 339 1760 375 exhortando

129 395 174 429 ad
202 394 429 430 Altissimum
459 394 723 438 deprecandum
756 405 821 438 pro
851 394 1030 428 dictorum
1063 397 1334 428 executatorum
1362 394 1564 436 animabus,
1591 398 1625 429 et
1653 395 1761 430 etiam

130 449 348 484 declarando
364 450 458 492 quod
476 449 763 484 extraordinarie
779 453 813 483 ct
837 453 963 483 contra
987 452 1102 483 totum
1127 449 1290 482 ordinem
1315 453 1350 482 et
1374 449 1525 483 sormam
1551 450 1668 484 omnis
1687 455 1763 494 Jus-

129 504 232 540 titiae
248 515 312 548 per
331 516 516 548 processus
533 506 640 539 falsos
653 509 688 539 et
711 505 869 540 indebite
887 505 1000 539 factos
1024 505 1089 547 ipsi
1115 505 1357 543 condemnati,
1376 505 1601 546 scalfaudati,
1622 507 1761 550 praedi-

129 561 214 602 cati,
232 561 387 596 mittrati
406 565 442 595 et
457 561 636 596 executati
654 562 812 596 fuerunt.
834 561 873 595 In
897 561 968 595 fine
991 565 1096 604 quus
1119 560 1412 604 praedicationis,
1431 573 1536 596 omne
1560 562 1650 596 illud
1667 563 1761 605 quod

130 629 173 654 ex
192 617 299 652 dictis
316 617 540 662 processibus
556 617 716 658 restabit,
736 616 773 651 in
798 617 1001 660 praesentia
1017 616 1219 651 executoris
1236 616 1432 660 praesentis
1456 617 1583 652 ari-esti
1609 617 1761 653 disrum-

129 675 238 717 petur
253 675 287 706 et
302 671 535 707 lacerabitur.

176 726 221 760 Et
236 725 408 760 similiter
425 736 490 769 pro
508 725 587 759 fieri
606 725 769 760 faciendo
787 736 895 759 unam
915 736 1059 760 crucem
1076 725 1254 769 lapideam
1271 726 1381 760 altam
1399 728 1605 770 quindecim
1630 729 1761 772 pedum

132 781 171 816 in
187 781 267 816 loco
285 780 537 824 propinquiori
555 784 590 815 et
606 780 893 815 convenientiori
919 780 1006 815 dicti
1024 780 1105 821 loci,
1123 780 1162 815 in
1178 792 1248 824 quo
1266 781 1377 825 aliqui
1403 794 1445 816 ex
1469 783 1575 818 dictis
1598 784 1763 819 condem-

130 837 226 872 natis
250 836 429 872 executati
456 840 491 871 et
507 836 683 871 combusti
702 837 929 881 exstiterunt,
948 837 985 870 in
1001 848 1072 879 qua
1095 837 1279 880 sculpetur
1303 842 1338 872 et
1362 838 1530 882 affigetur
1554 851 1666 873 unum
1692 840 1762 884 epi-

130 891 296 936 taphium
311 891 480 926 effectum
503 892 701 935 praesentis
717 892 845 926 ari-esti
863 893 1061 927 continens.

174 948 220 982 Et
235 957 328 990 quae
344 946 388 981 de
407 946 552 980 residuo
575 946 692 981 dictae
717 958 879 982 summae
903 947 945 981 ad
970 947 1130 990 quinque
1153 947 1253 982 mille
1278 947 1388 982 libras
1406 948 1627 985 parisienses
1642 962 1763 986 ascen-

129 1003 248 1043 dente,
273 1000 389 1042 nobis,
419 1001 527 1035 dictis
555 1001 599 1035 de
631 1001 833 1044 Bellosorti‚
867 1003 1024 1046 Aymery
1055 1005 1089 1036 et
1120 1002 1270 1037 cuilibet
1298 1002 1456 1045 ipsorum
1488 1016 1628 1039 summa
1665 1007 1767 1041 mille

128 1058 307 1092 librarum
332 1055 618 1098 Parisiensiunn
652 1057 738 1090 item
766 1056 874 1091 dictis
905 1056 1079 1100 Tacquet,
1112 1056 1244 1091 Joanni
1275 1057 1306 1091 le
1339 1059 1489 1097 Febvre,
1524 1060 1699 1096 Hermant
1731 1066 1766 1097 et

132 1112 303 1147 Nicolaae
320 1111 499 1152 Gavrelle,
519 1114 596 1154 eJ‘us
619 1111 737 1151 uxori,
766 1111 875 1146 Petro
900 1113 945 1146 du
973 1113 1140 1147 Carioeul
1164 1116 1199 1146 et
1224 1112 1355 1147 Joanni
1373 1113 1416 1148 de
1440 1115 1556 1159 Berry
1580 1119 1615 1150 et
1639 1128 1764 1151 eorum

130 1166 280 1202 cuilibet
310 1165 662 1209 quadringentarum
694 1166 871 1201 librarum
898 1166 1158 1202 Parisiensium
1187 1179 1327 1202 summa
1351 1172 1515 1212 capietur
1546 1174 1579 1205 et
1607 1172 1763 1215 applica-

129 1222 243 1257 bitur.

176 1278 370 1321 Etiamque
394 1287 517 1311 omnes
548 1276 724 1320 praedicti
755 1280 906 1319 actores,
940 1276 1099 1320 servitia,
1132 1277 1360 1313 fundationes
1384 1282 1418 1313 et
1441 1278 1534 1314 aliae
1558 1291 1614 1315 res
1637 1281 1681 1315 ad
1706 1282 1765 1325 pia

134 1344 244 1378 opera
260 1333 428 1367 ordinata
445 1331 655 1375 priusquam
674 1332 776 1366 nobis
791 1333 988 1368 solvantur.

174 1389 351 1431 Dictaque
369 1387 472 1422 curia
488 1392 611 1422 nostra
627 1388 854 1432 supradictos
870 1387 1086 1423 deffensores
1103 1388 1139 1422 in
1158 1389 1322 1431 expensis
1339 1388 1377 1424 in
1394 1390 1572 1433 praesenti
1598 1402 1765 1434 processu

128 1443 242 1484 factis,
277 1443 391 1477 dictos
418 1454 588 1478 excessus
615 1446 884 1486 concernentes,
917 1454 1072 1486 quarum
1101 1454 1339 1486 expensarum
1372 1444 1549 1487 praedicti
1580 1445 1623 1478 de
1651 1446 1765 1487 Berry

131 1500 304 1535 haeredes
329 1510 430 1533 suam
454 1499 658 1543 portionem
680 1499 950 1543 contingentem
973 1498 1163 1533 dumtaxat
1186 1500 1324 1534 solvent
1352 1511 1439 1544 erga
1467 1500 1581 1535 dictos
1605 1501 1767 1545 Tacquet

130 1559 165 1591 et
188 1555 355 1590 Gavrelle
378 1553 563 1588 taxatione
587 1553 796 1587 eorumdem
821 1553 939 1587 dictae
979 1552 1102 1587 curiae
1127 1557 1270 1588 nostrae
1294 1557 1487 1595 reservata,
1513 1555 1768 1590 condemnavit

129 1615 164 1646 et
195 1611 427 1651 condemnat3
456 1609 592 1643 dictum
635 1609 854 1653 magistrum
879 1607 1082 1643 Robertum
1109 1608 1142 1642 le
1172 1608 1305 1643 Jeusne
1345 1609 1389 1643 ab
1420 1609 1708 1652 impetitionibus
1732 1615 1767 1645 et

129 1665 315 1701 demandis
331 1665 512 1699 dictorum
530 1667 694 1698 actorum
712 1666 746 1698 et
762 1663 1009 1707 procuratoris
1026 1664 1140 1698 nostri
1158 1663 1340 1708 generalis
1355 1664 1573 1699 absolvendo
1590 1669 1625 1699 et
1648 1665 1766 1709 ipsum

129 1726 231 1757 extra
246 1730 451 1764 processum
468 1722 503 1753 et
519 1719 651 1761 absque
668 1729 854 1761 processus
870 1718 1047 1761 ponendo.

173 1776 358 1817 Quatenus
381 1786 466 1809 vero
491 1773 678 1808 concernit
700 1773 968 1808 restitutionem
994 1774 1174 1808 bonorum
1200 1777 1234 1808 et
1258 1774 1547 1809 commissionem
1577 1775 1674 1810 feudi
1702 1787 1766 1820 per

127 1831 265 1867 dictum
281 1831 325 1865 de
340 1830 530 1865 Belloforti
547 1834 673 1864 contra
692 1829 830 1863 dictum
848 1830 892 1863 de
915 1829 1091 1863 Saneuses
1114 1829 1325 1872 requisitam
1351 1841 1492 1864 necnon
1517 1831 1766 1865 conclusiones

129 1890 255 1923 contra
271 1887 408 1920 dictum
425 1883 644 1919 l'Hostellier
661 1887 796 1928 captas,
815 1895 907 1927 quae
932 1884 1050 1919 dictae
1074 1888 1194 1928 partes
1217 1885 1466 1919 informabunt
1483 1886 1621 1920 vocatis
1637 1897 1764 1921 vocan-

128 1942 182 1977 dis
199 1953 306 1986 super
322 1941 426 1976 factis
442 1943 477 1975 et
493 1940 658 1974 articulis
675 1951 738 1983 per
755 1940 889 1974 dictam
903 1940 1043 1974 curiam
1061 1944 1220 1974 nostram
1245 1951 1264 1973 a
1289 1951 1354 1974 suo
1371 1939 1515 1983 litigato
1532 1941 1764 1976 extrahendis

128 1997 225 2032 infra
247 1996 385 2031 instans
408 1996 538 2030 festum
564 1994 761 2030 beatissimi
776 1994 929 2029 Martini
946 1993 1126 2033 hiemalis.
1141 2005 1205 2038 per
1221 1994 1377 2029 alterum
1395 2005 1439 2029 ex
1462 1995 1604 2030 dilectis
1627 2002 1662 2030 et
1678 1996 1764 2030 fide-

128 2052 223 2087 libus
239 2051 277 2086 in
292 2051 388 2085 dicta
404 2051 507 2085 curia
524 2054 650 2084 nostra
666 2049 897 2090 consiliariis,
915 2049 959 2082 ad
985 2048 1054 2083 hoc
1085 2059 1148 2092 per
1175 2048 1419 2091 praedicatam
1449 2050 1587 2084 curiam
1604 2054 1764 2085 nostram

129 2107 388 2152 deputandum,
406 2116 471 2149 pro
488 2105 557 2139 hoc
573 2105 668 2140 facto
684 2108 866 2148 reportato
885 2108 920 2139 et
936 2104 980 2138 ad
992 2104 1231 2148 judicandum
1245 2108 1401 2148 recepto,
1418 2104 1503 2149 ipsis
1512 2109 1572 2149 Jus
1585 2106 1763 2150 faciendo,

129 2162 312 2198 ordinavit
327 2166 361 2196 et
377 2161 534 2196 ordinat.

174 2217 220 2252 Et
250 2217 403 2252 ulterius
431 2215 554 2251 eadem
582 2215 686 2250 curia
714 2218 839 2250 nostra
867 2214 964 2249 dicto
996 2214 1162 2259 episcopo
1194 2215 1435 2257 Atrebatensi,
1469 2215 1542 2251 suis
1565 2216 1761 2258 officiariis,

130 2271 337 2316 inquisitori
369 2270 452 2305 fidei
482 2275 515 2305 et
547 2270 715 2304 omnibus
745 2269 827 2304 aliis
853 2269 1038 2313 judicibus
1070 2269 1321 2305 ecclesiasticis
1349 2274 1384 2304 et
1414 2270 1648 2312 secularibus,
1668 2283 1712 2306 ne
1743 2283 1764 2306 a

130 2327 236 2363 modo
264 2326 303 2361 in
332 2325 558 2370 processibus
586 2329 620 2360 et
643 2324 919 2359 executionibus
942 2324 1254 2367 extraordinariis,
1272 2325 1461 2369 gebennis,
1479 2325 1761 2368 quaestionibus,

129 2383 282 2418 torturis
313 2381 523 2416 inhumanis
540 2383 574 2414 et
598 2380 816 2420 crudelibus,
834 2379 941 2414 sicuti
959 2379 1003 2414 de
1019 2380 1206 2423 capelleto,
1233 2381 1354 2425 ignem
1379 2381 1423 2414 ad
1446 2381 1605 2424 plantam
1631 2383 1761 2425 pedum

131 2437 356 2483 apponendo,
389 2437 509 2472 oleum
541 2446 657 2478 neque
685 2439 827 2470 acetum
855 2434 978 2469 bibere
1006 2435 1183 2476 faciendo,
1216 2439 1377 2471 ventrem
1409 2435 1687 2471 criminosorum
1728 2441 1762 2470 et

129 2497 382 2529 accusatorum
406 2491 629 2527 verberando
653 2502 714 2525 seu
739 2490 984 2533 percutiendo,
1012 2502 1128 2534 neque
1151 2491 1233 2525 aliis
1257 2496 1292 2526 et
1315 2491 1470 2526 insolitis
1491 2491 1762 2534 quaestionibus

130 2552 291 2590 utantur,
318 2548 383 2583 sub
408 2558 522 2591 poena
546 2546 833 2590 reprehendendi
857 2551 892 2581 et
919 2548 1118 2582 secundum
1143 2548 1363 2592 exigentiam
1394 2559 1542 2582 casuum
1575 2548 1760 2591 puniendi,

130 2603 291 2641 inhibuit
322 2607 356 2638 et
386 2601 570 2642 deffendit,
605 2601 745 2636 inhibet
775 2607 809 2636 et
840 2602 1023 2637 deffendit.

175 2660 217 2695 In
247 2663 351 2702 cujus
382 2656 434 2692 rei
473 2655 734 2696 testimonium,
766 2660 929 2691 nostrum
962 2658 1210 2701 praesentibus
1239 2659 1390 2693 fecimus
1421 2659 1551 2703 apponi
1584 2659 1758 2704 sigillum.

176 2715 308 2750 Datum
343 2712 506 2753 Parisiis,
541 2713 579 2745 in
619 2711 851 2747 Parlamento
887 2718 1022 2755 nostro,
1059 2713 1234 2758 vigesima
1272 2714 1330 2749 die
1368 2715 1498 2749 mensis
1535 2715 1639 2757 Maii,
1665 2727 1760 2751 anno

131 2771 278 2807 Domini
301 2772 385 2805 1491
409 2773 444 2804 et
467 2767 571 2811 regni
596 2767 708 2802 nostri
731 2771 874 2804 octavo.

486 2849 684 2884 Mdmoz‘res
708 2849 753 2884 dc
775 2851 931 2894 Jacqnes
955 2850 1005 2884 clu
1032 2848 1168 2895 Clercq,
1187 2851 1265 2886 decl
1292 2851 1352 2892 ΙΙῘ,
1379 2851 1443 2886 blz.
1471 2853 1627 2888 267-293.
