2097 3466
333 251 394 280 4⁴³2
1012 243 1142 277 ANNO
1171 246 1268 277 150o

334 339 406 373 afin
423 350 490 381 que
504 339 522 372 εἰ
541 337 673 372 l'heure
687 336 730 371 de
746 337 781 371 la
797 339 901 378 mort,
911 335 955 370 ils
971 335 1129 380 puissent
1144 335 1224 370 voir
1239 336 1275 370 la
1291 335 1423 380 Vierge
1435 335 1562 371 Marie.
1576 336 1631 371 Tu
1644 347 1766 371 verras
1778 337 1812 372 le
1823 336 1953 379 diablo,

335 398 368 428 ct
388 405 457 427 nou
476 404 537 435 pas
554 393 588 426 la
607 391 738 435 Vierge
754 391 882 426 Marie.

377 448 412 481 Si
432 446 625 490 propositio
642 446 861 489 praetendat.
877 446 971 489 quod
985 457 1056 480 non
1070 445 1155 480 licet
1167 444 1307 488 aliquas
1319 444 1464 480 devotas
1476 445 1655 481 orationes
1668 446 1788 481 dicere
1800 446 1846 481 ad
1858 446 1956 482 hunc

335 502 453 539 finem.
474 505 510 535 ut
526 500 639 544 Virgo
658 500 777 534 Maria
792 503 964 544 appareat
975 501 1020 535 ad
1033 499 1185 534 interius
1202 499 1239 533 in
1256 502 1372 534 morte
1396 499 1447 534 sic
1463 500 1590 535 devote
1613 500 1760 542 orantis,
1785 501 1876 535 falsa.
1890 504 1954 537 est.

335 556 371 589 Si
394 566 478 589 vero
506 555 715 598 praetendat
742 556 934 599 reprobare
961 553 1244 598 superstitiosam
1273 554 1522 589 credulitatem
1539 555 1795 590 nonnullorum
1811 556 1956 591 creden·

336 611 439 650 tium,
459 611 554 653 quod
578 609 616 643 in
649 609 782 645 virtute
811 610 1015 653 aliquarum
1047 609 1367 644 determinatarum
1397 609 1577 644 vocalium
1610 609 1815 645 orationum
1843 610 1960 655 magis

334 676 441 708 quam
473 664 642 705 aliorum,
673 665 766 708 quod
797 665 981 709 praedicta
1008 665 1121 709 Virgo
1153 664 1221 698 sibi
1252 663 1445 699 visibiliter
1472 665 1660 709 apparebit
1685 665 1724 700 in
1739 667 1866 708 morte,
1884 677 1957 702 non

333 720 577 762 reprobamus.

377 774 522 808 Decima
540 773 679 816 quinta.
699 773 727 808 Il
745 773 911 808 vaudroit
935 773 1055 808 mieux
1080 777 1101 807 a
1117 784 1188 808 une
1216 773 1346 808 femme
1369 773 1505 808 mariee
1536 785 1680 818 rompre
1703 786 1767 810 son
1795 774 1958 820 mariage

334 829 459 872 quode
476 839 619 872 rompre
642 840 704 862 sou
718 829 840 873 jeune.
861 828 978 863 Etiam
1005 829 1049 862 ad
1075 839 1231 868 sensum,
1265 828 1361 870 quod
1391 828 1511 862 minus
1536 829 1672 863 malum
1699 831 1761 870 est,
1787 829 1878 864 falsa
1892 831 1956 871 est,

331 883 552 923 scandalosa,
585 883 758 926 praebens
775 883 978 927 conjugatis
994 883 1219 917 occasionem
1243 882 1488 925 delinquendi,
1516 894 1675 917 errorem
1698 885 1733 918 et
1754 883 1959 928 superbiam

335 937 582 972 pharisaicam
603 936 754 980 sapiens,
774 937 966 978 haeretica,
985 937 1196 981 reparanda,
1216 936 1245 970 si
1263 936 1371 972 fuerit
1387 936 1603 980 praedicata.

380 992 526 1027 Decima
543 996 652 1026 sexta.
672 992 909 1035 Jeaymerois
925 992 1047 1026 mieux
1062 995 1154 1027 estre
1171 1003 1277 1026 cause
1302 992 1345 1026 de
1362 1000 1457 1027 mort
1479 993 1522 1027 de
1545 992 1688 1026 homme
1705 1003 1752 1027 ou
1765 991 1957 1034 homicide,

333 1059 402 1091 que
418 1048 460 1082 de
478 1048 634 1082 eoucher
650 1059 736 1081 avec
754 1059 823 1082 une
840 1049 979 1082 femme.
1000 1049 1054 1083 Ad
1071 1048 1167 1082 hunc
1191 1058 1347 1088 sensum,
1369 1048 1464 1091 quod
1480 1047 1600 1082 minus
1624 1047 1761 1082 malum
1776 1049 1830 1082 est
1843 1046 1958 1082 homi-

333 1102 468 1137 cidium
494 1114 601 1146 quam
626 1106 812 1146 peccatum
836 1104 966 1145 carnis,
985 1104 1163 1148 loquendo
1187 1104 1230 1137 de
1254 1103 1435 1146 gravitate
1453 1115 1577 1138 eorum
1594 1103 1790 1139 secundum
1805 1102 1960 1147 speciem

333 1160 575 1200 peccatorum,
604 1158 811 1192 seandalosa
837 1161 900 1200 est,
926 1159 1027 1199 falsa,
1046 1159 1220 1202 praebens
1243 1158 1468 1193 occasionem
1484 1157 1683 1199 homicidii,
1701 1157 1912 1202 reparanda,
1929 1156 1961 1191 si

335 1212 443 1247 fuerit
461 1213 676 1255 qraedicata.

376 1268 417 1308 (Ε
437 1267 552 1313 primo
570 1267 738 1312 Registro
755 1279 987 1303 censurarum
1004 1280 1127 1303 sacrae
1145 1268 1342 1303 Facultatis
1359 1268 1584 1310 Parisionsis,
1604 1269 1664 1303 fol.
1684 1269 1773 1310 158.)

685 1344 866 1388 Duplessis
882 1344 1107 1389 d’Argentre‚
1130 1344 1299 1378 Collectio
1315 1344 1564 1387 judiciorum,
1584 1345 1662 1380 deel
1679 1345 1708 1386 I,
1722 1345 1788 1380 blz.
1803 1346 1958 1380 340-341.

1085 1493 1204 1538 39¹7.

397 1630 473 1672 15e
496 1641 635 1672 eezcw.
659 1629 717 1671 De
741 1628 1000 1683 predikheer
1023 1629 1212 1673 Richard
1231 1629 1442 1672 vermeldt
1461 1628 1596 1672 onder
1614 1629 1665 1671 de
1682 1627 1960 1683 inquisiteurs

331 1711 414 1741 van
439 1697 573 1755 Rijsel
595 1697 755 1754 tijdens
777 1697 829 1739 de
860 1700 930 1741 15⁶
962 1712 1084 1741 eeuw
1108 1699 1220 1756 zijne
1244 1698 1558 1741 ordebroeders
1582 1697 1790 1743 Nikolaas
1811 1696 1957 1741 Rollin

333 1781 385 1810 en
409 1768 493 1809 Jan
513 1767 576 1808 Du
595 1766 718 1809 Coin.

377 1891 470 1926 Mais
486 1901 578 1934 pour
593 1901 715 1934 passer
729 1901 800 1924 aux
817 1889 1010 1935 Religieux
1027 1891 1153 1927 Profes
1180 1892 1228 1927 du
1258 1892 1419 1927 Couvent
1445 1892 1506 1926 des
1534 1889 1782 1925 Dominicains
1807 1889 1852 1924 de
1867 1889 1961 1925 Lille

334 1947 489 1990 pendant
507 1946 539 1979 le
557 1945 756 1988 quinzieme
771 1945 889 1986 siecle,
907 1957 951 1980 on
970 1950 1053 1989 peut
1069 1947 1147 1981 dire
1164 1947 1249 1991 qu'il
1265 1959 1288 1991 y
1312 1959 1357 1982 en
1381 1958 1402 1981 a
1425 1958 1469 1981 eu
1497 1958 1547 1981 un
1571 1946 1643 1981 fort
1665 1945 1783 1990 grand
1797 1945 1958 1987 nombre,

333 2006 413 2035 tous
431 2000 629 2044 distingues
654 2011 721 2043 par
744 2001 824 2035 leur
847 2000 997 2042 science,
1023 2002 1102 2036 leur
1126 2003 1307 2046 prudence
1330 2005 1363 2036 et
1388 2003 1439 2036 les
1462 2002 1576 2036 talens
1601 2000 1798 2044 multiplies
1824 1999 1886 2044 qui
1909 2000 1962 2035 les

333 2054 519 2089 rendirent
537 2055 703 2098 capables
719 2055 762 2089 de
786 2055 974 2098 s’acquiter
996 2067 1083 2090 avec
1109 2057 1277 2092 honneur
1303 2057 1364 2092 des
1390 2057 1539 2100 emplois
1567 2055 1830 2090 considerables
1857 2055 1962 2098 qu’on

334 2110 414 2143 leur
431 2110 548 2143 confia
572 2109 642 2144 soit
657 2110 746 2143 dans
762 2109 910 2150 l’Ordm,
929 2110 997 2144 soit
1012 2111 1097 2145 hors
1115 2112 1158 2146 de
1174 2112 1326 2146 l'Ordre.
1346 2112 1428 2146 Tels
1452 2112 1572 2146 furent
1595 2113 1696 2145 entre
1711 2113 1832 2145 autres
1850 2136 1960 2150 .....

334 2173 414 2199 tous
447 2164 620 2198 Docteurs
641 2175 685 2199 en
710 2164 907 2208 Theologie
930 2167 965 2199 et
989 2166 1024 2199 la
1053 2167 1200 2210 plupart
1233 2167 1412 2210 plusieurs
1441 2166 1508 2200 fois
1539 2165 1699 2200 Prieurs.
1729 2165 1812 2200 Tels
1841 2166 1964 2200 furent

336 2230 465 2253 encore
481 2219 531 2253 les
551 2219 658 2254 Pcres
675 2219 820 2254 Nicolas
837 2219 961 2255 Rollin
973 2224 1008 2255 et
1022 2220 1112 2255 Jean
1129 2222 1183 2255 Du
1205 2221 1307 2263 Coin,
1326 2221 1563 2265 Inquisiteurs
1578 2221 1622 2256 de
1638 2221 1674 2255 la
1686 2219 1764 2255 Foi.

684 2295 858 2337 Riehard,
877 2296 942 2330 blz.
961 2298 1014 2331 29.
1032 2317 1075 2322 —
1091 2298 1152 2332 Zie
1169 2298 1306 2342 hooger
1321 2309 1385 2333 ons
1401 2299 1448 2332 ΝΓ
1466 2299 1540 2339 369,
1559 2308 1659 2332 waar
1680 2308 1763 2332 men
1784 2297 1883 2338 leest,
1900 2296 1963 2332 dat

727 2350 772 2384 de
796 2350 1011 2394 predikheer
1033 2352 1102 2386 Jan
1125 2353 1173 2388 du
1200 2352 1290 2388 Coin
1317 2353 1373 2396 (de
1388 2353 1545 2397 Angulo)
1560 2355 1596 2388 te
1618 2352 1732 2395 Rijsel
1747 2351 1787 2386 in
1802 2353 1887 2387 1479
1909 2351 1962 2386 als

728 2405 947 2449 inquisiteur
962 2407 1162 2442 werkzaam
1177 2419 1262 2442 waS.

1073 2556 1197 2600 398.

403 2688 540 2736 1500,
585 2688 790 2732 Brussec.
830 2690 1069 2733 Uittreksel
1102 2691 1166 2733 uit
1196 2691 1248 2734 de
1284 2691 1459 2748 kronijk
1491 2706 1575 2735 van
1607 2692 1689 2735 den
1720 2691 1964 2748 tijdgenoot

337 2755 519 2797 Molinet
543 2769 648 2798 over
670 2757 745 2800 het
768 2759 1023 2802 aanhouden
1047 2773 1098 2801 en
1122 2758 1395 2803 verbranden
1416 2775 1500 2803 van
1523 2774 1658 2804 eenen
1682 2760 1962 2804 ketterschen

336 2823 587 2866 slotmaker.
617 2850 671 2855 —
697 2826 772 2868 Die
795 2826 966 2883 knappe
988 2827 1328 2880 ambachtsman,
1354 2829 1601 2873 Gentenaar
1623 2842 1704 2872 van
1737 2827 1959 2884 geboorte,

337 2892 474 2936 leefde
501 2892 672 2949 eerlijk,
700 2908 820 2939 maar
851 2894 997 2940 buiten
1032 2897 1115 2940 alle
1147 2897 1601 2954 godsdienstoefening
1631 2897 1708 2940 der
1728 2897 1864 2940 Kerk.
1890 2897 1960 2954 Hij
