2097 3466
829 246 961 280 ANNO
989 248 1088 280 1307
1713 253 1771 285 151

143 351 227 381 van
252 337 547 394 Virnenburg‚
583 337 903 396 aartsbisschop
935 354 1019 384 van
1053 340 1236 383 Keulen.
1265 366 1321 371 —-
1360 342 1417 384 De
1449 343 1771 400 aartsbisschop

143 406 276 450 drukt
313 420 362 450 er
398 411 513 450 eerst
549 421 616 462 op,
652 407 726 450 dat
758 408 810 450 de
844 409 1097 465 Beggarden
1137 409 1308 452 nieuwe
1348 412 1603 469 geestelijke
1636 413 1769 456 orden

143 475 304 518 zonder
324 475 375 518 de
397 475 639 532 kerkelijke
662 477 960 534 goedkeuring
983 478 1170 521 stichten
1195 492 1248 520 en
1273 479 1348 522 dat
1371 480 1422 536 zij
1449 481 1488 522 al
1513 481 1772 525 schooiende

143 545 285 595 leven,
311 545 498 601 hetgeen
516 547 590 587 ten
615 545 793 588 nadeele
827 546 904 589 der
926 561 1073 589 armen
1108 546 1305 603 gebeurt.
1339 549 1510 591 Daarna
1540 548 1772 606 bespreekt

141 613 201 671 hij
227 613 509 670 breedvoerig
541 614 696 657 enkele
730 615 904 658 hunner
942 616 1191 673 ketterijen,
1220 616 1287 658 die
1322 616 1380 674 hij
1417 620 1504 660 met
1531 618 1771 675 Bijbelsche

139 682 314 726 teksten
339 683 564 738 weerlegt.
593 684 675 725 Zoo
699 683 750 726 de
783 685 1038 740 Beggarden
1063 699 1117 727 en
1153 685 1359 741 Apostels
1383 686 1472 729 niet
1505 687 1681 743 spoedig
1703 688 1770 730 die

139 751 341 807 dolingen
363 751 597 802 afizweren,
626 755 796 795 moeten
816 754 867 811 zij
889 754 1000 797 door
1024 754 1074 796 de
1093 754 1366 810 wereldlijke
1390 755 1593 798 overheid
1617 756 1771 799 onder-

138 819 271 863 drukt
309 820 502 863 worden.
530 821 697 863 Binnen
731 823 786 864 de
819 823 974 865 maand
1011 823 1153 866 zullen
1188 823 1239 880 zij
1282 827 1346 866 tot
1384 823 1532 866 hunne
1562 838 1769 881 vroegere

137 888 409 947 wereldliJke
431 888 586 948 kleedij
613 903 667 932 en
691 890 967 948 levenswijze
984 891 1290 947 terugkeeren‚
1320 893 1489 935 zooniet
1511 893 1688 937 worden
1713 895 1765 952 zij

137 957 181 1002 in
204 957 285 1001 den
309 956 392 1001 ban
417 959 640 1015 geslagen.
669 959 876 1002 Veertien
901 960 1040 1016 dagen
1071 960 1247 1010 daarna,
1276 974 1351 1004 zoo
1373 961 1426 1019 zij
1452 961 1545 1004 zich
1570 975 1657 1018 nog
1679 963 1768 1007 niet

134 1027 466 1083 onderwerpen‚
493 1028 636 1070 zullen
669 1041 718 1070 ze
750 1028 814 1070 als
847 1028 1017 1072 ketters
1040 1030 1248 1085 vervolgd
1271 1030 1449 1073 worden
1471 1030 1769 1087 spiritualiter·

134 1100 175 1140 et
211 1097 535 1153 temporaliter.
575 1097 635 1140 De
657 1097 850 1152 gansche
884 1098 1215 1156 geestelijkheid
1247 1112 1332 1142 van
1370 1099 1447 1142 het
1478 1099 1766 1144 aartsbisdom

134 1168 250 1209 moet
269 1165 448 1208 hieraan
466 1166 631 1222 ieverig
654 1166 976 1211 medewerken.
1001 1167 1218 1225 EindeliJk
1237 1168 1347 1212 slaat
1369 1168 1421 1211 de
1443 1167 1764 1227 aartsbisschop

132 1235 217 1278 alle
234 1234 404 1278 ketters
428 1237 516 1278 met
540 1235 688 1278 hunne
711 1235 988 1293 aanhangers
1010 1237 1053 1279 in
1077 1236 1160 1280 den
1183 1236 1284 1280 ban.

177 1361 220 1397 In
243 1360 388 1396 nomine
411 1363 556 1397 sanctae
580 1364 615 1397 et
638 1361 847 1397 individuae
873 1361 1075 1404 Trinitatis,
1103 1361 1140 1398 id
1163 1364 1216 1398 est
1238 1360 1359 1397 Patris
1381 1363 1418 1397 et
1439 1360 1526 1396 Filii
1549 1364 1584 1398 et
1607 1361 1764 1407 Spiritus

132 1414 269 1457 Sancti,
283 1427 400 1451 amen.

176 1470 367 1513 Hem-icus,
383 1471 448 1507 Dei
465 1473 585 1516 gratia
601 1475 746 1508 sanctae
764 1472 986 1508 Coloniensis
1002 1472 1174 1508 ecclesiae
1191 1471 1492 1516 archiepiscopus,
1507 1472 1601 1508 sacri
1617 1472 1762 1518 imperii

131 1537 197 1571 per
212 1525 355 1562 Italiam
372 1526 728 1569 archicancellarius,
746 1527 925 1563 universis
942 1527 1176 1563 ecclesiarum
1193 1527 1374 1572 praelatis,
1389 1527 1601 1570 rectoribus,
1620 1528 1762 1564 clericis

131 1584 168 1617 et
185 1581 318 1616 Christi
335 1581 512 1621 fidelibus,
531 1583 683 1618 salutem
699 1582 739 1618 in
756 1582 908 1618 Domino
925 1583 1192 1627 sempiternam.

175 1635 355 1678 Quoniam
378 1636 538 1672 humana
563 1641 694 1672 natura
723 1638 831 1682 longe
859 1637 1039 1682 prioribus
1066 1638 1147 1682 plus
1174 1637 1279 1672 solito
1309 1638 1531 1682 temporibus
1557 1638 1694 1674 labitur
1715 1639 1762 1675 ad

129 1691 262 1727 delicta
285 1695 321 1727 et
343 1692 503 1727 humana
530 1692 708 1736 cupiditas
734 1693 855 1728 litium
879 1696 995 1728 mater
1022 1696 1057 1728 et
1080 1692 1178 1737 pacis
1194 1693 1337 1727 aemula
1360 1693 1558 1728 discordias
1582 1697 1618 1729 et
1631 1693 1763 1729 dissen-

129 1746 247 1782 siones
262 1746 460 1788 adinvenit,
479 1748 609 1792 quibus
624 1749 785 1784 humana
802 1749 913 1793 quies,
932 1748 1167 1784 ecclesiarum
1191 1751 1226 1783 et
1243 1747 1458 1783 clericorum
1475 1748 1621 1784 libertas
1637 1748 1756 1793 oppri-

129 1804 302 1845 muntur;
336 1813 399 1837 nos
430 1814 681 1846 perversorum
721 1803 861 1839 actibus
891 1804 1000 1839 finem
1032 1815 1103 1847 quo
1141 1814 1327 1847 possumus
1365 1803 1524 1838 remedio
1555 1803 1760 1847 prospicere

129 1857 324 1902 cupientes,
339 1858 385 1892 ad
401 1857 574 1893 honorem
592 1859 669 1900 Dei,
689 1862 833 1894 sanctae
850 1859 975 1894 matris
992 1859 1178 1894 Romanae
1194 1858 1366 1894 ecclesiae
1382 1870 1521 1894 necnon
1539 1859 1760 1894 Coloniensis

128 1915 165 1948 et
179 1913 337 1948 filiarum
353 1915 430 1957 ejus
454 1926 518 1958 pro
541 1914 701 1958 ipsarum
719 1926 806 1959 pace
830 1918 864 1950 et
887 1915 1023 1950 salubri
1047 1918 1140 1950 statu
1166 1919 1201 1950 et
1223 1915 1390 1951 libertate
1413 1915 1588 1950 servanda
1611 1915 1757 1959 praede-

129 1979 308 2004 cessorum
339 1972 544 2004 nostrorum
572 1973 706 2005 statuta
733 1970 919 2005 ordinaria
949 1971 1203 2005 confirmamus
1230 1973 1266 2006 et
1293 1971 1338 2006 de
1364 1969 1515 2006 consilio
1545 1973 1581 2006 et
1610 1981 1754 2006 assensu

129 2023 279 2068 capituli
295 2023 408 2059 nostri
424 2027 459 2059 et
475 2025 719 2068 praelatorum
738 2024 1006 2060 Coloniensium
1023 2025 1119 2060 infra
1134 2026 1290 2069 scripta:

171 2102 206 2137 Ι.
227 2102 361 2137 Contra
374 2102 590 2147 Beyyardos
606 2108 639 2137 et
653 2103 872 2148 Beyyardas
887 2102 1147 2148 Apostolorum
1164 2104 1314 2137 nomine
1329 2113 1368 2137 se
1391 2102 1500 2147 vulgo
1525 2103 1758 2138 insinuantes

127 2168 334 2203 novamque
359 2158 427 2192 sub
457 2158 591 2192 umbra
613 2161 848 2203 paupertatis
874 2158 1096 2203 reli9i072em
1123 2159 1342 2194 simulantes
1373 2163 1572 2204 contraque
1604 2157 1758 2193 illorum

128 2224 271 2248 errores
277 2242 283 2248 .

171 2280 273 2316 Licet
303 2283 421 2325 patres
452 2281 615 2316 consulta
642 2280 885 2326 prohibitione
912 2283 1115 2317 statuerunt
1137 2283 1182 2324 (l)
1206 2292 1250 2316 nc
1278 2280 1357 2325 quis
1385 2291 1514 2315 novam
1541 2279 1755 2325 religionem

126 2336 278 2381 fingeret
309 2337 366 2371 vel
396 2336 559 2372 habitum
591 2348 704 2372 novae
731 2336 919 2381 religionis
950 2348 1058 2380 quam
1088 2337 1182 2372 sedis
1213 2336 1429 2381 apostolicae
1459 2335 1655 2371 auctoritas
1682 2347 1754 2370 non

126 2391 314 2432 firmasset,
332 2390 400 2425 sibi
424 2391 571 2435 propria
591 2390 793 2426 temeritate
809 2394 1018 2433 assumeret,
1037 2391 1098 2427 sed
1119 2391 1148 2425 si
1166 2392 1308 2436 frugem
1325 2391 1420 2426 vitae
1436 2390 1595 2426 melioris
1622 2402 1752 2426 concu-

126 2446 291 2491 pisceret,
310 2458 419 2481 unam
442 2446 510 2481 sibi
532 2449 729 2481 assumeret
745 2447 788 2481 de
804 2446 1042 2491 religionibus
1059 2447 1265 2491 approbatis
1280 2460 1288 2490 ;
1307 2446 1453 2491 quidam
1466 2449 1586 2481 tamen
1598 2445 1755 2482 nescien-

125 2503 177 2536 tes
193 2500 246 2536 uti
263 2500 439 2536 concessis
455 2500 539 2536 laici
556 2512 672 2535 mares
689 2503 724 2536 et
740 2500 916 2536 foeminae
933 2500 1067 2536 idiotae
1091 2513 1237 2546 prorsus
1260 2502 1306 2536 ad
1322 2501 1451 2536 illicita
1475 2501 1577 2535 frena
1593 2501 1754 2536 laxantes

125 2557 380 2602 superstitiosis
395 2556 710 2592 adinventionibus
726 2559 896 2601 satagunt
920 2555 1083 2591 invenire
1104 2568 1213 2591 novos
1229 2556 1321 2591 ritus
1337 2560 1373 2592 et
1388 2555 1531 2591 habitus
1547 2555 1621 2590 sive
1638 2566 1755 2591 mores

124 2611 164 2647 in
179 2611 372 2647 discrimen
388 2611 597 2653 multorum,
617 2623 698 2645 cum
723 2611 930 2645 scandalum
955 2614 992 2646 et
1013 2611 1229 2647 discordiam
1253 2612 1464 2656 plerumque
1488 2610 1632 2655 pariant
1654 2611 1753 2646 novi-

124 2670 227 2709 tates,
257 2678 462 2710 novumque
488 2666 633 2702 vivendi
661 2666 808 2701 modum
835 2669 869 2702 et
900 2666 1064 2702 habitum
1097 2668 1162 2701 sub
1194 2666 1415 2711 paupertatis
1439 2667 1568 2701 umbra
1594 2669 1754 2702 tenentes

125 2721 308 2767 Beggardi
321 2723 357 2756 et
373 2721 586 2766 Beggardae
597 2724 634 2756 et
646 2720 808 2765 Apostoli
821 2719 990 2756 videlicet
999 2721 1201 2766 vulgariter
1212 2721 1395 2766 appellati,
1410 2724 1536 2756 contra
1547 2724 1753 2757 sanctorum

124 2780 268 2822 patrum
289 2779 326 2812 et.
347 2775 440 2811 sedis
463 2776 679 2820 apostolicae
703 2775 905 2811 sanctiones
929 2779 1116 2820 quaestum
1143 2777 1329 2821 publicum
1345 2776 1404 2811 via
1420 2776 1602 2821 prohibita
1618 2779 1752 2815 mendi-

169 2931 214 2974 (1)
238 2929 447 2976 Zinspeling
461 2941 507 2975 op
523 2941 601 2976 cap.
622 2933 663 2967 13
679 2942 750 2966 van
766 2930 829 2967 het
844 2931 1042 2976 Algemeen
1062 2930 1221 2967 Concilie
1238 2941 1307 2966 van
1324 2931 1502 2967 Lateraan
1517 2931 1639 2974 (1215).
