2097 3466
377 256 442 291 540
546 253 907 291 AANGEHAALDE
933 251 1343 288 HANDSCHRIFTEN
1371 253 1431 288 EN
1459 252 1831 290 DRUKWERKEN.

417 351 491 385 219.
522 350 558 383 S.
585 350 719 385 Mullor
743 349 816 390 Fz.,
843 348 935 393 Lijst
962 358 1035 382 van
1064 347 1517 383 Noord-Nederlandsche
1541 349 1743 384 kronieken
1765 353 1838 386 met
1859 360 1998 396 opgave

379 417 445 439 van
475 404 664 439 bcstaande
692 403 963 438 handschristen
987 415 1031 438 en
1057 403 1275 445 litteratuur,
1294 403 1513 439 vemehenen
1537 403 1574 439 in
1597 404 1641 440 (18
1665 404 1822 440 werhen
1844 417 1918 440 van
1939 404 1998 441 het

381 457 575 492 historisch
599 456 853 501 Gcnootschap
866 457 1054 501 yevestiqd
1072 462 1103 491 te
1127 456 1280 499 Uti-eche,
1299 457 1439 493 nieuwe
1455 457 1545 493 serie
1562 468 1600 493 n⁰
1616 459 1669 493 31.
1688 458 1840 495 Utrecht
1856 461 1952 496 1880.

419 539 494 570 220.
521 536 615 579 Mgr.
637 536 679 569 Α.
699 534 731 569 ι1.
754 534 947 575 Νωηύὠιρ,
977 534 1184 569 oud—rector
1205 534 1421 579 magnificus
1443 534 1508 570 der
1530 534 1738 570 katholieke
1759 534 1998 584 hoogeschool

381 602 449 625 van
468 591 624 629 meen,
647 590 759 624 Cours
777 588 968 623 d'histoire
983 589 1182 624 nationale.
1202 591 1243 624 22
1259 587 1395 631 (1681811,
1415 590 1559 625 Leuven
1576 591 1773 626 1853-1888.

420 668 495 701 221.
516 666 578 701 W.
591 667 692 706 Moll,
709 665 1060 711 Km·kyeschiedenis
1074 676 1145 699 van
1159 664 1379 700 Nederland
1392 667 1479 699 toor
1495 665 1539 699 de
1555 665 1815 711 Hervorminy.
1826 669 1847 702 6
1859 666 1995 709 deelen,

380 721 531 756 I'trecht
549 722 747 756 1864-1871.
765 740 808 747 —
826 722 899 756 Een
916 720 1221 762 standaardwerk‚
1239 720 1301 755 dat
1316 719 1354 755 in
1371 719 1496 764 Belgi&
1513 720 1587 756 niet
1601 731 1741 765 genoeg
1757 720 1896 756 bekend
1909 719 1952 756 is.

417 802 492 834 222.
521 801 624 835 Alex.
647 799 784 841 Henne,
802 800 966 834 Histoire
982 799 1032 832 du
1049 801 1161 843 reque
1177 798 1222 833 de
1241 797 1523 836 Charles-Quint
1539 808 1584 832 en
1601 796 1788 842 Belyique.
1804 799 1845 834 10
1859 796 1996 840 (1681811,

371 854 512 889 Brassel
538 856 734 890 1358-1360.

419 933 493 965 223.
520 931 775 974 VVarnkoonig
790 942 834 966 en
861 930 1038 971 Gheldolf,
1063 930 1228 965 Histoire
1251 929 1294 963 de
1319 928 1357 963 la
1381 928 1547 963 Flandre
1570 933 1601 962 et
1625 927 1670 962 de
1692 938 1748 962 ses
1771 929 1997 964 institution-3

376 985 501 1020 civiles
518 991 550 1019 et
562 986 760 1030 potitiques
766 988 790 1029 j
795 986 922 1030 usqu'a
940 985 1084 1019 Z'annee
1102 986 1197 1019 4305.
1217 987 1236 1019 5
1252 984 1388 1025 deelen,
1404 983 1549 1018 Brussel
1566 985 1764 1019 1835-1867.

417 1065 493 1098 224.
522 1063 628 1099 Ferd.
650 1064 814 1105 Henaux,
842 1063 1007 1098 Histoire
1033 1062 1084 1095 du
1114 1073 1208 1106 pays
1233 1061 1278 1096 de
1303 1061 1426 1106 Lieqe.
1453 1064 1472 1096 2
1495 1061 1631 1102 deelen,
1656 1063 1693 1096 3θ
1715 1059 1875 1105 uitgave,
1902 1059 1998 1095 Luik

370 1120 567 1153 1872-1875.

417 1194 492 1227 225.
521 1193 623 1228 Alex.
645 1193 770 1228 Henne
786 1204 831 1227 en
847 1192 954 1237 Alph.
973 1192 1158 1234 Wauters,
1178 1192 1342 1226 Histoire
1360 1190 1405 1225 de
1429 1190 1468 1225 Ia
1490 1190 1578 1225 ville
1599 1190 1644 1225 de
1661 1189 1865 1225 Bruxelles.
1882 1192 1903 1226 3
1917 1189 1997 1226 (188-

371 1247 441 1289 len,
462 1248 605 1282 Brussel
624 1249 718 1282 1845.

417 1326 491 1359 226.
519 1325 551 1359 J.
573 1325 617 1359 H.
643 1325 802 1360 Mertens
830 1336 871 1359 en
900 1325 943 1359 K.
968 1325 1007 1359 L.
1035 1324 1151 1365 Torss,
1184 1322 1443 1359 Geschiedenis
1470 1333 1543 1357 ran
1573 1322 1793 1367 Antwerpen
1815 1321 1933 1358 sedert
1953 1322 1999 1358 (18

375 1379 548 1424 stichting
563 1381 628 1415 der
643 1381 721 1415 stad
739 1383 791 1415 tot
807 1392 892 1415 onze
909 1380 1033 1423 tijden,
1052 1380 1268 1425 uitgegeven
1284 1379 1374 1414 door
1389 1379 1432 1414 de
1449 1377 1750 1421 Rederijkkamer
1765 1377 1818 1412 De
1831 1377 1997 1422 ohjstak.

372 1437 391 1468 8
407 1435 542 1474 deelen,
563 1436 780 1478 Antwerpen
798 1437 995 1470 1845-1853.

417 1513 493 1545 227.
522 1511 743 1554 Hennebert,
759 1511 925 1546 Histoire
933 1511 1109 1556 yenerale
1125 1511 1170 1545 de
1186 1510 1224 1545 la
1234 1511 1412 1555 province
1429 1509 1601 1544 d’Arcois.
1616 1511 1636 1544 3
1649 1507 1785 1551 deeIen,
1800 1507 1838 1544 St
1851 1508 2001 1545 Omaars

373 1569 466 1602 1789.

418 1645 495 1678 228.
526 1643 615 1678 Dom
636 1642 829 1683 Devienne,
847 1642 1013 1677 Histoire
1028 1642 1074 1676 de
1087 1641 1235 1676 Z’Artois
1250 1643 1289 1683 (s.
1309 1642 1348 1683 1.)
1365 1643 1460 1676 1784.

421 1722 497 1754 229.
524 1720 556 1753 ι1.
578 1720 743 1764 Houdoy,
766 1719 957 1764 Chapitres
981 1720 1025 1754 de
1049 1719 1228 1753 Z'lzistoire
1250 1719 1295 1753 de
1310 1718 1418 1754 Lille.
1438 1720 1487 1754 Le
1506 1718 1597 1754 livre
1613 1718 1753 1761 Roisin,
1769 1720 1803 1755 18
1818 1719 2002 1766 privilege

373 1775 416 1808 de
449 1774 787 1816 non-confiscation,
821 1774 872 1809 les
903 1777 1060 1817 comptes
1090 1773 1134 1808 de
1161 1773 1196 1807 la
1222 1773 1319 1808 ville.
1347 1791 1391 1798 —
1419 1772 1537 1808 Titres
1562 1775 1598 1808 et
1623 1773 1831 1809 documents
1856 1773 1999 1810 inediis.

372 1829 483 1872 Rijsel
510 1832 604 1864 1872.

422 1907 497 1940 230.
526 1905 558 1939 J.
577 1905 596 1940 J
605 1934 611 1939 .
632 1905 801 1947 Raikem,
822 1906 997 1940 Discours
1013 1905 1059 1940 de
1072 1909 1215 1940 remree
1231 1909 1254 1939 ὰ
1271 1905 1309 1939 la
1324 1915 1412 1940 cour
1428 1904 1575 1949 d'appel
1590 1903 1635 1938 de
1649 1905 1771 1949 Lieqe.
1790 1904 1886 1940 Luik
1901 1906 1998 1941 1852.

420 1983 497 2016 231.
532 1982 687 2026 Leopold
713 1982 900 2023 Devillers,
919 1982 1205 2017 Particularites
1228 1984 1412 2016 curienses
1437 1993 1504 2016 sur
1525 1981 1740 2027 Jacqueline
1762 1981 1808 2016 de
1828 1981 1998 2024 Βαυίὲνε,

379 2039 553 2071 comtesse
569 2037 612 2072 de
630 2037 801 2078 Hainaut,
820 2037 863 2072 de
881 2037 1069 2077 HolIande,
1087 2037 1131 2071 de
1154 2037 1308 2071 Zelande
1323 2040 1357 2071 et
1378 2036 1482 2071 dame
1504 2036 1548 2071 de
1564 2035 1676 2078 Frise,
1701 2038 1738 2072 et
1750 2047 1814 2071 sur
1835 2036 1870 2072 18
1885 2038 2001 2071 comte
2075 2070 2079 2078 ,

375 2089 419 2124 (16
438 2089 610 2130 Hainaut,
630 2090 798 2125 extraites
815 2091 862 2126 du
880 2094 916 2126 2·Ξ
933 2091 1086 2135 registre
1101 2091 1161 2126 des
1179 2091 1355 2130 Consaux.
1373 2091 1435 2126 des
1450 2093 1607 2135 comptos
1621 2090 1665 2125 de
1686 2090 1723 2124 la
1737 2089 1822 2125 ville
1837 2090 1882 2125 (18
1895 2090 2001 2126 Mons

377 2147 413 2179 et
437 2144 593 2179 d‘autres
619 2145 871 2190 manuscripts.
889 2165 933 2170 ——
956 2146 1152 2181 Deuxieme
1178 2146 1304 2190 partie.
1330 2145 1499 2190 (Uitgave
1521 2145 1586 2180 der
1610 2145 1745 2179 Societe
1771 2145 1834 2179 des
1859 2143 1999 2178 Biblio-

374 2197 497 2242 philes
525 2199 644 2243 belyes
671 2203 775 2234 seant
800 2205 822 2234 ὰ
850 2201 970 2235 Mons.
999 2201 1140 2245 Bergen
1159 2201 1266 2243 1879).
1280 2220 1323 2225 —
1339 2201 1430 2235 Deze
1453 2198 1714 2244 verhandeling
1735 2199 1842 2234 bevat
1862 2197 2001 2234 allerlei

380 2253 606 2297 belangrijke
634 2254 840 2290 uittreksels
866 2255 922 2291 uit
947 2256 1009 2291 het
1035 2255 1272 2290 stadsarchief
1302 2266 1371 2289 van
1399 2255 1541 2298 Bergen
1566 2254 1695 2296 (Mons)
1720 2253 1932 2305 aangaqnde
1956 2253 2001 2289 de

383 2308 688 2351 gebeurtenissen,
706 2310 750 2345 de
766 2310 990 2352 volkszeden,
1008 2321 1082 2345 enz.
1101 2310 1139 2345 in
1156 2310 1411 2354 Henegouwen
1427 2309 1556 2352 tijdens
1571 2308 1614 2343 de
1624 2309 1731 2354 Jaren
1747 2309 1946 2343 1400-1442.

420 2388 498 2421 232.
526 2387 729 2422 Kanunnik
747 2388 867 2429 Ernst,
885 2389 1050 2423 Histoire
1064 2388 1116 2422 du
1131 2388 1346 2432 Limboury,
1365 2387 1507 2432 publiea
1522 2397 1609 2421 avec
1624 2387 1724 2421 notes
1738 2387 1775 2421 et
1787 2383 2000 2429 appendices

381 2444 415 2474 et
433 2441 605 2484 prece-dee
621 2442 665 2477 (16
681 2442 716 2476 la
733 2441 790 2477 vie
806 2442 850 2477 de
866 2443 1029 2484 l'auteur,
1048 2453 1114 2486 par
1130 2443 1170 2477 E.
1190 2442 1372 2486 Lavallye.
1390 2444 1410 2476 7
1425 2442 1562 2482 deelen,
1580 2439 1676 2475 Luik
1691 2441 1889 2474 1837—1848.

420 2519 498 2553 233.
530 2518 669 2553 Lucien
685 2519 728 2554 de
745 2519 880 2563 Rosny,
900 2519 1065 2554 Histoire
1081 2519 1126 2553 de
1142 2518 1306 2563 Z’abbaye
1321 2518 1366 2553 de
1379 2519 1424 2554 N
1425 2519 1497 2553 .-D.
1515 2517 1559 2552 de
1574 2517 1680 2552 Loos.
1695 2516 1808 2559 Rijsel
1821 2527 1867 2552 en
1882 2515 2000 2560 Pax-ijs

372 2574 466 2608 1838.
1958 2580 1962 2584 ,
