2097 3466
299 229 360 263 422
985 226 1118 262 ANNO
1145 228 1250 262 1469

297 330 389 363 pour
405 319 484 362 plus
501 318 696 352 clerement
711 318 762 353 les
778 317 964 359 entendre,
983 329 1046 352 car
1067 330 1215 362 raysons
1238 319 1440 355 confortent
1456 321 1492 355 la
1510 321 1579 365 foy.
1598 321 1801 367 Seoeayiiita
1817 325 1928 369 fortes

299 374 466 407 (nubium
483 373 654 406 lectulum
672 373 881 406 Salomonis
900 384 944 406 ca:
960 373 1181 416 fortissimis
1198 374 1331 415 Israel,
1348 379 1379 408 et
1397 375 1447 409 ad
1463 375 1564 410 balla
1581 376 1787 412 doctissimi
1803 380 1930 414 unius-

299 430 473 471 cuiusque
489 429 587 460 ensis
604 437 714 470 super
729 427 852 470 femur
869 438 978 460 suum
997 429 1112 462 cauti.
1133 428 1273 462 Encore
1290 440 1360 472 11115Υ
1380 429 1481 472 point
1504 430 1557 463 dit.
1579 441 1648 473 que
1671 431 1730 475 iay
1754 443 1798 476 oy
1814 433 1930 468 deter-

300 482 416 515 miner
432 481 508 523 quil
526 481 611 514 suist
629 481 684 514 filz
702 481 861 515 naturels
885 482 928 515 de
952 481 985 515 la
1011 481 1144 525 Vierge
1170 482 1298 524 Mario,
1326 483 1416 518 mais
1440 495 1509 527 que
1532 484 1590 528 iay
1615 496 1659 528 oy
1683 485 1856 530 dispater.
1878 487 1931 522 Ne

299 547 397 569 eroes
414 535 514 577 point
531 535 635 574 donc,
655 535 772 569 bonne
796 547 884 579 gens
908 539 943 570 et
963 535 1071 569 deuot
1091 537 1252 580 poeuple,
1279 536 1356 580 quil
1384 537 1454 572 soit
1479 538 1535 572 filz
1564 540 1724 574 naturelz
1740 541 1784 575 de
1807 542 1843 576 la
1859 544 1932 577 tres

298 590 478 634 glorieuse
494 589 627 633 Vierge
644 601 741 624 mere
757 590 801 624 de
821 590 923 631 Dieu,
942 602 1004 624 car
1021 602 1179 633 oncques
1196 592 1369 626 nensanta
1386 603 1457 636 que
1475 593 1601 628 Nostro
1617 594 1774 638 Signeur
1788 596 1930 638 Jhesus,

299 646 421 687 vierge
438 649 627 687 parauant,
647 645 770 688 vierge
796 657 839 679 en
865 646 1053 680 onfantant
1077 650 1112 680 et
1135 646 1258 689 vierge
1283 647 1608 691 perpetualement3
1633 653 1668 684 et
1691 650 1769 686 dire
1791 651 1826 686 le
1849 663 1931 687 con-

302 698 413 732 traire
430 701 481 731 est
499 709 624 732 6666116
641 703 675 733 et
691 699 829 734 11666516
843 699 1074 735 meruilleuse
1087 705 1122 734 et
1138 700 1299 736 horrible
1315 711 1386 743 que
1402 705 1487 736 tenu
1504 702 1670 739 Eluidius
1686 704 1930 750 heresiarque,

301 757 457 800 laquelle
481 758 576 792 saint
598 757 760 793 ι166651116
777 759 931 793 confond
954 759 1194 802 grandement
1217 771 1260 793 en
1285 760 1318 794 le
1336 760 1522 803 lvithisme
1545 760 1671 804 epistle
1695 763 1730 794 et
1754 760 1934 804 pluiseurs

301 816 469 849 docteurs
491 815 756 858 scolasticques.
793 814 889 850 Dont
912 820 993 850 sont
1022 816 1072 850 les
1099 816 1253 859 parolles
1275 816 1319 851 de
1347 817 1477 852 Nostre
1508 817 1666 861 Signeur
1689 828 1710 851 a
1737 829 1776 852 sa
1800 828 1898 853 mere
1921 829 1930 852 ε

301 869 452 910 Mulier,
471 880 546 903 ecce
558 868 661 913 filius
677 875 773 912 tuus,
790 874 824 905 et
838 882 858 904 a
871 870 965 905 saint
977 870 997 905 J
1002 870 1096 905 ehan
1110 882 1117 904 :
1137 871 1227 904 Ecce
1243 875 1361 905 mater
1377 875 1452 913 cua,
1468 882 1488 905 a
1503 871 1676 906 entendre
1689 871 1934 916 eatholicque-

301 927 408 958 ment.
428 924 518 958 Ecce
532 923 635 968 filius
652 929 747 964 tuus,
766 924 844 958 veci
861 935 1001 959 comme
1018 927 1081 959 ton
1098 924 1155 958 filz
1170 924 1233 967 qui
1257 928 1291 959 te
1307 924 1408 959 doibt
1423 925 1646 968 honnourer,
1667 925 1786 960 seruir
1801 928 1836 961 et
1853 936 1937 971 gar-

301 979 364 1013 der
381 990 520 1013 comme
536 979 580 1013 sil
599 979 686 1013 suist
701 982 764 1013 ton
789 990 876 1022 vray
894 979 951 1013 filz
973 979 1016 1013 de
1040 982 1101 1022 toy
1126 980 1281 1013 enfante.
1309 980 1399 1014 Ecce
1422 985 1540 1014 mater
1563 985 1638 1022 tua,
1656 980 1735 1016 veci
1759 980 1850 1016 celle
1865 991 1936 1024 que

299 1036 339 1067 tu
356 1032 448 1067 doifs
465 1044 564 1067 amer
581 1033 624 1067 de
640 1033 778 1068 saincte
791 1045 920 1068 amour
937 1045 1077 1068 comme
1094 1043 1190 1068 mere
1209 1037 1244 1068 et
1260 1045 1281 1068 a
1305 1034 1374 1069 elle
1389 1034 1502 1069 obeir·
1522 1034 1610 1069 Veci
1634 1035 1685 1070 les
1709 1034 1866 1079 parolles
1888 1035 1936 1070 du

301 1088 417 1132 grand
438 1088 565 1122 Albert
581 1099 625 1122 en
642 1098 772 1131 propre
789 1088 929 1122 fourme
947 1099 959 1121 .·
975 1087 1092 1131 Super
1115 1086 1199 1121 Joh.
1225 1098 1308 1130 cap.
1331 1089 1415 1121 oez'x.
1440 1089 1530 1122 Ecce
1552 1088 1656 1132 filius
1681 1092 1778 1130 tuus,
1804 1087 1871 1123 hoc
1887 1094 1939 1123 est

303 1143 367 1187 qui
383 1141 459 1175 loco
478 1141 550 1186 filij
567 1143 621 1174 tui
638 1142 705 1175 tibi
732 1141 831 1175 debet
857 1141 1007 1186 obsequi
1031 1147 1063 1175 et
1087 1142 1281 1185 affectione
1304 1144 1481 1186 conizmyi
1527 1143 1616 1176 Ecce
1639 1147 1757 1176 mater
1779 1146 1855 1185 tua,
1873 1142 1939 1178 hoc

303 1201 352 1230 est
369 1197 429 1230 cui
446 1198 695 1230 reuerentiam
719 1195 825 1229 debes
843 1201 880 1228 ut
898 1197 1032 1237 matri;
1055 1200 1130 1230 cest
1154 1207 1175 1229 a
1201 1196 1278 1230 dire
1303 1207 1348 1231 en
1371 1196 1555 1231 franchois
1579 1208 1586 1230 :
1614 1197 1703 1231 Ecce
1718 1195 1822 1240 filius
1839 1201 1938 1240 tuus,

302 1249 379 1284 veci
397 1250 490 1285 cheli
507 1250 569 1293 qui
591 1261 637 1284 ou
660 1249 735 1284 lieu
759 1249 803 1283 de
827 1253 890 1283 ton
915 1249 972 1282 filz
989 1252 1024 1283 te
1041 1249 1140 1283 doibt
1159 1249 1276 1283 seruir
1293 1253 1328 1284 et
1351 1261 1416 1293 par
1439 1250 1609 1285 affection
1632 1249 1744 1285 filiale
1759 1252 1794 1284 te
1817 1261 1933 1286 amer.

301 1305 390 1339 Ecce
415 1309 534 1339 mater
561 1309 636 1345 tua,
669 1303 747 1338 veoi
779 1303 869 1337 celle
895 1313 916 1336 a
942 1303 1099 1346 laquelle
1131 1303 1232 1338 doibs
1261 1315 1456 1339 66116661166
1480 1315 1621 1339 comme
1646 1316 1667 1338 a
1694 1306 1732 1338 ta
1755 1315 1866 1340 mere.
1893 1304 1941 1340 Et

302 1359 449 1394 maistre
468 1359 608 1393 Nicolle
625 1358 668 1394 de
687 1358 773 1393 Lira
791 1369 919 1401 expose
936 1367 944 1392 :
965 1358 1054 1391 Ecce
1069 1357 1173 1401 filius
1191 1363 1296 1400 tuus;
1321 1359 1387 1393 tibi
1402 1360 1459 1402 fui
1483 1361 1523 1392 in
1541 1359 1765 1404 obsequium,
1783 1360 1851 1393 iste
1868 1359 1939 1393 erit

304 1412 380 1446 Ioco
408 1414 499 1454 mei,·
526 1417 600 1448 cest
622 1424 643 1447 a
667 1413 745 1448 dire
768 1425 776 1447 :
805 1412 849 1447 Je
873 1416 934 1456 tay
958 1412 1068 1453 serui,
1086 1415 1210 1455 cestuy
1229 1424 1308 1447 sera
1332 1425 1376 1448 en
1400 1425 1485 1448 mon
1508 1414 1582 1448 lieu
1600 1425 1620 1448 a
1636 1416 1672 1448 te
1697 1413 1832 1449 5661116.
1850 1413 1940 1448 Ecce

305 1472 422 1502 maier
437 1473 522 1509 tua,·
545 1474 577 1502 te
601 1468 733 1512 deputo
757 1469 799 1501 in
823 1467 1036 1512 obsequium
1060 1468 1162 1508 eius;
1176 1471 1249 1502 cest
1265 1479 1286 1502 a
1302 1467 1405 1503 dire:
1425 1468 1468 1504 Je
1491 1469 1667 1503 tordenne
1689 1471 1724 1504 et
1747 1471 1784 1504 te
1806 1468 1939 1513 deputo

307 1534 329 1557 a
345 1533 410 1557 son
433 1523 584 1558 seruice.
603 1523 774 1568 Sequitur
791 1528 823 1557 et
847 1534 892 1556 ex
914 1522 985 1556 illa
1009 1521 1102 1556 hora
1126 1524 1261 1567 accepit
1279 1534 1360 1557 eam
1384 1523 1590 1568 discipulus
1611 1525 1652 1557 in
1669 1534 1788 1566 suam,
1802 1523 1940 1558 scilicet

307 1578 348 1610 in
363 1587 471 1611 suam
488 1589 617 1612 curam
637 1583 668 1612 et
693 1577 950 1622 diliyentiam3
970 1580 1044 1612 cest
1070 1588 1091 1610 a
1114 1576 1193 1612 dire
1211 1587 1218 1610 z
1242 1577 1294 1613 De
1318 1581 1413 1613 ceste
1425 1578 1539 1614 heure
1551 1589 1620 1622 que
1636 1579 1765 1614 Nostre
1781 1578 1939 1623 Signeur

304 1631 375 1666 dist
392 1633 480 1666 Ecce
496 1638 614 1667 mater
630 1638 706 1676 tua,
724 1632 751 1666 il
774 1633 808 1668 16
832 1633 923 1676 prist
947 1643 991 1666 en
1007 1643 1046 1666 sa
1072 1632 1185 1676 garde
1202 1635 1237 1667 et
1252 1633 1445 1677 diligence.
1465 1634 1538 1668 Par
1554 1633 1639 1677 quoi
1658 1637 1785 1678 appert
1799 1633 1877 1678 quil
1893 1645 1940 1670 116

306 1687 342 1720 fu
357 1697 420 1730 pas
436 1698 500 1721 son
516 1687 556 1722 fil
572 1688 726 1729 natur-el,
745 1687 836 1722 mais
853 1699 917 1722 son
934 1687 1115 1722 seruiteur
1133 1690 1167 1721 et
1187 1687 1283 1731 loyal
1299 1688 1423 1733 garde.

348 1741 437 1778 Veoi
453 1747 635 1779 comment
651 1747 731 1778 sont
754 1755 776 1778 6
800 1743 973 1778 entendre
997 1743 1048 1777 les
1071 1743 1212 1786 paroles
1237 1743 1466 1779 dessusdittes
1491 1755 1499 1778 ε
1524 1744 1614 1779 Ecce
1628 1744 1732 1789 filius
1748 1749 1845 1787 tuus,
1863 1754 1939 1779 ecce

306 1802 424 1831 mater
438 1803 513 1833 tua.
533 1798 579 1833 Et
595 1811 639 1834 en
656 1798 760 1834 icelle
777 1800 835 1843 foy
857 1799 1018 1834 debuons
1040 1801 1122 1832 tous
1145 1797 1250 1834 viure
1274 1803 1310 1834 et
1332 1800 1457 1840 1116616,
1476 1803 1512 1835 et
1534 1803 1615 1835 tout
1637 1800 1755 1835 aultre
1771 1800 1939 1835 6111611116-

306 1855 404 1888 ment
420 1854 603 1889 contraire
619 1854 821 1898 propulser‚
839 1852 1135 1889 anathematisier
1153 1855 1187 1887 et
1204 1856 1335 1888 mettre
1351 1854 1436 1890 hors
1451 1855 1494 1890 de
1511 1865 1621 1890 coeur
1636 1853 1805 1890 crestien.

659 1938 854 1981 Carlerius,
873 1939 952 1974 deel
969 1939 1014 1980 II,
1033 1937 1301 1983 verhandeling
1317 1941 1370 1974 28.

1059 2072 1186 2116 344.

374 2196 513 2249 1469,
550 2197 765 2251 Januari,
806 2199 1004 2242 Leuven.
1046 2199 1214 2243 Besluit
1250 2212 1335 2242 van
1373 2199 1424 2241 de
1465 2198 1742 2242 Leuvensche
1772 2199 1941 2255 Hooge-

308 2265 455 2308 school
487 2266 740 2321 aangaande
773 2266 825 2309 de
857 2268 1199 2323 geneesheeren,
1229 2266 1408 2325 waarbij
1433 2268 1484 2324 zij
1518 2269 1595 2311 het
1625 2267 1827 2311 biechten
1856 2280 1941 2311 aan

306 2333 456 2376 hunne
478 2333 630 2376 zieken
668 2336 845 2378 moeten
869 2335 1097 2392 opleggen.
1129 2359 1177 2368 —
1202 2335 1442 2391 Weigeren
1474 2335 1576 2378 deze
1598 2334 1721 2380 zulks
1742 2339 1786 2379 te
1809 2334 1936 2387 doen,

307 2401 390 2444 dan
416 2415 571 2458 mogen
608 2402 660 2445 de
678 2403 1003 2458 geneesheeren
1025 2403 1112 2445 hen
1133 2403 1223 2448 niet
1244 2402 1402 2447 verder
1417 2404 1668 2460 verplegen,
1691 2417 1743 2460 op
1762 2402 1940 2448 straffen

307 2470 413 2514 door
446 2470 497 2514 de
529 2471 831 2528 Hoogeschool
865 2471 1150 2528 vastgesteld.

365 2595 533 2629 Visitacio
551 2607 750 2640 aeqrorum
762 2602 845 2641 post
863 2597 1138 2641 confessionem.

355 2650 460 2684 Anno
478 2652 562 2684 1469
578 2650 799 2694 inJanuario
816 2651 941 2686 statuit
964 2651 1178 2687 universitas
1194 2651 1466 2695 [Lovaniensis]‚
1484 2651 1579 2695 quod
1594 2651 1724 2686 medici
1747 2651 1865 2688 vocati
1888 2653 1934 2688 ad

309 2702 471 2737 infirmos
497 2704 677 2739 debebunt
703 2705 897 2739 admonere
923 2705 1057 2740 amicos
1089 2705 1224 2740 infirmi
1252 2708 1292 2741 ut
1326 2706 1576 2741 confiteantur.
1596 2706 1640 2741 Et
1657 2706 1686 2740 51
1703 2717 1767 2750 pro
1782 2707 1940 2742 secunda

308 2757 388 2791 vice
404 2762 552 2792 vocatus
575 2758 686 2794 suerit
713 2760 759 2794 ad
785 2759 971 2794 infirmum
989 2771 1060 2794 non
1077 2761 1289 2800 confessum,
1310 2772 1381 2795 non
1409 2760 1542 2804 poterit
1568 2760 1675 2795 illum
1698 2761 1855 2805 amplius
1871 2761 1941 2797 11151

312 2817 391 2858 post
407 2814 665 2850 consessionem
683 2814 841 2856 visitare,
859 2816 925 2849 sub
941 2815 1065 2859 poenis
1082 2827 1146 2860 per
1163 2815 1435 2851 universitatem
1452 2816 1638 2851 ordinatis.

659 2891 692 2926 J.
709 2892 886 2933 Molanus,
904 2893 1092 2926 Historiae
1109 2893 1401 2927 Lot-aniensium
1419 2893 1509 2927 libri
1524 2894 1630 2935 XIV,
1644 2894 1723 2929 deel
1739 2894 1766 2936 Ι,
1781 2895 1847 2930 blz.
1862 2895 1937 2930 572.
