2097 3466
317 247 378 281 lso
985 242 1117 281 ANNO
1144 247 1242 280 1328

314 343 347 373 et
373 338 492 372 omnia
517 338 589 372 alia
613 343 647 373 et
668 338 811 382 singula
829 338 995 376 faciendi.
1015 350 1084 381 que
1100 339 1144 372 ad
1162 337 1357 372 vicariatus
1375 337 1532 371 officium
1551 332 1819 380 quomodolibet
1836 334 1941 380 perti-

316 406 399 427 nere
424 396 639 434 noscuntur3
659 394 868 427 mandantes
886 393 1051 427 omnibus
1076 392 1228 427 subditis
1253 392 1382 426 uostris
1408 392 1577 434 quatinus
1601 391 1702 426 vobis
1725 391 1781 426 vel
1805 391 1942 426 duobus

315 456 483 484 vestrum.
504 448 615 482 tercio
639 449 796 486 absente,
816 452 855 482 ut
880 448 1068 491 prefertur.
1091 447 1126 481 in
1152 446 1357 491 hujusmodi
1380 446 1498 481 officio
1524 449 1672 490 pareant
1693 457 1774 480 cum
1799 446 1940 480 effectu.

359 502 499 540 lmtum,
527 507 612 536 teste
639 511 758 537 nostro
783 502 1006 546 presentibus
1029 514 1185 545 appenso
1210 501 1342 545 sigillo,
1362 513 1456 535 auno
1482 501 1625 535 Domini
1650 501 1704 535 Μο
1725 499 1828 535 CCCo
1850 499 1941 533 vice-

312 555 401 589 simo
419 556 581 599 septiiuo,
600 556 657 590 die
676 557 819 590 XXIIII
837 556 966 590 mensis
984 556 1125 590 Marcii.

357 612 519 650 Quarum
548 611 681 645 vii-tute
710 615 743 645 ct
775 611 990 645 au‹·t‹1›ritate
1022 623 1085 645 nos
1116 615 1299 653 tamquam
1333 610 1397 644 filii
1430 610 1642 651 obedientie,
1656 611 1762 655 juxta
1790 609 1942 643 formam

312 666 512 700 litterarum
527 666 806 709 apostolicarum
821 670 853 700 ct
868 678 909 700 ex
926 667 1093 700 mandato
1111 677 1173 709 per
1185 666 1320 700 dictum
1347 666 1581 699 reverendum
1600 668 1738 708 patrem
1755 663 1941 698 dominum

314 720 576 754 Torum-ensem
601 720 807 764 episcopum
828 721 928 754 nobis
954 721 1060 760 sacto,
1080 720 1317 763 personaliter
1332 720 1377 753 ad
1400 719 1504 753 villas=
1530 720 1764 762 Brugensem,
1792 717 1940 752 Ardem-

313 776 538 818 burgensem,
560 776 647 809 Dam
665 780 697 808 et
718 776 954 815 Gaiidonscin,
981 775 1075 809 dicte
1104 774 1342 808 'formu-ensis
1373 773 1535 814 diocesis,
1554 773 1770 808 accessimus
1797 775 1833 806 et
1860 771 1941 806 dili-

311 836 438 871 genter
465 842 528 864 nos
559 830 834 864 informavimus
865 836 911 869 et,
932 829 1192 863 informacioue
1224 840 1331 872 super
1361 828 1542 872 premissis
1573 840 1595 862 a
1622 827 1724 861 nobis
1754 825 1943 870 prehabita

310 886 489 929 diligenti.
509 898 551 920 ex
576 886 816 929 plurinmrum
847 885 1111 928 tidcdignorum
1145 883 1350 918 testimonio
1366 883 1588 926 repperimus
1616 882 1730 916 dictas
1759 880 1940 921 mulieres,

311 953 379 984 que
397 941 433 974 iu
450 941 583 975 eisdem
600 940 695 974 villis
723 941 787 973 sub
817 939 924 974 certis
952 939 1130 973 clausuris
1158 940 1231 973 Deo
1259 938 1498 972 deservientes
1522 939 1792 971 commorantur
1815 938 1850 970 et
1873 945 1942 978 que

312 992 473 1035 Beguine
490 992 692 1036 vulgariter
713 995 746 1026 et
770 991 1011 1026 communiter
1028 993 1296 1034 num-upautur,
1315 990 1422 1024 fuisse
1446 992 1481 1024 et
1497 1001 1571 1023 csso
1588 989 1679 1023 bone
1696 988 1780 1029 vite,
1799 997 1943 1022 eonver-

310 1047 458 1082 sationis
486 1047 644 1085 honeste.
678 1059 720 1081 ae
751 1047 876 1081 devote
910 1047 1138 1089 frequentare
1168 1045 1348 1085 ecclesias,
1382 1048 1417 1079 et
1448 1044 1543 1087 quod
1573 1042 1877 1087 disputationibus
1907 1043 1943 1075 et

309 1102 493 1136 erroribus
509 1106 543 1136 et
560 1102 642 1135 aliis
659 1101 773 1140 viciis,
793 1102 836 1135 de
854 1101 985 1144 quibus
1002 1101 1039 1134 in
1057 1100 1188 1134 litteris
1204 1100 1409 1144 apostolicis
1431 1100 1471 1134 fit
1487 1098 1633 1139 mentio,
1650 1109 1721 1133 non
1738 1109 1774 1133 se
1787 1097 1942 1132 involve-

310 1161 392 1191 runt
410 1168 472 1190 nec
487 1156 759 1193 i11volvunt,sed
776 1157 864 1190 adeo
878 1155 1025 1190 honeste
1043 1158 1077 1190 et
1093 1155 1326 1189 laudabiliter
1340 1154 1506 1188 vixerunt
1520 1157 1554 1188 et
1566 1153 1685 1187 adhuc
1698 1153 1835 1193 vivunt,
1848 1151 1943 1195 quod

311 1212 409 1245 nulla
427 1223 534 1255 super
550 1211 620 1245 hiis
636 1211 706 1245 fuit
723 1223 787 1245 nee
805 1211 962 1254 suspicio
979 1214 1042 1245 aut
1058 1210 1208 1244 infamia
1225 1213 1350 1244 eontra
1364 1209 1467 1253 ipsas.
1484 1209 1605 1249 Quare
1618 1220 1693 1249 nOS,
1707 1206 1944 1252 Raymundus

309 1272 342 1301 et
359 1266 535 1307 officialis,
554 1265 714 1309 deputati
741 1278 801 1299 seu
833 1265 1071 1299 commissarii
1090 1264 1242 1308 predicti
1260 1264 1297 1298 in
1325 1265 1393 1298 hac
1410 1275 1529 1303 eausa,
1548 1263 1666 1307 primo
1689 1273 1754 1306 per
1770 1274 1834 1297 nos
1849 1261 1944 1296 facta

308 1322 474 1365 diligenti
503 1322 737 1365 inquisitione
753 1325 787 1356 et
804 1321 1093 1362 informatcione,
1120 1321 1301 1362 muliere&
1317 1332 1385 1364 que
1413 1320 1614 1364 vulgariter
1640 1322 1676 1354 et
1705 1317 1945 1354 communiter

311 1377 471 1420 Beguine
497 1379 764 1419 nuncupantur,
783 1379 823 1410 ut
848 1379 900 1410 est
931 1375 1080 1414 dictum,
1113 1376 1178 1409 sub
1206 1374 1312 1409 certis
1337 1375 1514 1409 clausuris
1543 1375 1616 1409 Deo
1644 1373 1882 1409 deservientes
1909 1375 1945 1408 et

309 1436 570 1466 commorantes
586 1431 623 1464 111
638 1431 733 1464 villis
750 1431 792 1464 de
810 1430 992 1471 Gandavo,
1012 1431 1055 1465 de
1073 1430 1217 1474 Brugis‚
1233 1431 1276 1463 de
1290 1429 1545 1473 Ardemburgh
1557 1430 1648 1464 etde
1662 1430 1764 1470 Dam,
1780 1427 1941 1472 predicte

311 1485 549 1519 Torum-ensis
563 1485 724 1525 diocesis,
743 1496 812 1519 non
827 1496 901 1518 esse
915 1484 1063 1519 infectas
1076 1496 1137 1518 seu
1155 1484 1314 1519 irretitas
1327 1484 1430 1517 viciis
1445 1496 1506 1518 seu
1524 1483 1736 1517 criminibus
1753 1482 1791 1517 in
1807 1482 1938 1518 litteris

310 1540 423 1573 felicis
439 1538 698 1574 recordationis
715 1539 851 1573 domini
871 1539 1063 1573 Clementis
1080 1550 1170 1582 pape
1187 1538 1302 1581 quinti
1321 1538 1508 1579 contentis,
1528 1539 1588 1572 sed
1605 1549 1664 1572 eas
1681 1537 1790 1572 fuisse
1807 1539 1841 1572 et
1865 1548 1940 1572 esse

309 1595 381 1629 vite
409 1594 601 1629 laudabilis
624 1598 660 1628 et
685 1593 968 1627 conversationis
985 1593 1131 1628 honeste
1148 1593 1428 1636 pronum-ianuis
1452 1593 1490 1626 in
1515 1592 1586 1627 hiis
1601 1592 1755 1636 scriptis,
1774 1595 1810 1627 et
1834 1592 1943 1627 etiam

310 1650 402 1693 ipsas
427 1649 643 1693 precipimus
668 1649 712 1682 ab
741 1648 907 1682 omnibus
923 1648 1080 1693 injuriis,
1095 1647 1276 1682 violentiis
1297 1650 1332 1682 et
1348 1646 1639 1690 oppressionibus
1655 1646 1942 1690 quibuscumque

309 1711 382 1739 tam
400 1704 436 1737 in
454 1703 613 1746 personis
630 1714 736 1746 quam
755 1702 792 1736 in
809 1703 914 1736 rebus
930 1702 1096 1736 deffendi.
1118 1701 1211 1736 Hinc
1228 1705 1280 1736 est
1297 1702 1392 1744 quod
1408 1701 1509 1735 vobis
1527 1701 1694 1735 omnibus
1717 1703 1752 1735 et
1774 1699 1940 1744 singulis,

311 1758 526 1793 auctoritate
542 1757 738 1801 apostoliea
754 1761 789 1792 et
816 1756 924 1791 etiam
950 1757 1052 1791 nobis
1076 1757 1276 1797 commissa,
1296 1755 1526 1800 precipiendo
1543 1756 1754 1790 mandamus
1771 1755 1942 1799 quatinus

311 1813 481 1848 canonice
499 1813 684 1853 moneatis,
703 1812 768 1845 sub
786 1822 877 1854 pena
889 1811 1131 1854 suspensionis
1143 1815 1178 1846 et
1191 1810 1583 1852 excommunicationis,
1600 1821 1722 1844 omnes
1731 1813 1767 1845 et
1779 1809 1942 1854 singulos

310 1867 469 1902 subditos
485 1870 630 1907 x‘estros,
647 1879 690 1901 ne
707 1866 820 1899 dietas
837 1865 1016 1906 mulieres,
1042 1877 1111 1909 que
1129 1865 1291 1909 Beguine
1305 1867 1572 1908 nuncupantur,
1590 1865 1648 1899 vel
1670 1864 1829 1909 aliquam
1847 1864 1941 1908 ipsa-

312 1934 405 1962 rum,
424 1922 460 1955 111
475 1921 634 1965 personis
647 1929 680 1955 et
695 1920 796 1954 bonis
813 1921 1019 1953 earumdem
1033 1921 1071 1954 111
1084 1920 1206 1964 aliquo
1220 1921 1419 1960 molestent,
1436 1919 1635 1963 impediant
1647 1920 1704 1954 vel
1716 1920 1940 1964 perturbent,

313 1975 492 2019 impediri,
523 1974 705 2009 molestari
733 1975 789 2008 vel
816 1975 1021 2017 perturbari
1046 1986 1110 2018 per
1136 1986 1171 2009 se
1199 1975 1256 2009 vel
1284 1985 1348 2017 per
1373 1973 1486 2008 alium
1517 1986 1579 2009 seu
1607 1974 1697 2009 alios
1721 1973 1859 2009 faciunt
1886 1974 1944 2008 vel

314 2034 530 2075 procurent3
551 2030 645 2072 quod
670 2029 697 2062 si
723 2040 823 2062 ¹secus
839 2028 1030 2071 exigerint,
1050 2040 1113 2062 nos
1131 2032 1256 2063 contra
1273 2040 1332 2062 eos
1349 2029 1404 2062 vel
1422 2039 1545 2062 eorum
1563 2028 1759 2071 quemlibet
1773 2028 1819 2062 ad
1835 2039 1943 2072 penas

314 2085 404 2119 alias
434 2084 591 2117 acriores
618 2083 862 2126 procedemus,
884 2085 987 2125 prout
1013 2082 1163 2126 justicia
1191 2082 1365 2116 suadebit.

360 2142 449 2173 Acta
467 2142 549 2172 sunt
566 2137 631 2171 1100
648 2136 820 2181 premissa
838 2136 874 2170 in
892 2137 986 2170 villis
1004 2137 1172 2180 predictis
1189 2143 1225 2171 et
1247 2138 1342 2171 faeta
1366 2136 1435 2171 fuit
1458 2137 1710 2180 pronunciatio
1734 2137 1772 2171 in
1795 2137 1946 2172 ecclesia

317 2198 436 2229 sancte
462 2193 644 2227 Elisabeth
669 2192 780 2226 curtis
808 2192 1055 2236 Beguinarum
1072 2193 1157 2226 ville
1174 2192 1383 2233 Gandensis‚
1402 2192 1492 2226 hora
1508 2193 1602 2228 dicte
1619 2193 1690 2227 (1101
1708 2193 1809 2237 quasi
1825 2193 1943 2234 tertia,

317 2261 424 2289 anno,
443 2246 786 2287 indi‹·tioue‚mense,
805 2245 862 2279 die
890 2249 924 2279 ct
952 2247 1163 2289 pontificatu
1190 2246 1378 2289 predictis;
1404 2247 1628 2289 presentibus
1651 2247 1946 2290 procuratoribus

317 2304 495 2337 dictarum
521 2299 768 2343 Beguinarum
793 2300 1093 2334 commorantium
1123 2300 1159 2334 in
1185 2300 1280 2334 villis
1308 2299 1477 2343 predictis
1500 2301 1546 2334 ad
1571 2301 1637 2335 1100
1670 2301 1889 2339 sufficienter
1910 2305 1946 2336 et

320 2358 480 2401 legitime
496 2355 655 2390 fundatis
671 2366 712 2388 ac
728 2354 834 2388 etiam
853 2354 941 2387 viris
966 2355 1124 2398 providis
1141 2362 1176 2389 et
1200 2354 1364 2389 discretis
1387 2354 1542 2388 dominis
1568 2356 1714 2398 Jacobo,
1739 2357 1946 2401 presbytero

320 2416 445 2446 curato
461 2410 574 2444 saneti
591 2408 767 2443 ι1011011015
784 2408 992 2450 Gaudensis,
1011 2409 1030 2443 J
1035 2409 1176 2444 ohanne
1193 2409 1288 2444 dieto
1308 2409 1396 2449 Vad,
1416 2413 1599 2452 receptore
1622 2411 1811 2446 reverendi
1834 2411 1947 2456 patris

321 2466 470 2510 predicti
488 2464 623 2499 domini
643 2463 880 2498 Tornacensis
896 2464 1065 2508 episcopi,
1084 2468 1118 2499 et
1131 2466 1295 2508 pluribus
1310 2464 1392 2498 aliis
1405 2465 1564 2507 personis
1582 2466 1783 2511 fidedignis,
1798 2467 1947 2502 testibus

321 2523 364 2555 ad
392 2520 560 2564 premissa
577 2519 781 2562 specialiter
796 2519 931 2552 vocatis
948 2523 981 2553 et
1006 2521 1152 2563 rogatis.

367 2577 409 2610 Iit
427 2587 493 2618 ego
509 2575 663 2608 Jacobus
677 2574 793 2608 dictus
806 2575 848 2608 (10
863 2576 1081 2616 Quarouble,
1099 2575 1347 2619 Toruacensis,
1363 2579 1527 2621 publicus
1541 2578 1719 2621 imperiali
1732 2577 1946 2613 auctoritate

324 2630 495 2669 notarius,
526 2629 695 2672 predictis
719 2629 978 2669 informationi,
998 2630 1235 2673 inquisitioni,
1262 2633 1552 2675 pronunciationi
1577 2636 1612 2667 et
1627 2633 1792 2667 omuibus
1815 2631 1897 2666 aliis
1912 2634 1948 2666 et·

323 2686 475 2729 singulis
492 2685 541 2717 sic
559 2684 648 2718 actis
664 2688 697 2718 ct
711 2685 797 2718 dum
810 2688 1006 2729 agerentur
1027 2697 1097 2719 una
1119 2698 1199 2720 cum
1216 2688 1473 2730 prenominatis
1485 2688 1633 2723 testibus
1645 2699 1788 2732 presens
1800 2689 1948 2722 vocatus

323 2740 470 2775 interfui
503 2739 723 2782 litterasque,
743 2751 895 2782 quarum
921 2743 1062 2774 tenores
1088 2742 1253 2784 superius
1280 2746 1363 2777 sunt
1389 2742 1526 2784 inserti,
1545 2741 1631 2784 vidi,
1649 2742 1734 2787 legi,
1759 2741 1882 2777 audivi
1912 2743 1948 2776 et

325 2796 478 2841 palpavi,
494 2794 589 2828 omni
607 2794 821 2837 suspicione,
842 2799 878 2829 ut
893 2795 1009 2837 prima
1025 2795 1116 2830 facie
1129 2798 1336 2840 apparebat,
1349 2801 1520 2839 carentes
1535 2800 1571 2832 et
1582 2798 1626 2832 de
1638 2797 1724 2841 ipsis
1736 2797 1947 2841 diligentem

323 2851 550 2886 collationem
569 2848 649 2888 feci,
668 2855 703 2884 et
731 2849 816 2892 quia
847 2849 1008 2892 predicta
1031 2852 1250 2886 concordare
1276 2852 1397 2886 inveni
1426 2853 1464 2887 in
1487 2852 1581 2887 hanc
1598 2852 1779 2896 publicam
1795 2851 1946 2886 formam

324 2904 531 2948 redigendo,
550 2903 608 2937 hic
626 2915 681 2938 1110
698 2915 806 2937 11101111
821 2903 965 2947 propria
983 2905 1174 2950 subscripsi
1192 2906 1366 2951 signoque
1380 2919 1457 2942 meo
1471 2907 1574 2942 solito
1598 2906 1738 2952 signavi
1755 2905 1947 2950 requisitus
