2097 3466
677 219 810 259 ANNO
834 231 867 254 c.
896 218 1007 259 1217,
1035 219 1147 253 1219.
1689 219 1732 251 69

870 330 954 378 69.

157 441 417 485 Omstreeks
439 441 576 489 1217,
595 440 853 496 Kamerq'jk.
875 437 1095 482 Uitreksel
1114 437 1176 481 uit
1193 437 1270 481 het
1290 438 1510 496 Dialoyus
1528 440 1730 483 miracu-

93 512 242 555 lorum
275 523 358 552 van
394 509 475 552 den
511 509 690 552 monnik
715 523 767 551 en
803 508 1048 566 tijdgenoot
1070 506 1298 551 Caesarius
1324 522 1407 551 van
1444 508 1729 553 Heisterbach

92 594 197 623 over
215 580 289 622 het
312 578 586 622 verbranden
612 593 695 621 van
720 592 798 621 een
823 577 969 621 aantal
995 577 1164 620 ketters
1199 582 1243 619 te
1266 577 1494 634 Kamerijk
1529 592 1582 634 op
1605 577 1730 621 bevel

91 662 176 692 van
195 649 276 691 den
318 647 516 704 bisschop
540 648 618 690 der
640 648 781 703 plaats
805 646 904 704 (Jan
939 647 979 689 II
1011 660 1096 688 van
1121 646 1355 703 Bethune),
1386 647 1518 690 nadat,
1541 647 1594 705 zij
1623 647 1730 691 door

91 717 144 761 de
167 717 294 774 proes
307 731 390 760 van
414 717 489 760 het
512 717 712 773 gloeiend
736 717 843 773 ijzer
864 730 918 772 op
942 716 1090 758 hunne
1113 714 1229 757 hand
1264 716 1420 772 gelegd
1444 730 1527 759 van
1551 716 1728 774 ketterij

91 800 241 830 waren
265 787 493 842 overtuigd
537 785 791 842 geworden‚
830 800 882 829 en
918 799 1022 827 over
1044 785 1119 828 het
1153 784 1354 836 mirakel‚
1396 785 1470 828 dat
1492 785 1599 828 door
1623 799 1729 828 eene

91 856 226 913 goede
258 855 404 899 biecht
442 859 507 898 tot
546 856 631 898 heil
656 869 743 898 van
775 869 912 898 eenen
936 854 1110 897 hunner
1134 855 1276 910 plaats
1314 853 1416 907 had,
1442 855 1596 898 zoodat
1625 855 1728 898 deze

90 926 180 969 niet
199 925 417 968 verbrand
441 925 579 969 werd.

92 1026 177 1071 Cap.
197 1025 301 1060 XVI.
330 1025 384 1058 De
400 1024 597 1059 haereticis
627 1025 730 1070 apud
764 1024 1006 1059 Cameracum
1031 1034 1099 1069 per
1126 1023 1291 1058 candens
1321 1023 1468 1067 ferrum
1499 1025 1727 1059 examinatis

227 1088 259 1115 et
282 1081 491 1121 combustis,
519 1091 564 1113 ex
593 1080 725 1125 quibus
750 1091 847 1113 unus
871 1080 1047 1124 beneficio
1071 1079 1315 1123 confessionis
1339 1079 1506 1114 salvatus
1530 1084 1592 1114 est.

130 1163 170 1198 In
189 1163 383 1197 Cameraeo
401 1161 547 1196 civitate
571 1161 765 1205 episc-opali
786 1161 881 1196 infra
898 1161 967 1195 hoe
985 1160 1275 1204 quinquennium
1301 1160 1422 1204 plures
1438 1161 1613 1196 haeretici
1631 1173 1725 1197 com—

87 1218 253 1262 prehensi
271 1222 365 1258 sunt,
385 1219 446 1261 qui
460 1229 582 1252 omnes
599 1217 728 1252 timore
744 1217 870 1252 mort-is
886 1228 988 1251 suam
1006 1217 1195 1260 perfidiam
1213 1220 1448 1261 negaverunt.
1463 1216 1595 1251 Missus
1608 1220 1661 1252 est
1681 1218 1727 1252 ab

86 1274 253 1318 episeopo
278 1273 444 1313 clericus,
464 1273 525 1316 qui
555 1276 727 1317 negantes
752 1285 816 1316 per
843 1273 1000 1307 candens
1024 1273 1161 1306 ferrum
1186 1271 1421 1311 examinaret.
1441 1272 1585 1306 adustos
1602 1272 1725 1308 haere-

86 1330 176 1365 ticos
193 1329 437 1364 sententiaret.
459 1328 664 1363 Examinati
690 1332 773 1363 sunt
797 1340 937 1370 omnes3
956 1327 1017 1371 qui
1035 1339 1118 1361 cum
1134 1326 1367 1361 traherentur
1382 1327 1427 1361 ad
1452 1338 1617 1370 poenam,
1634 1339 1727 1362 unus

85 1397 128 1420 ex
145 1384 196 1419 eis
220 1385 278 1419 vir
302 1384 432 1419 nobilis
456 1383 633 1427 sanguine
659 1386 865 1417 reservatur
888 1395 909 1416 a
927 1381 1058 1417 clerieo
1076 1381 1122 1415 ad
1138 1380 1262 1421 vitam,
1289 1380 1318 1414 si
1343 1381 1435 1415 forte
1459 1381 1563 1416 illum
1581 1393 1726 1426 quoquo

85 1441 191 1475 modo
209 1441 380 1475 reducere
398 1442 513 1483 posset
530 1439 574 1472 ad
590 1438 859 1482 poenitentiam.
882 1438 947 1472 Cui
965 1437 1017 1471 sie
1031 1436 1122 1471 dixit
1137 1448 1144 1470 :
1163 1451 1177 1463 u
1196 1436 1311 1470 Homo
1330 1435 1461 1471 nobilis
1474 1448 1510 1471 es
1526 1450 1534 1479 3
1554 1437 1728 1472 misereor

86 1495 138 1531 tui
155 1499 191 1530 et
215 1495 415 1539 compatior
444 1494 586 1529 animae
613 1498 707 1529 tuae.
728 1494 833 1537 Rogo
858 1496 893 1528 et
920 1504 1060 1532 moneo,
1087 1495 1127 1526 ut
1150 1491 1271 1526 adhuc
1287 1491 1330 1526 de
1354 1494 1455 1526 tanta
1472 1492 1624 1536 perfidia
1640 1492 1725 1528 resi-

85 1549 212 1594 piscus,
228 1550 271 1584 de
288 1560 413 1584 errore
430 1549 475 1583 ad
489 1549 677 1583 veritatem
692 1550 828 1589 redeas,
842 1560 886 1582 ne
903 1559 967 1591 per
979 1550 1131 1582 mortem
1144 1547 1379 1590 temporalem
1394 1550 1545 1581 mortem
1559 1547 1726 1582 incurras

85 1608 280 1640 aeternam.
303 1621 318 1633 n
349 1605 404 1639 Ad
433 1604 522 1639 haec
550 1604 611 1638 ille
640 1604 847 1647 respondit:
877 1602 1166 1646 “Experimento
1191 1601 1303 1636 didici
1327 1613 1385 1636 me
1408 1613 1566 1645 errassc3
1593 1602 1622 1636 si
1646 1614 1726 1637 sera

86 1660 307 1704 poenitentia
324 1660 414 1694 mihi
440 1660 605 1702 prodesse
634 1663 761 1703 posset,
790 1670 861 1693 non
889 1670 1080 1693 renuerem
1098 1657 1275 1692 confiteri.
1293 1673 1309 1686 ’ν
1329 1656 1395 1691 Cui
1414 1669 1495 1691 cum
1513 1657 1575 1693 ille
1591 1657 1727 1692 diceret

87 1715 344 1759 poenitentiam
372 1727 494 1750 veram
524 1728 710 1760 nunquam
739 1728 814 1751 esse
850 1727 979 1757 seram,
1013 1716 1157 1750 vocavit
1184 1715 1418 1749 sacerdotem.
1454 1715 1643 1750 Confessus
1673 1718 1727 1750 est

85 1772 194 1807 homo
218 1784 322 1806 suum
341 1783 514 1814 errorem,
533 1785 576 1807 ex
594 1777 668 1808 toto
686 1774 793 1808 corde
811 1773 884 1808 Deo
899 1772 1121 1816 promittens,
1137 1771 1166 1806 si
1185 1771 1259 1806 vita
1276 1771 1546 1811 concederetur,
1565 1770 1724 1804 satisfac-

86 1829 233 1863 tionem.
254 1827 302 1862 L't
318 1831 439 1862 autem
468 1828 548 1872 pius
566 1829 742 1863 Dominus
758 1828 832 1862 vim
861 1829 1064 1863 ostenderet
1092 1826 1336 1868 confessionis,
1361 1836 1445 1860 mox
1472 1827 1513 1859 ut
1540 1823 1726 1868 poenitens

86 1883 203 1927 coepit
220 1886 367 1926 peccata
384 1894 448 1917 sua
467 1884 644 1925 confiteri,
661 1884 779 1928 coepit
796 1887 831 1919 et
847 1884 925 1928 ipsa
942 1884 1174 1918 combustura
1191 1881 1228 1916 in
1245 1893 1356 1915 manu
1381 1879 1586 1915 confitentis
1602 1879 1725 1924 paula-

86 1939 150 1974 tim
168 1939 297 1973 minui.
319 1938 420 1980 Quae
443 1938 480 1972 in
506 1942 647 1973 tantum
664 1950 706 1973 eo
723 1938 919 1982 aspiciente
936 1938 1096 1973 decrevit
1112 1937 1150 1972 in
1168 1939 1343 1980 quantum
1361 1934 1536 1969 confessio
1561 1934 1724 1978 profecit.

86 1994 280 2029 Medietate
305 1994 538 2029 confessionis
562 1997 720 2038 peraeta,
739 1994 858 2029 media
883 2005 966 2038 pars
990 1994 1120 2038 plagae
1135 1997 1189 2028 est
1209 1995 1347 2027 sanata.
1368 1991 1417 2026 Ut
1441 1994 1562 2025 autem
1590 1991 1725 2025 confes-

86 2049 224 2084 sionem
242 2054 353 2084 totam
371 2049 574 2093 complevit,
594 2052 629 2084 et
654 2049 770 2083 virtus
792 2048 869 2092 ipsa
893 2047 1126 2083 consessionis
1141 2058 1284 2082 omnem
1301 2046 1570 2081 combusturam
1592 2047 1666 2079 tam
1688 2044 1727 2079 in

86 2102 209 2137 dolore
226 2114 334 2146 quam
351 2102 472 2137 colore
488 2102 620 2138 delevit
637 2105 671 2137 et
689 2113 817 2136 manus
834 2101 1025 2146 pristinam
1042 2100 1233 2136 sanitatem
1252 2100 1400 2144 recepit.

131 2157 289 2192 Vocatus
306 2159 358 2192 est
375 2157 433 2191 vir
449 2169 469 2192 a
488 2157 614 2201 judice
633 2158 678 2191 ad
697 2157 833 2202 ignem.
853 2157 908 2192 Ad
926 2168 1032 2201 quem
1050 2156 1224 2191 clericus:
1245 2171 1260 2183 ιι
1289 2155 1409 2196 Quare
1426 2166 1510 2190 eum
1526 2153 1682 2189 voeatis?
1708 2170 1724 2184 „

85 2232 129 2237 —
146 2227 161 2239 u
189 2212 237 2247 L't
267 2213 404 2253 ardeat,
433 2229 448 2241 „
481 2212 612 2255 inquit,
648 2228 663 2240 u
689 2224 732 2247 eo
769 2213 864 2256 quod
895 2211 934 2246 in
964 2211 1231 2247 examinatione
1259 2211 1467 2246 combustus
1493 2209 1550 2245 sit.
1580 2226 1595 2239 u
1622 2209 1726 2244 Tunc

87 2267 241 2302 clericus
258 2268 446 2303 ostendens
463 2279 612 2302 manum
629 2268 707 2303 eius
725 2268 954 2302 sanissimam
982 2267 1152 2302 liberavit
1176 2279 1259 2302 eum
1285 2279 1307 2301 a
1334 2266 1470 2311 poenis,
1489 2265 1618 2301 ceteris
1641 2265 1727 2310 igne

88 2323 296 2358 consumtis

437 2367 626 2402 Caesarius
685 2380 754 2402 van
803 2367 1052 2409 Heisterbaeh,
1108 2367 1292 2411 Dialoyus
1344 2365 1634 2407 miraculorum,
1667 2366 1723 2401 ed.

482 2423 649 2467 Strange,
668 2423 746 2457 decl
764 2422 791 2463 Ι,
808 2423 872 2457 blz.
894 2425 968 2458 132.
986 2441 1030 2447 -
1045 2423 1131 2458 Men
1156 2426 1257 2464 weet,
1285 2423 1347 2457 dat
1372 2420 1549 2456 Caesarius
1577 2420 1615 2455 in
1641 2421 1725 2455 1222

479 2479 638 2520 sehreef3
657 2478 807 2512 daarom
820 2478 949 2522 legden
963 2478 1022 2523 wij
1039 2478 1080 2523 zij
1088 2490 1131 2513 ne
1144 2477 1403 2523 tijdsbepaling
1420 2476 1523 2520 infra
1539 2475 1606 2510 hoc
1619 2477 1724 2520 quin,-

483 2534 689 2577 quennz'um
707 2532 761 2567 uit
777 2531 824 2576 bij
845 2531 979 2567 middel
992 2544 1062 2567 van
1079 2532 1278 2566 omsereeks
1298 2531 1394 2565 4217.

862 2644 944 2692 70.

153 2758 290 2805 1219.
314 2755 587 2812 September.
613 2755 852 2799 Uittreksel
877 2756 940 2799 uit
962 2756 1014 2798 de
1034 2755 1193 2798 beloste
1215 2755 1320 2798 door
1343 2755 1426 2798 den
1450 2755 1724 2799 Roomschen

87 2827 252 2884 koning
275 2827 485 2870 Frederik
509 2828 548 2870 11
582 2827 717 2870 onder
736 2828 840 2870 eede
862 2842 945 2871 aan
980 2842 1087 2884 paus
1105 2829 1323 2871 Honorius
1346 2829 1407 2871 III
1429 2829 1595 2886 geduan
1619 2843 1726 2872 over

88 2897 164 2942 het.
183 2897 395 2942 uitroeien
414 2897 492 2940 der
508 2897 703 2955 ketterij.
