<?xml version="1.0" encoding="UTF-8"?>
<!DOCTYPE html PUBLIC "-//W3C//DTD XHTML 1.0 Transitional//EN"
    "http://www.w3.org/TR/xhtml1/DTD/xhtml1-transitional.dtd">
<html xmlns="http://www.w3.org/1999/xhtml" xml:lang="en" lang="en">
 <head>
  <title>
</title>
<meta http-equiv="Content-Type" content="text/html;charset=utf-8" />
  <meta name='ocr-system' content='tesseract 3.04.00' />
  <meta name='ocr-capabilities' content='ocr_page ocr_carea ocr_par ocr_line ocrx_word'/>
</head>
<body>
  <div class='ocr_page' id='page_1' title='image "./corpusdocumentor01fruoft_0392.png"; bbox 0 0 2097 3466; ppageno 0'>
   <div class='ocr_carea' id='block_1_1' title="bbox 309 238 1257 407">
    <p class='ocr_par' dir='ltr' id='par_1_1' title="bbox 309 238 1257 407">
     <span class='ocr_line' id='line_1_1' title="bbox 309 238 1257 276; baseline -0.003 -1"><span class='ocrx_word' id='word_1_1' title='bbox 309 242 371 276; x_wconf 66' lang='lat'>34⁶2</span> <span class='ocrx_word' id='word_1_2' title='bbox 1000 238 1132 274; x_wconf 72' lang='lat' dir='ltr'>ANNO</span> <span class='ocrx_word' id='word_1_3' title='bbox 1159 240 1257 273; x_wconf 71' lang='lat'>1450</span> 
     </span>
     <span class='ocr_line' id='line_1_2' title="bbox 1070 363 1186 407; baseline 0.017 -2"><span class='ocrx_word' id='word_1_4' title='bbox 1070 363 1186 407; x_wconf 88' lang='lat'>301.</span> 
     </span>
    </p>
   </div>
   <div class='ocr_carea' id='block_1_2' title="bbox 302 489 1942 1156">
    <p class='ocr_par' dir='ltr' id='par_1_2' title="bbox 302 489 1942 1156">
     <span class='ocr_line' id='line_1_3' title="bbox 370 489 1942 547; baseline -0.001 -14"><span class='ocrx_word' id='word_1_5' title='bbox 370 490 506 538; x_wconf 68' lang='lat'><em>1459,</em></span> <span class='ocrx_word' id='word_1_6' title='bbox 543 489 791 545; x_wconf 74' lang='lat' dir='ltr'>Valenczjn.</span> <span class='ocrx_word' id='word_1_7' title='bbox 820 489 1000 532; x_wconf 86' lang='lat' dir='ltr'>Oordeel</span> <span class='ocrx_word' id='word_1_8' title='bbox 1026 503 1109 532; x_wconf 86' lang='lat' dir='ltr'>van</span> <span class='ocrx_word' id='word_1_9' title='bbox 1134 489 1494 547; x_wconf 72' lang='lat' dir='ltr'>KameriJkschen</span> <span class='ocrx_word' id='word_1_10' title='bbox 1516 490 1656 533; x_wconf 86' lang='lat' dir='ltr'>deken</span> <span class='ocrx_word' id='word_1_11' title='bbox 1688 489 1866 541; x_wconf 88' lang='lat' dir='ltr'>Carlier,</span> <span class='ocrx_word' id='word_1_12' title='bbox 1889 502 1942 545; x_wconf 92' lang='lat' dir='ltr'>op</span> 
     </span>
     <span class='ocr_line' id='line_1_4' title="bbox 303 560 1942 617; baseline 0.001 -15"><span class='ocrx_word' id='word_1_13' title='bbox 303 561 489 604; x_wconf 84' lang='lat' dir='ltr'>verzoek</span> <span class='ocrx_word' id='word_1_14' title='bbox 513 574 596 602; x_wconf 84' lang='lat' dir='ltr'>van</span> <span class='ocrx_word' id='word_1_15' title='bbox 622 560 704 603; x_wconf 88' lang='lat' dir='ltr'>den</span> <span class='ocrx_word' id='word_1_16' title='bbox 738 560 939 616; x_wconf 85' lang='lat' dir='ltr'>bissehop</span> <span class='ocrx_word' id='word_1_17' title='bbox 978 573 1063 602; x_wconf 84' lang='lat' dir='ltr'>van</span> <span class='ocrx_word' id='word_1_18' title='bbox 1102 561 1291 603; x_wconf 82' lang='lat' dir='ltr'>Atrecht</span> <span class='ocrx_word' id='word_1_19' title='bbox 1325 561 1618 617; x_wconf 84' lang='lat' dir='ltr'>uitgebracht,</span> <span class='ocrx_word' id='word_1_20' title='bbox 1646 575 1749 604; x_wconf 82' lang='lat' dir='ltr'>over</span> <span class='ocrx_word' id='word_1_21' title='bbox 1771 561 1822 604; x_wconf 94' lang='lat' dir='ltr'>de</span> <span class='ocrx_word' id='word_1_22' title='bbox 1844 573 1942 604; x_wconf 87' lang='lat' dir='ltr'>ver-</span> 
     </span>
     <span class='ocr_line' id='line_1_5' title="bbox 304 628 1942 686; baseline -0.001 -14"><span class='ocrx_word' id='word_1_23' title='bbox 304 629 458 673; x_wconf 80' lang='lat' dir='ltr'>dachte</span> <span class='ocrx_word' id='word_1_24' title='bbox 478 629 715 686; x_wconf 85' lang='lat' dir='ltr'>stellingen</span> <span class='ocrx_word' id='word_1_25' title='bbox 738 633 781 672; x_wconf 88' lang='lat' dir='ltr'>te</span> <span class='ocrx_word' id='word_1_26' title='bbox 800 631 838 671; x_wconf 87' lang='lat' dir='ltr'>V</span> <span class='ocrx_word' id='word_1_27' title='bbox 843 629 996 686; x_wconf 81' lang='lat' dir='ltr'>alencij</span> <span class='ocrx_word' id='word_1_28' title='bbox 1005 643 1029 670; x_wconf 89' lang='lat' dir='ltr'>n</span> <span class='ocrx_word' id='word_1_29' title='bbox 1054 628 1158 671; x_wconf 87' lang='lat' dir='ltr'>door</span> <span class='ocrx_word' id='word_1_30' title='bbox 1176 629 1259 672; x_wconf 87' lang='lat' dir='ltr'>den</span> <span class='ocrx_word' id='word_1_31' title='bbox 1278 630 1510 673; x_wconf 81' lang='lat' dir='ltr'>karmeliet</span> <span class='ocrx_word' id='word_1_32' title='bbox 1541 630 1709 674; x_wconf 81' lang='lat' dir='ltr'><strong>Hubert</strong></span> <span class='ocrx_word' id='word_1_33' title='bbox 1731 628 1942 672; x_wconf 87' lang='lat' dir='ltr'>Leonardi</span> 
     </span>
     <span class='ocr_line' id='line_1_6' title="bbox 305 697 1938 756; baseline 0.001 -17"><span class='ocrx_word' id='word_1_34' title='bbox 305 697 571 753; x_wconf 73' lang='lat' dir='ltr'>gespredikt.</span> <span class='ocrx_word' id='word_1_35' title='bbox 591 724 645 730; x_wconf 91' lang='lat'>—</span> <span class='ocrx_word' id='word_1_36' title='bbox 663 698 781 741; x_wconf 77' lang='lat' dir='ltr'>voor</span> <span class='ocrx_word' id='word_1_37' title='bbox 798 699 879 741; x_wconf 92' lang='lat' dir='ltr'>den</span> <span class='ocrx_word' id='word_1_38' title='bbox 903 699 1103 753; x_wconf 87' lang='lat' dir='ltr'>bisschop</span> <span class='ocrx_word' id='word_1_39' title='bbox 1122 713 1302 755; x_wconf 83' lang='lat' dir='ltr'>wegens</span> <span class='ocrx_word' id='word_1_40' title='bbox 1321 700 1432 756; x_wconf 85' lang='lat' dir='ltr'>zijne</span> <span class='ocrx_word' id='word_1_41' title='bbox 1456 714 1707 743; x_wconf 88' lang='lat' dir='ltr'>sermoenen</span> <span class='ocrx_word' id='word_1_42' title='bbox 1726 698 1938 756; x_wconf 85' lang='lat' dir='ltr'>gedaagd‚</span> 
     </span>
     <span class='ocr_line' id='line_1_7' title="bbox 306 766 1942 825; baseline 0.001 -17"><span class='ocrx_word' id='word_1_43' title='bbox 306 766 424 808; x_wconf 86' lang='lat' dir='ltr'>heeft</span> <span class='ocrx_word' id='word_1_44' title='bbox 447 767 497 809; x_wconf 91' lang='lat' dir='ltr'>de</span> <span class='ocrx_word' id='word_1_45' title='bbox 516 768 692 811; x_wconf 87' lang='lat' dir='ltr'>monnik</span> <span class='ocrx_word' id='word_1_46' title='bbox 718 782 795 810; x_wconf 90' lang='lat' dir='ltr'>een</span> <span class='ocrx_word' id='word_1_47' title='bbox 823 767 1088 824; x_wconf 79' lang='lat' dir='ltr'>schriftelijk</span> <span class='ocrx_word' id='word_1_48' title='bbox 1112 769 1344 810; x_wconf 85' lang='lat' dir='ltr'>antwoord</span> <span class='ocrx_word' id='word_1_49' title='bbox 1368 769 1596 825; x_wconf 84' lang='lat' dir='ltr'>ingediend</span> <span class='ocrx_word' id='word_1_50' title='bbox 1619 767 1873 825; x_wconf 83' lang='lat' dir='ltr'>aangaande</span> <span class='ocrx_word' id='word_1_51' title='bbox 1891 767 1942 810; x_wconf 93' lang='lat' dir='ltr'>de</span> 
     </span>
     <span class='ocr_line' id='line_1_8' title="bbox 303 836 1942 892; baseline 0.002 -17"><span class='ocrx_word' id='word_1_52' title='bbox 303 839 482 891; x_wconf 87' lang='lat' dir='ltr'>punten‚</span> <span class='ocrx_word' id='word_1_53' title='bbox 511 837 577 879; x_wconf 93' lang='lat' dir='ltr'>die</span> <span class='ocrx_word' id='word_1_54' title='bbox 603 837 701 879; x_wconf 89' lang='lat' dir='ltr'>hem</span> <span class='ocrx_word' id='word_1_55' title='bbox 726 840 799 879; x_wconf 89' lang='lat' dir='ltr'>ten</span> <span class='ocrx_word' id='word_1_56' title='bbox 837 837 950 879; x_wconf 85' lang='lat' dir='ltr'>laste</span> <span class='ocrx_word' id='word_1_57' title='bbox 972 836 1153 878; x_wconf 82' lang='lat' dir='ltr'>werden</span> <span class='ocrx_word' id='word_1_58' title='bbox 1193 836 1366 892; x_wconf 81' lang='lat' dir='ltr'>gelegd.</span> <span class='ocrx_word' id='word_1_59' title='bbox 1395 836 1562 880; x_wconf 87' lang='lat' dir='ltr'>Carlier</span> <span class='ocrx_word' id='word_1_60' title='bbox 1594 836 1855 880; x_wconf 88' lang='lat' dir='ltr'>onderzoekt</span> <span class='ocrx_word' id='word_1_61' title='bbox 1887 849 1942 878; x_wconf 92' lang='lat' dir='ltr'>en</span> 
     </span>
     <span class='ocr_line' id='line_1_9' title="bbox 302 904 1938 963; baseline -0.001 -16"><span class='ocrx_word' id='word_1_62' title='bbox 302 906 515 961; x_wconf 80' lang='lat' dir='ltr'>weerlegt</span> <span class='ocrx_word' id='word_1_63' title='bbox 537 907 623 963; x_wconf 85' lang='lat' dir='ltr'>zijn</span> <span class='ocrx_word' id='word_1_64' title='bbox 649 907 877 950; x_wconf 81' lang='lat' dir='ltr'>antweord</span> <span class='ocrx_word' id='word_1_65' title='bbox 915 921 967 962; x_wconf 87' lang='lat' dir='ltr'>op</span> <span class='ocrx_word' id='word_1_66' title='bbox 1004 906 1055 948; x_wconf 92' lang='lat' dir='ltr'>de</span> <span class='ocrx_word' id='word_1_67' title='bbox 1088 909 1397 948; x_wconf 77' lang='lat' dir='ltr'>voornaamste</span> <span class='ocrx_word' id='word_1_68' title='bbox 1441 906 1532 948; x_wconf 89' lang='lat' dir='ltr'>dier</span> <span class='ocrx_word' id='word_1_69' title='bbox 1576 909 1739 962; x_wconf 89' lang='lat' dir='ltr'>punten</span> <span class='ocrx_word' id='word_1_70' title='bbox 1783 919 1833 948; x_wconf 90' lang='lat' dir='ltr'>en</span> <span class='ocrx_word' id='word_1_71' title='bbox 1879 904 1938 961; x_wconf 91' lang='lat' dir='ltr'>hij</span> 
     </span>
     <span class='ocr_line' id='line_1_10' title="bbox 303 973 1942 1032; baseline 0 -15"><span class='ocrx_word' id='word_1_72' title='bbox 303 975 427 1018; x_wconf 85' lang='lat' dir='ltr'>raadt</span> <span class='ocrx_word' id='word_1_73' title='bbox 452 976 534 1018; x_wconf 92' lang='lat' dir='ltr'>den</span> <span class='ocrx_word' id='word_1_74' title='bbox 558 976 758 1032; x_wconf 83' lang='lat' dir='ltr'>hisschop</span> <span class='ocrx_word' id='word_1_75' title='bbox 783 991 863 1019; x_wconf 87' lang='lat' dir='ltr'>aan</span> <span class='ocrx_word' id='word_1_76' title='bbox 889 980 1022 1032; x_wconf 79' lang='lat' dir='ltr'>tegen</span> <span class='ocrx_word' id='word_1_77' title='bbox 1046 976 1127 1018; x_wconf 92' lang='lat' dir='ltr'>den</span> <span class='ocrx_word' id='word_1_78' title='bbox 1151 975 1385 1018; x_wconf 86' lang='lat' dir='ltr'>karmeliet</span> <span class='ocrx_word' id='word_1_79' title='bbox 1402 978 1491 1018; x_wconf 89' lang='lat' dir='ltr'>met</span> <span class='ocrx_word' id='word_1_80' title='bbox 1512 973 1881 1030; x_wconf 81' lang='lat' dir='ltr'>voorzichtigheid</span> <span class='ocrx_word' id='word_1_81' title='bbox 1898 976 1942 1017; x_wconf 90' lang='lat' dir='ltr'>te</span> 
     </span>
     <span class='ocr_line' id='line_1_11' title="bbox 304 1042 1942 1102; baseline -0.001 -16"><span class='ocrx_word' id='word_1_82' title='bbox 304 1044 535 1095; x_wconf 83' lang='lat' dir='ltr'>handelen,</span> <span class='ocrx_word' id='word_1_83' title='bbox 563 1045 714 1101; x_wconf 85' lang='lat' dir='ltr'>gezien</span> <span class='ocrx_word' id='word_1_84' title='bbox 739 1045 821 1088; x_wconf 92' lang='lat' dir='ltr'>den</span> <span class='ocrx_word' id='word_1_85' title='bbox 848 1045 1098 1102; x_wconf 86' lang='lat' dir='ltr'>moeilijken</span> <span class='ocrx_word' id='word_1_86' title='bbox 1122 1044 1217 1101; x_wconf 84' lang='lat' dir='ltr'>tijd‚</span> <span class='ocrx_word' id='word_1_87' title='bbox 1246 1044 1407 1086; x_wconf 86' lang='lat' dir='ltr'>zonder</span> <span class='ocrx_word' id='word_1_88' title='bbox 1429 1058 1508 1086; x_wconf 90' lang='lat' dir='ltr'>een</span> <span class='ocrx_word' id='word_1_89' title='bbox 1531 1043 1677 1086; x_wconf 82' lang='lat' dir='ltr'>nieuw</span> <span class='ocrx_word' id='word_1_90' title='bbox 1700 1042 1942 1086; x_wconf 86' lang='lat' dir='ltr'>onderzoek</span> 
     </span>
     <span class='ocr_line' id='line_1_12' title="bbox 303 1113 605 1156; baseline 0 -1"><span class='ocrx_word' id='word_1_91' title='bbox 303 1113 409 1156; x_wconf 90' lang='lat' dir='ltr'>inte</span> <span class='ocrx_word' id='word_1_92' title='bbox 433 1113 605 1156; x_wconf 87' lang='lat' dir='ltr'>stellen.</span> 
     </span>
    </p>
   </div>
   <div class='ocr_carea' id='block_1_3' title="bbox 300 1234 1948 2652">
    <p class='ocr_par' dir='ltr' id='par_1_3' title="bbox 302 1234 1941 1335">
     <span class='ocr_line' id='line_1_13' title="bbox 345 1234 1941 1282; baseline -0.001 -13"><span class='ocrx_word' id='word_1_93' title='bbox 345 1235 495 1279; x_wconf 76' lang='lat' dir='ltr'>[Contra</span> <span class='ocrx_word' id='word_1_94' title='bbox 521 1236 721 1280; x_wconf 74' lang='lat' dir='ltr'>quemdam</span> <span class='ocrx_word' id='word_1_95' title='bbox 748 1237 980 1270; x_wconf 69' lang='lat' dir='ltr'>carmelicam</span> <span class='ocrx_word' id='word_1_96' title='bbox 1007 1237 1184 1271; x_wconf 56' lang='lat' dir='ltr'>sedicio-se</span> <span class='ocrx_word' id='word_1_97' title='bbox 1211 1235 1467 1282; x_wconf 74' lang='lat' dir='ltr'>predicantem</span> <span class='ocrx_word' id='word_1_98' title='bbox 1490 1245 1601 1279; x_wconf 73' lang='lat' dir='ltr'>super</span> <span class='ocrx_word' id='word_1_99' title='bbox 1624 1236 1783 1269; x_wconf 74' lang='lat' dir='ltr'>materia</span> <span class='ocrx_word' id='word_1_100' title='bbox 1806 1234 1941 1278; x_wconf 78' lang='lat' dir='ltr'>confes-</span> 
     </span>
     <span class='ocr_line' id='line_1_14' title="bbox 302 1290 1432 1335; baseline 0.002 -12"><span class='ocrx_word' id='word_1_101' title='bbox 302 1290 432 1334; x_wconf 74' lang='lat' dir='ltr'>sionis]</span> <span class='ocrx_word' id='word_1_102' title='bbox 449 1291 494 1332; x_wconf 90' lang='lat' dir='ltr'>(l)</span> <span class='ocrx_word' id='word_1_103' title='bbox 511 1291 562 1324; x_wconf 73' lang='lat' dir='ltr'>acl</span> <span class='ocrx_word' id='word_1_104' title='bbox 580 1293 801 1325; x_wconf 70' lang='lat' dir='ltr'>instantiam</span> <span class='ocrx_word' id='word_1_105' title='bbox 817 1292 962 1325; x_wconf 71' lang='lat' dir='ltr'>domini</span> <span class='ocrx_word' id='word_1_106' title='bbox 980 1293 1243 1327; x_wconf 65' lang='lat' dir='ltr'>Auo-ebacensis</span> <span class='ocrx_word' id='word_1_107' title='bbox 1261 1293 1432 1335; x_wconf 76' lang='lat' dir='ltr'><em>episcopi.</em></span> 
     </span>
    </p>

    <p class='ocr_par' dir='ltr' id='par_1_4' title="bbox 300 1343 1947 2320">
     <span class='ocr_line' id='line_1_15' title="bbox 345 1343 1940 1390; baseline -0.001 -11"><span class='ocrx_word' id='word_1_108' title='bbox 345 1345 556 1380; x_wconf 80' lang='lat' dir='ltr'>Reuerende</span> <span class='ocrx_word' id='word_1_109' title='bbox 578 1345 615 1379; x_wconf 90' lang='lat' dir='ltr'>in</span> <span class='ocrx_word' id='word_1_110' title='bbox 635 1346 779 1381; x_wconf 82' lang='lat' dir='ltr'>Christo</span> <span class='ocrx_word' id='word_1_111' title='bbox 807 1349 908 1390; x_wconf 84' lang='lat' dir='ltr'>pater</span> <span class='ocrx_word' id='word_1_112' title='bbox 930 1350 965 1381; x_wconf 91' lang='lat' dir='ltr'>ct</span> <span class='ocrx_word' id='word_1_113' title='bbox 992 1347 1135 1382; x_wconf 87' lang='lat' dir='ltr'>domine</span> <span class='ocrx_word' id='word_1_114' title='bbox 1153 1345 1414 1386; x_wconf 84' lang='lat' dir='ltr'>colendissime,</span> <span class='ocrx_word' id='word_1_115' title='bbox 1433 1357 1515 1380; x_wconf 87' lang='grc'><strong>011111</strong></span> <span class='ocrx_word' id='word_1_116' title='bbox 1540 1346 1652 1380; x_wconf 88' lang='lat' dir='ltr'>fratre</span> <span class='ocrx_word' id='word_1_117' title='bbox 1675 1343 1837 1379; x_wconf 81' lang='lat' dir='ltr'>Huberto</span> <span class='ocrx_word' id='word_1_118' title='bbox 1854 1344 1940 1379; x_wconf 89' lang='lat' dir='ltr'>Leo-</span> 
     </span>
     <span class='ocr_line' id='line_1_16' title="bbox 301 1399 1942 1446; baseline -0.001 -12"><span class='ocrx_word' id='word_1_119' title='bbox 301 1401 417 1442; x_wconf 82' lang='lat' dir='ltr'>nardi,</span> <span class='ocrx_word' id='word_1_120' title='bbox 436 1400 573 1434; x_wconf 78' lang='lat' dir='ltr'>ordinis</span> <span class='ocrx_word' id='word_1_121' title='bbox 592 1401 694 1435; x_wconf 83' lang='lat' dir='ltr'>beate</span> <span class='ocrx_word' id='word_1_122' title='bbox 720 1401 838 1436; x_wconf 84' lang='lat' dir='ltr'>Marie</span> <span class='ocrx_word' id='word_1_123' title='bbox 854 1402 897 1436; x_wconf 90' lang='lat' dir='ltr'>de</span> <span class='ocrx_word' id='word_1_124' title='bbox 916 1402 1092 1442; x_wconf 81' lang='lat' dir='ltr'>Carinelo,</span> <span class='ocrx_word' id='word_1_125' title='bbox 1113 1401 1381 1446; x_wconf 88' lang='lat' dir='ltr'>procedendum</span> <span class='ocrx_word' id='word_1_126' title='bbox 1399 1400 1541 1435; x_wconf 87' lang='lat' dir='ltr'>videtur</span> <span class='ocrx_word' id='word_1_127' title='bbox 1565 1411 1647 1434; x_wconf 88' lang='lat' dir='ltr'>cum</span> <span class='ocrx_word' id='word_1_128' title='bbox 1663 1399 1757 1434; x_wconf 89' lang='lat' dir='ltr'>bono</span> <span class='ocrx_word' id='word_1_129' title='bbox 1781 1399 1942 1433; x_wconf 85' lang='lat' dir='ltr'>modera-</span> 
     </span>
     <span class='ocr_line' id='line_1_17' title="bbox 300 1454 1944 1501; baseline -0.001 -11"><span class='ocrx_word' id='word_1_130' title='bbox 300 1456 408 1496; x_wconf 85' lang='lat' dir='ltr'>mine,</span> <span class='ocrx_word' id='word_1_131' title='bbox 439 1460 575 1490; x_wconf 81' lang='lat' dir='ltr'>attcnto</span> <span class='ocrx_word' id='word_1_132' title='bbox 605 1457 700 1500; x_wconf 82' lang='lat' dir='ltr'>quod</span> <span class='ocrx_word' id='word_1_133' title='bbox 734 1456 943 1491; x_wconf 76' lang='lat' dir='ltr'>informatio</span> <span class='ocrx_word' id='word_1_134' title='bbox 975 1457 1225 1501; x_wconf 84' lang='lat' dir='ltr'>preparatoria</span> <span class='ocrx_word' id='word_1_135' title='bbox 1254 1468 1325 1490; x_wconf 88' lang='lat' dir='ltr'>non</span> <span class='ocrx_word' id='word_1_136' title='bbox 1356 1456 1512 1490; x_wconf 83' lang='lat' dir='ltr'>habetur</span> <span class='ocrx_word' id='word_1_137' title='bbox 1538 1457 1573 1490; x_wconf 90' lang='lat' dir='ltr'>et</span> <span class='ocrx_word' id='word_1_138' title='bbox 1602 1454 1795 1489; x_wconf 87' lang='lat' dir='ltr'>iuridicam</span> <span class='ocrx_word' id='word_1_139' title='bbox 1826 1455 1944 1489; x_wconf 87' lang='lat' dir='ltr'>facere</span> 
     </span>
     <span class='ocr_line' id='line_1_18' title="bbox 300 1509 1946 1555; baseline -0.001 -11"><span class='ocrx_word' id='word_1_140' title='bbox 300 1510 446 1545; x_wconf 84' lang='lat' dir='ltr'>difficile</span> <span class='ocrx_word' id='word_1_141' title='bbox 476 1513 527 1544; x_wconf 74' lang='lat' dir='ltr'>cst</span> <span class='ocrx_word' id='word_1_142' title='bbox 556 1513 702 1554; x_wconf 80' lang='lat' dir='ltr'>propter</span> <span class='ocrx_word' id='word_1_143' title='bbox 729 1512 901 1554; x_wconf 86' lang='lat' dir='ltr'>temporis</span> <span class='ocrx_word' id='word_1_144' title='bbox 929 1511 1197 1555; x_wconf 75' lang='lat' dir='ltr'>perplixitatem</span> <span class='ocrx_word' id='word_1_145' title='bbox 1226 1514 1261 1546; x_wconf 88' lang='lat' dir='ltr'>et</span> <span class='ocrx_word' id='word_1_146' title='bbox 1286 1510 1498 1545; x_wconf 79' lang='lat' dir='ltr'>labilitatem</span> <span class='ocrx_word' id='word_1_147' title='bbox 1527 1510 1684 1544; x_wconf 87' lang='lat' dir='ltr'>humane</span> <span class='ocrx_word' id='word_1_148' title='bbox 1706 1509 1879 1544; x_wconf 86' lang='lat' dir='ltr'>memorie</span> <span class='ocrx_word' id='word_1_149' title='bbox 1902 1520 1946 1543; x_wconf 90' lang='lat' dir='ltr'>ac</span> 
     </span>
     <span class='ocr_line' id='line_1_19' title="bbox 301 1563 1947 1610; baseline -0.001 -11"><span class='ocrx_word' id='word_1_150' title='bbox 301 1568 447 1609; x_wconf 88' lang='lat' dir='ltr'>propter</span> <span class='ocrx_word' id='word_1_151' title='bbox 473 1564 785 1600; x_wconf 66' lang='lat' dir='ltr'>circumstantiam</span> <span class='ocrx_word' id='word_1_152' title='bbox 811 1577 960 1609; x_wconf 76' lang='lat' dir='ltr'>persone</span> <span class='ocrx_word' id='word_1_153' title='bbox 984 1570 1019 1600; x_wconf 89' lang='lat' dir='ltr'>et</span> <span class='ocrx_word' id='word_1_154' title='bbox 1043 1567 1211 1610; x_wconf 84' lang='lat' dir='ltr'>gradum,</span> <span class='ocrx_word' id='word_1_155' title='bbox 1231 1568 1376 1600; x_wconf 86' lang='lat' dir='ltr'>seruata</span> <span class='ocrx_word' id='word_1_156' title='bbox 1403 1568 1524 1599; x_wconf 88' lang='lat' dir='ltr'>tamen</span> <span class='ocrx_word' id='word_1_157' title='bbox 1551 1565 1589 1599; x_wconf 89' lang='lat' dir='ltr'>in</span> <span class='ocrx_word' id='word_1_158' title='bbox 1613 1564 1780 1599; x_wconf 87' lang='lat' dir='ltr'>omnibus</span> <span class='ocrx_word' id='word_1_159' title='bbox 1795 1563 1947 1598; x_wconf 84' lang='lat' dir='ltr'>veritate</span> 
     </span>
     <span class='ocr_line' id='line_1_20' title="bbox 302 1619 1946 1662; baseline -0.002 -7"><span class='ocrx_word' id='word_1_160' title='bbox 302 1619 482 1655; x_wconf 80' lang='lat' dir='ltr'>catholica</span> <span class='ocrx_word' id='word_1_161' title='bbox 499 1624 533 1654; x_wconf 86' lang='lat' dir='ltr'>ct</span> <span class='ocrx_word' id='word_1_162' title='bbox 557 1620 739 1655; x_wconf 70' lang='lat' dir='ltr'>essentiali</span> <span class='ocrx_word' id='word_1_163' title='bbox 758 1619 965 1655; x_wconf 80' lang='lat' dir='ltr'>iherarchia</span> <span class='ocrx_word' id='word_1_164' title='bbox 991 1632 1012 1654; x_wconf 90' lang='grc'><strong>3</strong></span> <span class='ocrx_word' id='word_1_165' title='bbox 1030 1621 1173 1656; x_wconf 81' lang='lat' dir='ltr'>Christo</span> <span class='ocrx_word' id='word_1_166' title='bbox 1198 1620 1365 1655; x_wconf 89' lang='lat' dir='ltr'>instituta</span> <span class='ocrx_word' id='word_1_167' title='bbox 1382 1619 1670 1655; x_wconf 77' lang='lat' dir='ltr'>ordinationibus</span> <span class='ocrx_word' id='word_1_168' title='bbox 1688 1630 1830 1662; x_wconf 84' lang='lat' dir='ltr'>quoque</span> <span class='ocrx_word' id='word_1_169' title='bbox 1846 1630 1946 1662; x_wconf 84' lang='lat' dir='ltr'>apos-</span> 
     </span>
     <span class='ocr_line' id='line_1_21' title="bbox 301 1672 1945 1718; baseline -0.001 -9"><span class='ocrx_word' id='word_1_170' title='bbox 301 1674 432 1715; x_wconf 84' lang='lat' dir='ltr'>tolicis,</span> <span class='ocrx_word' id='word_1_171' title='bbox 453 1686 564 1708; x_wconf 89' lang='lat' dir='ltr'>unum</span> <span class='ocrx_word' id='word_1_172' title='bbox 593 1686 701 1718; x_wconf 80' lang='lat' dir='ltr'>super</span> <span class='ocrx_word' id='word_1_173' title='bbox 728 1674 1022 1718; x_wconf 75' lang='lat' dir='ltr'>responsionibus</span> <span class='ocrx_word' id='word_1_174' title='bbox 1047 1675 1120 1709; x_wconf 86' lang='lat' dir='ltr'>suis</span> <span class='ocrx_word' id='word_1_175' title='bbox 1146 1674 1341 1709; x_wconf 87' lang='lat' dir='ltr'>nouissime</span> <span class='ocrx_word' id='word_1_176' title='bbox 1365 1677 1504 1709; x_wconf 81' lang='lat' dir='ltr'>vestrae</span> <span class='ocrx_word' id='word_1_177' title='bbox 1531 1675 1752 1709; x_wconf 87' lang='lat' dir='ltr'>reuerendae</span> <span class='ocrx_word' id='word_1_178' title='bbox 1779 1672 1945 1718; x_wconf 76' lang='lat' dir='ltr'>potestati</span> 
     </span>
     <span class='ocr_line' id='line_1_22' title="bbox 301 1728 1946 1773; baseline 0 -10"><span class='ocrx_word' id='word_1_179' title='bbox 301 1730 393 1764; x_wconf 79' lang='lat' dir='ltr'>datis</span> <span class='ocrx_word' id='word_1_180' title='bbox 411 1730 461 1763; x_wconf 76' lang='grc'>510</span> <span class='ocrx_word' id='word_1_181' title='bbox 479 1730 661 1773; x_wconf 80' lang='lat' dir='ltr'>agendum</span> <span class='ocrx_word' id='word_1_182' title='bbox 680 1730 913 1771; x_wconf 84' lang='lat' dir='ltr'>consulimus,</span> <span class='ocrx_word' id='word_1_183' title='bbox 934 1742 1023 1773; x_wconf 82' lang='lat' dir='ltr'>quas</span> <span class='ocrx_word' id='word_1_184' title='bbox 1039 1729 1172 1773; x_wconf 87' lang='lat' dir='ltr'>scripto</span> <span class='ocrx_word' id='word_1_185' title='bbox 1190 1729 1287 1764; x_wconf 82' lang='lat' dir='ltr'>dedit</span> <span class='ocrx_word' id='word_1_186' title='bbox 1311 1729 1439 1770; x_wconf 88' lang='lat' dir='ltr'>eidem,</span> <span class='ocrx_word' id='word_1_187' title='bbox 1458 1741 1522 1773; x_wconf 88' lang='lat' dir='ltr'>per</span> <span class='ocrx_word' id='word_1_188' title='bbox 1545 1741 1645 1772; x_wconf 84' lang='lat' dir='ltr'>quas,</span> <span class='ocrx_word' id='word_1_189' title='bbox 1666 1731 1705 1764; x_wconf 91' lang='lat' dir='ltr'>ut</span> <span class='ocrx_word' id='word_1_190' title='bbox 1720 1728 1838 1773; x_wconf 87' lang='lat' dir='ltr'>prima</span> <span class='ocrx_word' id='word_1_191' title='bbox 1853 1728 1946 1763; x_wconf 85' lang='lat' dir='ltr'>facie</span> 
     </span>
     <span class='ocr_line' id='line_1_23' title="bbox 301 1783 1944 1828; baseline 0.001 -11"><span class='ocrx_word' id='word_1_192' title='bbox 301 1787 460 1828; x_wconf 82' lang='lat' dir='ltr'>apparet,</span> <span class='ocrx_word' id='word_1_193' title='bbox 489 1784 701 1828; x_wconf 82' lang='lat' dir='ltr'>magnificat</span> <span class='ocrx_word' id='word_1_194' title='bbox 718 1785 930 1818; x_wconf 77' lang='lat' dir='ltr'>facultatem</span> <span class='ocrx_word' id='word_1_195' title='bbox 948 1783 1233 1819; x_wconf 82' lang='lat' dir='ltr'>mendicantium</span> <span class='ocrx_word' id='word_1_196' title='bbox 1250 1785 1448 1828; x_wconf 83' lang='lat' dir='ltr'>dyoceseno</span> <span class='ocrx_word' id='word_1_197' title='bbox 1465 1786 1529 1818; x_wconf 85' lang='lat' dir='ltr'>aut</span> <span class='ocrx_word' id='word_1_198' title='bbox 1551 1783 1625 1818; x_wconf 89' lang='lat' dir='ltr'>suis</span> <span class='ocrx_word' id='word_1_199' title='bbox 1640 1783 1786 1826; x_wconf 87' lang='lat' dir='ltr'>vicarijs</span> <span class='ocrx_word' id='word_1_200' title='bbox 1802 1795 1944 1828; x_wconf 86' lang='lat' dir='ltr'>presen-</span> 
     </span>
     <span class='ocr_line' id='line_1_24' title="bbox 301 1837 1945 1882; baseline 0.001 -10"><span class='ocrx_word' id='word_1_201' title='bbox 301 1842 459 1873; x_wconf 82' lang='lat' dir='ltr'>tatorum</span> <span class='ocrx_word' id='word_1_202' title='bbox 477 1839 514 1872; x_wconf 93' lang='lat' dir='ltr'>in</span> <span class='ocrx_word' id='word_1_203' title='bbox 533 1839 767 1873; x_wconf 84' lang='lat' dir='ltr'>confessionis</span> <span class='ocrx_word' id='word_1_204' title='bbox 785 1838 976 1873; x_wconf 89' lang='lat' dir='ltr'>audiendis</span> <span class='ocrx_word' id='word_1_205' title='bbox 992 1839 1110 1882; x_wconf 81' lang='lat' dir='ltr'>quoad</span> <span class='ocrx_word' id='word_1_206' title='bbox 1127 1838 1262 1882; x_wconf 85' lang='lat' dir='ltr'>aliqua,</span> <span class='ocrx_word' id='word_1_207' title='bbox 1280 1842 1315 1874; x_wconf 89' lang='lat' dir='ltr'>et</span> <span class='ocrx_word' id='word_1_208' title='bbox 1338 1842 1433 1873; x_wconf 89' lang='lat' dir='ltr'>tacet</span> <span class='ocrx_word' id='word_1_209' title='bbox 1456 1842 1519 1873; x_wconf 86' lang='lat' dir='ltr'>aut</span> <span class='ocrx_word' id='word_1_210' title='bbox 1535 1838 1668 1873; x_wconf 88' lang='lat' dir='ltr'>minuit</span> <span class='ocrx_word' id='word_1_211' title='bbox 1691 1837 1945 1873; x_wconf 87' lang='lat' dir='ltr'>auctoritatem</span> 
     </span>
     <span class='ocr_line' id='line_1_25' title="bbox 301 1891 1946 1935; baseline 0 -9"><span class='ocrx_word' id='word_1_212' title='bbox 301 1894 527 1928; x_wconf 67' lang='lat' dir='ltr'>sacerdotum</span> <span class='ocrx_word' id='word_1_213' title='bbox 545 1905 669 1927; x_wconf 82' lang='lat' dir='ltr'>curam</span> <span class='ocrx_word' id='word_1_214' title='bbox 688 1892 896 1927; x_wconf 85' lang='lat' dir='ltr'>animarum</span> <span class='ocrx_word' id='word_1_215' title='bbox 914 1893 1150 1935; x_wconf 79' lang='lat' dir='ltr'>habentium3</span> <span class='ocrx_word' id='word_1_216' title='bbox 1170 1904 1251 1927; x_wconf 91' lang='lat' dir='ltr'>cum</span> <span class='ocrx_word' id='word_1_217' title='bbox 1266 1896 1392 1927; x_wconf 84' lang='lat' dir='ltr'>contra</span> <span class='ocrx_word' id='word_1_218' title='bbox 1415 1893 1479 1927; x_wconf 89' lang='lat' dir='ltr'>illa</span> <span class='ocrx_word' id='word_1_219' title='bbox 1502 1892 1639 1928; x_wconf 83' lang='lat' dir='ltr'>scilicet</span> <span class='ocrx_word' id='word_1_220' title='bbox 1662 1891 1946 1927; x_wconf 82' lang='lat' dir='ltr'>mendicantium</span> 
     </span>
     <span class='ocr_line' id='line_1_26' title="bbox 301 1946 1946 1991; baseline -0.001 -10"><span class='ocrx_word' id='word_1_221' title='bbox 301 1950 440 1982; x_wconf 89' lang='lat' dir='ltr'>tantum</span> <span class='ocrx_word' id='word_1_222' title='bbox 459 1948 505 1982; x_wconf 78' lang='lat' dir='ltr'>sit</span> <span class='ocrx_word' id='word_1_223' title='bbox 533 1960 553 1981; x_wconf 87' lang='lat' dir='ltr'>a</span> <span class='ocrx_word' id='word_1_224' title='bbox 583 1949 664 1982; x_wconf 79' lang='lat' dir='ltr'>sede</span> <span class='ocrx_word' id='word_1_225' title='bbox 691 1947 889 1991; x_wconf 81' lang='lat' dir='ltr'>apostolica</span> <span class='ocrx_word' id='word_1_226' title='bbox 906 1958 1077 1981; x_wconf 83' lang='lat' dir='ltr'>concessa</span> <span class='ocrx_word' id='word_1_227' title='bbox 1105 1950 1140 1982; x_wconf 91' lang='lat' dir='ltr'>et</span> <span class='ocrx_word' id='word_1_228' title='bbox 1170 1950 1286 1990; x_wconf 88' lang='lat' dir='ltr'>potest</span> <span class='ocrx_word' id='word_1_229' title='bbox 1303 1947 1480 1988; x_wconf 81' lang='lat' dir='ltr'>reuocari,</span> <span class='ocrx_word' id='word_1_230' title='bbox 1500 1947 1568 1982; x_wconf 85' lang='lat' dir='ltr'>ista</span> <span class='ocrx_word' id='word_1_231' title='bbox 1583 1946 1722 1982; x_wconf 87' lang='lat' dir='ltr'>scilicet</span> <span class='ocrx_word' id='word_1_232' title='bbox 1737 1949 1946 1982; x_wconf 86' lang='lat' dir='ltr'>curatorum</span> 
     </span>
     <span class='ocr_line' id='line_1_27' title="bbox 300 2001 1946 2043; baseline -0.001 -6"><span class='ocrx_word' id='word_1_233' title='bbox 300 2006 351 2037; x_wconf 80' lang='lat' dir='ltr'>est</span> <span class='ocrx_word' id='word_1_234' title='bbox 368 2014 389 2036; x_wconf 85' lang='lat' dir='ltr'>a</span> <span class='ocrx_word' id='word_1_235' title='bbox 408 2002 552 2037; x_wconf 78' lang='lat' dir='ltr'>Christo</span> <span class='ocrx_word' id='word_1_236' title='bbox 570 2002 748 2042; x_wconf 72' lang='lat' dir='ltr'>instituta,</span> <span class='ocrx_word' id='word_1_237' title='bbox 768 2002 833 2036; x_wconf 90' lang='lat' dir='ltr'>illa</span> <span class='ocrx_word' id='word_1_238' title='bbox 849 2014 892 2037; x_wconf 76' lang='lat' dir='ltr'>ex</span> <span class='ocrx_word' id='word_1_239' title='bbox 909 2001 1039 2036; x_wconf 84' lang='lat' dir='ltr'>ordine</span> <span class='ocrx_word' id='word_1_240' title='bbox 1056 2001 1213 2043; x_wconf 88' lang='lat' dir='ltr'>facticio,</span> <span class='ocrx_word' id='word_1_241' title='bbox 1241 2001 1310 2036; x_wconf 84' lang='lat' dir='ltr'>ista</span> <span class='ocrx_word' id='word_1_242' title='bbox 1334 2013 1377 2036; x_wconf 80' lang='lat' dir='ltr'>ex</span> <span class='ocrx_word' id='word_1_243' title='bbox 1401 2001 1527 2036; x_wconf 86' lang='lat' dir='ltr'>ordine</span> <span class='ocrx_word' id='word_1_244' title='bbox 1551 2005 1586 2037; x_wconf 87' lang='lat' dir='ltr'>et</span> <span class='ocrx_word' id='word_1_245' title='bbox 1609 2001 1816 2036; x_wconf 87' lang='lat' dir='ltr'>iherarchia</span> <span class='ocrx_word' id='word_1_246' title='bbox 1831 2012 1946 2036; x_wconf 88' lang='lat' dir='ltr'>essen-</span> 
     </span>
     <span class='ocr_line' id='line_1_28' title="bbox 301 2055 1946 2100; baseline -0.001 -10"><span class='ocrx_word' id='word_1_247' title='bbox 301 2057 403 2099; x_wconf 77' lang='lat' dir='ltr'>tiali3</span> <span class='ocrx_word' id='word_1_248' title='bbox 435 2056 498 2090; x_wconf 83' lang='lat' dir='ltr'>illa</span> <span class='ocrx_word' id='word_1_249' title='bbox 522 2057 628 2091; x_wconf 82' lang='lat' dir='ltr'>facile</span> <span class='ocrx_word' id='word_1_250' title='bbox 653 2056 854 2096; x_wconf 73' lang='lat' dir='ltr'>mutabilis⁵</span> <span class='ocrx_word' id='word_1_251' title='bbox 885 2056 953 2091; x_wconf 82' lang='lat' dir='ltr'>ista</span> <span class='ocrx_word' id='word_1_252' title='bbox 978 2068 1091 2100; x_wconf 83' lang='lat' dir='ltr'>usque</span> <span class='ocrx_word' id='word_1_253' title='bbox 1116 2056 1161 2090; x_wconf 85' lang='lat' dir='ltr'>ad</span> <span class='ocrx_word' id='word_1_254' title='bbox 1192 2057 1300 2090; x_wconf 87' lang='lat' dir='ltr'>finem</span> <span class='ocrx_word' id='word_1_255' title='bbox 1329 2057 1440 2091; x_wconf 85' lang='lat' dir='ltr'>seculi</span> <span class='ocrx_word' id='word_1_256' title='bbox 1469 2057 1668 2099; x_wconf 77' lang='lat' dir='ltr'>duratura3</span> <span class='ocrx_word' id='word_1_257' title='bbox 1701 2059 1825 2091; x_wconf 85' lang='lat' dir='ltr'>eterna</span> <span class='ocrx_word' id='word_1_258' title='bbox 1850 2055 1946 2090; x_wconf 90' lang='lat' dir='ltr'>enim</span> 
     </span>
     <span class='ocr_line' id='line_1_29' title="bbox 301 2111 1946 2156; baseline 0.001 -11"><span class='ocrx_word' id='word_1_259' title='bbox 301 2111 495 2155; x_wconf 71' lang='lat' dir='ltr'>sapiencia,</span> <span class='ocrx_word' id='word_1_260' title='bbox 515 2112 575 2155; x_wconf 82' lang='lat' dir='ltr'>qui</span> <span class='ocrx_word' id='word_1_261' title='bbox 594 2113 743 2147; x_wconf 73' lang='lat' dir='ltr'>verbum</span> <span class='ocrx_word' id='word_1_262' title='bbox 759 2114 795 2146; x_wconf 87' lang='lat' dir='ltr'>et</span> <span class='ocrx_word' id='word_1_263' title='bbox 814 2112 908 2145; x_wconf 89' lang='lat' dir='ltr'>Deus</span> <span class='ocrx_word' id='word_1_264' title='bbox 923 2114 988 2152; x_wconf 88' lang='lat' dir='ltr'>est,</span> <span class='ocrx_word' id='word_1_265' title='bbox 1007 2111 1097 2146; x_wconf 87' lang='lat' dir='ltr'>dicit</span> <span class='ocrx_word' id='word_1_266' title='bbox 1113 2123 1119 2145; x_wconf 89' lang='lat'>:</span> <span class='ocrx_word' id='word_1_267' title='bbox 1149 2126 1164 2138; x_wconf 64' lang='grc' dir='ltr'>ιι</span> <span class='ocrx_word' id='word_1_268' title='bbox 1185 2112 1263 2156; x_wconf 86' lang='lat' dir='ltr'>Ego</span> <span class='ocrx_word' id='word_1_269' title='bbox 1281 2112 1376 2146; x_wconf 88' lang='lat' dir='ltr'>Deus</span> <span class='ocrx_word' id='word_1_270' title='bbox 1393 2115 1428 2146; x_wconf 85' lang='lat' dir='ltr'>et</span> <span class='ocrx_word' id='word_1_271' title='bbox 1444 2124 1516 2147; x_wconf 90' lang='lat' dir='ltr'>non</span> <span class='ocrx_word' id='word_1_272' title='bbox 1539 2115 1682 2155; x_wconf 80' lang='lat' dir='ltr'>mutor3</span> <span class='ocrx_word' id='word_1_273' title='bbox 1703 2128 1718 2141; x_wconf 88' lang='lat'>„</span> <span class='ocrx_word' id='word_1_274' title='bbox 1744 2111 1808 2146; x_wconf 89' lang='lat' dir='ltr'>illa</span> <span class='ocrx_word' id='word_1_275' title='bbox 1822 2111 1946 2146; x_wconf 88' lang='lat' dir='ltr'>multis</span> 
     </span>
     <span class='ocr_line' id='line_1_30' title="bbox 302 2166 1947 2210; baseline 0.001 -10"><span class='ocrx_word' id='word_1_276' title='bbox 302 2178 480 2200; x_wconf 82' lang='lat' dir='ltr'>annorum</span> <span class='ocrx_word' id='word_1_277' title='bbox 506 2166 698 2200; x_wconf 85' lang='lat' dir='ltr'>curriculis</span> <span class='ocrx_word' id='word_1_278' title='bbox 727 2169 806 2210; x_wconf 86' lang='lat' dir='ltr'>post</span> <span class='ocrx_word' id='word_1_279' title='bbox 823 2167 974 2201; x_wconf 85' lang='lat' dir='ltr'>verbum</span> <span class='ocrx_word' id='word_1_280' title='bbox 991 2166 1222 2201; x_wconf 83' lang='lat' dir='ltr'>incarnatum</span> <span class='ocrx_word' id='word_1_281' title='bbox 1237 2169 1272 2201; x_wconf 91' lang='lat' dir='ltr'>et</span> <span class='ocrx_word' id='word_1_282' title='bbox 1289 2178 1445 2210; x_wconf 82' lang='lat' dir='ltr'>passum,</span> <span class='ocrx_word' id='word_1_283' title='bbox 1463 2167 1527 2201; x_wconf 87' lang='lat' dir='ltr'>illa</span> <span class='ocrx_word' id='word_1_284' title='bbox 1543 2168 1587 2202; x_wconf 90' lang='lat' dir='ltr'>ab</span> <span class='ocrx_word' id='word_1_285' title='bbox 1604 2166 1752 2202; x_wconf 78' lang='lat' dir='ltr'>exordio</span> <span class='ocrx_word' id='word_1_286' title='bbox 1768 2166 1947 2201; x_wconf 85' lang='lat' dir='ltr'>nascentis</span> 
     </span>
     <span class='ocr_line' id='line_1_31' title="bbox 301 2220 1946 2266; baseline 0 -11"><span class='ocrx_word' id='word_1_287' title='bbox 301 2221 450 2255; x_wconf 74' lang='lat' dir='ltr'>ecclesie</span> <span class='ocrx_word' id='word_1_288' title='bbox 475 2221 641 2255; x_wconf 75' lang='lat' dir='ltr'>instituta</span> <span class='ocrx_word' id='word_1_289' title='bbox 671 2224 734 2262; x_wconf 83' lang='lat' dir='ltr'>est,</span> <span class='ocrx_word' id='word_1_290' title='bbox 763 2233 843 2255; x_wconf 87' lang='grc'><strong>011111</strong></span> <span class='ocrx_word' id='word_1_291' title='bbox 863 2220 1038 2255; x_wconf 85' lang='lat' dir='ltr'>Dominus</span> <span class='ocrx_word' id='word_1_292' title='bbox 1063 2220 1175 2265; x_wconf 85' lang='lat' dir='ltr'>elegit</span> <span class='ocrx_word' id='word_1_293' title='bbox 1205 2223 1245 2255; x_wconf 78' lang='lat'>12</span> <span class='ocrx_word' id='word_1_294' title='bbox 1263 2222 1442 2264; x_wconf 86' lang='lat' dir='ltr'>apostolos</span> <span class='ocrx_word' id='word_1_295' title='bbox 1465 2224 1499 2256; x_wconf 93' lang='lat' dir='ltr'>et</span> <span class='ocrx_word' id='word_1_296' title='bbox 1523 2223 1563 2255; x_wconf 76' lang='lat'>72</span> <span class='ocrx_word' id='word_1_297' title='bbox 1591 2221 1798 2266; x_wconf 84' lang='lat' dir='ltr'>discipulos,</span> <span class='ocrx_word' id='word_1_298' title='bbox 1816 2221 1946 2265; x_wconf 86' lang='lat' dir='ltr'>quibus</span> 
     </span>
     <span class='ocr_line' id='line_1_32' title="bbox 301 2275 1642 2320; baseline 0.001 -11"><span class='ocrx_word' id='word_1_299' title='bbox 301 2275 439 2310; x_wconf 82' lang='lat' dir='ltr'>scilicet</span> <span class='ocrx_word' id='word_1_300' title='bbox 456 2276 627 2319; x_wconf 81' lang='lat' dir='ltr'>apostolis</span> <span class='ocrx_word' id='word_1_301' title='bbox 645 2276 845 2310; x_wconf 76' lang='lat' dir='ltr'>succedunt</span> <span class='ocrx_word' id='word_1_302' title='bbox 862 2275 1018 2320; x_wconf 84' lang='lat' dir='ltr'>episcopi</span> <span class='ocrx_word' id='word_1_303' title='bbox 1037 2278 1073 2311; x_wconf 91' lang='lat' dir='ltr'>et</span> <span class='ocrx_word' id='word_1_304' title='bbox 1089 2275 1280 2320; x_wconf 86' lang='lat' dir='ltr'>discipulis</span> <span class='ocrx_word' id='word_1_305' title='bbox 1295 2277 1497 2311; x_wconf 82' lang='lat' dir='ltr'>sacerdotes</span> <span class='ocrx_word' id='word_1_306' title='bbox 1512 2277 1642 2311; x_wconf 87' lang='lat' dir='ltr'>curati.</span> 
     </span>
    </p>

    <p class='ocr_par' dir='ltr' id='par_1_5' title="bbox 303 2329 1948 2488">
     <span class='ocr_line' id='line_1_33' title="bbox 346 2329 1948 2376; baseline -0.002 -10"><span class='ocrx_word' id='word_1_307' title='bbox 346 2332 494 2366; x_wconf 85' lang='lat' dir='ltr'>Delatus</span> <span class='ocrx_word' id='word_1_308' title='bbox 526 2331 641 2375; x_wconf 84' lang='lat' dir='ltr'>igitur</span> <span class='ocrx_word' id='word_1_309' title='bbox 672 2332 786 2366; x_wconf 84' lang='lat' dir='ltr'>frater</span> <span class='ocrx_word' id='word_1_310' title='bbox 817 2334 1037 2366; x_wconf 84' lang='lat' dir='ltr'>memoratus</span> <span class='ocrx_word' id='word_1_311' title='bbox 1077 2343 1199 2366; x_wconf 88' lang='lat' dir='ltr'>coram</span> <span class='ocrx_word' id='word_1_312' title='bbox 1244 2335 1476 2376; x_wconf 87' lang='lat' dir='ltr'>conspectum</span> <span class='ocrx_word' id='word_1_313' title='bbox 1514 2331 1734 2366; x_wconf 87' lang='lat' dir='ltr'>reuerendae</span> <span class='ocrx_word' id='word_1_314' title='bbox 1764 2329 1948 2375; x_wconf 86' lang='lat' dir='ltr'>potestatis</span> 
     </span>
     <span class='ocr_line' id='line_1_34' title="bbox 303 2386 1946 2432; baseline 0.001 -14"><span class='ocrx_word' id='word_1_315' title='bbox 303 2390 440 2421; x_wconf 73' lang='lat' dir='ltr'>vestrae</span> <span class='ocrx_word' id='word_1_316' title='bbox 459 2398 566 2429; x_wconf 81' lang='lat' dir='ltr'>super</span> <span class='ocrx_word' id='word_1_317' title='bbox 583 2387 690 2421; x_wconf 85' lang='lat' dir='ltr'>certis</span> <span class='ocrx_word' id='word_1_318' title='bbox 715 2387 1024 2430; x_wconf 82' lang='lat' dir='ltr'>propositionibus</span> <span class='ocrx_word' id='word_1_319' title='bbox 1040 2387 1129 2422; x_wconf 88' lang='lat' dir='ltr'>alias</span> <span class='ocrx_word' id='word_1_320' title='bbox 1156 2388 1353 2432; x_wconf 86' lang='lat' dir='ltr'>predicatis</span> <span class='ocrx_word' id='word_1_321' title='bbox 1370 2388 1413 2422; x_wconf 90' lang='lat' dir='ltr'>de</span> <span class='ocrx_word' id='word_1_322' title='bbox 1437 2399 1531 2422; x_wconf 89' lang='grc'><strong>311110</strong></span> <span class='ocrx_word' id='word_1_323' title='bbox 1548 2390 1589 2422; x_wconf 85' lang='grc'>59</span> <span class='ocrx_word' id='word_1_324' title='bbox 1610 2387 1649 2421; x_wconf 92' lang='grc'>111</span> <span class='ocrx_word' id='word_1_325' title='bbox 1664 2386 1752 2421; x_wconf 83' lang='lat' dir='ltr'>villa</span> <span class='ocrx_word' id='word_1_326' title='bbox 1776 2386 1946 2421; x_wconf 80' lang='lat' dir='ltr'>valence-</span> 
     </span>
     <span class='ocr_line' id='line_1_35' title="bbox 303 2440 1901 2488; baseline 0 -13"><span class='ocrx_word' id='word_1_327' title='bbox 303 2441 403 2476; x_wconf 83' lang='lat' dir='ltr'>nensi</span> <span class='ocrx_word' id='word_1_328' title='bbox 421 2440 458 2475; x_wconf 89' lang='lat' dir='ltr'>in</span> <span class='ocrx_word' id='word_1_329' title='bbox 477 2446 578 2485; x_wconf 84' lang='lat' dir='ltr'>parte</span> <span class='ocrx_word' id='word_1_330' title='bbox 595 2443 780 2487; x_wconf 77' lang='lat' dir='ltr'>dyocoesis</span> <span class='ocrx_word' id='word_1_331' title='bbox 798 2446 916 2478; x_wconf 72' lang='lat' dir='ltr'>vestre</span> <span class='ocrx_word' id='word_1_332' title='bbox 936 2443 1035 2479; x_wconf 85' lang='lat' dir='ltr'>dedit</span> <span class='ocrx_word' id='word_1_333' title='bbox 1052 2443 1091 2478; x_wconf 90' lang='lat' dir='ltr'>in</span> <span class='ocrx_word' id='word_1_334' title='bbox 1109 2444 1253 2488; x_wconf 86' lang='lat' dir='ltr'>scriptis</span> <span class='ocrx_word' id='word_1_335' title='bbox 1269 2444 1516 2488; x_wconf 80' lang='lat' dir='ltr'>responsiones</span> <span class='ocrx_word' id='word_1_336' title='bbox 1532 2444 1570 2478; x_wconf 92' lang='lat' dir='ltr'>in</span> <span class='ocrx_word' id='word_1_337' title='bbox 1586 2444 1702 2478; x_wconf 85' lang='lat' dir='ltr'>forma</span> <span class='ocrx_word' id='word_1_338' title='bbox 1717 2440 1878 2484; x_wconf 87' lang='lat' dir='ltr'>sequenti</span> <span class='ocrx_word' id='word_1_339' title='bbox 1893 2452 1901 2475; x_wconf 89' lang='lat'>:</span> 
     </span>
    </p>

    <p class='ocr_par' dir='ltr' id='par_1_6' title="bbox 305 2495 1947 2652">
     <span class='ocr_line' id='line_1_36' title="bbox 348 2495 1947 2542; baseline 0.001 -13"><span class='ocrx_word' id='word_1_340' title='bbox 348 2496 482 2537; x_wconf 77' lang='lat' dir='ltr'>Prima,</span> <span class='ocrx_word' id='word_1_341' title='bbox 512 2500 549 2530; x_wconf 87' lang='lat' dir='ltr'>ut</span> <span class='ocrx_word' id='word_1_342' title='bbox 575 2497 641 2531; x_wconf 77' lang='lat' dir='ltr'>sibi</span> <span class='ocrx_word' id='word_1_343' title='bbox 668 2497 882 2541; x_wconf 86' lang='lat' dir='ltr'>imponitur,</span> <span class='ocrx_word' id='word_1_344' title='bbox 913 2501 965 2533; x_wconf 89' lang='lat' dir='ltr'>est</span> <span class='ocrx_word' id='word_1_345' title='bbox 993 2499 1088 2542; x_wconf 81' lang='lat' dir='ltr'>quod</span> <span class='ocrx_word' id='word_1_346' title='bbox 1117 2498 1281 2542; x_wconf 84' lang='lat' dir='ltr'>religiosi</span> <span class='ocrx_word' id='word_1_347' title='bbox 1307 2498 1552 2533; x_wconf 83' lang='lat' dir='ltr'>mendicantes</span> <span class='ocrx_word' id='word_1_348' title='bbox 1568 2501 1650 2538; x_wconf 65' lang='lat' dir='ltr'>etc„</span> <span class='ocrx_word' id='word_1_349' title='bbox 1676 2499 1717 2532; x_wconf 88' lang='lat' dir='ltr'>ut</span> <span class='ocrx_word' id='word_1_350' title='bbox 1739 2495 1778 2530; x_wconf 89' lang='lat' dir='ltr'>in</span> <span class='ocrx_word' id='word_1_351' title='bbox 1804 2495 1947 2540; x_wconf 86' lang='lat' dir='ltr'>scriptis</span> 
     </span>
     <span class='ocr_line' id='line_1_37' title="bbox 305 2550 1945 2597; baseline 0.001 -14"><span class='ocrx_word' id='word_1_352' title='bbox 305 2551 400 2591; x_wconf 60' lang='lat' dir='ltr'>suisg</span> <span class='ocrx_word' id='word_1_353' title='bbox 423 2552 611 2594; x_wconf 85' lang='lat' dir='ltr'>respondet</span> <span class='ocrx_word' id='word_1_354' title='bbox 629 2553 724 2595; x_wconf 78' lang='lat' dir='ltr'>quod</span> <span class='ocrx_word' id='word_1_355' title='bbox 741 2552 808 2587; x_wconf 76' lang='lat' dir='ltr'>ista</span> <span class='ocrx_word' id='word_1_356' title='bbox 836 2556 907 2588; x_wconf 81' lang='lat' dir='ltr'>tres</span> <span class='ocrx_word' id='word_1_357' title='bbox 924 2553 1033 2588; x_wconf 83' lang='lat' dir='ltr'>habet</span> <span class='ocrx_word' id='word_1_358' title='bbox 1056 2557 1185 2596; x_wconf 84' lang='lat' dir='ltr'>partes,</span> <span class='ocrx_word' id='word_1_359' title='bbox 1212 2553 1330 2597; x_wconf 86' lang='lat' dir='ltr'>prima</span> <span class='ocrx_word' id='word_1_360' title='bbox 1355 2553 1492 2588; x_wconf 88' lang='lat' dir='ltr'>scilicet</span> <span class='ocrx_word' id='word_1_361' title='bbox 1515 2553 1610 2596; x_wconf 88' lang='lat' dir='ltr'>quod</span> <span class='ocrx_word' id='word_1_362' title='bbox 1632 2550 1794 2596; x_wconf 88' lang='lat' dir='ltr'>religiosi</span> <span class='ocrx_word' id='word_1_363' title='bbox 1809 2551 1945 2586; x_wconf 88' lang='lat' dir='ltr'>mendi-</span> 
     </span>
     <span class='ocr_line' id='line_1_38' title="bbox 305 2606 1947 2652; baseline 0.001 -14"><span class='ocrx_word' id='word_1_364' title='bbox 305 2610 425 2641; x_wconf 79' lang='lat' dir='ltr'>cantes</span> <span class='ocrx_word' id='word_1_365' title='bbox 442 2607 635 2650; x_wconf 81' lang='lat' dir='ltr'>presentati</span> <span class='ocrx_word' id='word_1_366' title='bbox 667 2610 702 2642; x_wconf 90' lang='lat' dir='ltr'>et</span> <span class='ocrx_word' id='word_1_367' title='bbox 733 2608 879 2642; x_wconf 85' lang='lat' dir='ltr'>admissi</span> <span class='ocrx_word' id='word_1_368' title='bbox 911 2611 994 2642; x_wconf 81' lang='lat' dir='ltr'>sunt</span> <span class='ocrx_word' id='word_1_369' title='bbox 1018 2610 1154 2652; x_wconf 85' lang='lat' dir='ltr'>proprij</span> <span class='ocrx_word' id='word_1_370' title='bbox 1182 2609 1385 2644; x_wconf 86' lang='lat' dir='ltr'>sacerdotes</span> <span class='ocrx_word' id='word_1_371' title='bbox 1400 2609 1445 2643; x_wconf 86' lang='lat' dir='ltr'>ad</span> <span class='ocrx_word' id='word_1_372' title='bbox 1468 2619 1610 2643; x_wconf 85' lang='lat' dir='ltr'>sensum</span> <span class='ocrx_word' id='word_1_373' title='bbox 1633 2607 1679 2641; x_wconf 94' lang='lat' dir='ltr'>ad</span> <span class='ocrx_word' id='word_1_374' title='bbox 1695 2617 1801 2651; x_wconf 85' lang='lat' dir='ltr'>quem</span> <span class='ocrx_word' id='word_1_375' title='bbox 1817 2606 1947 2641; x_wconf 86' lang='lat' dir='ltr'>debent</span> 
     </span>
    </p>
   </div>
   <div class='ocr_carea' id='block_1_4' title="bbox 307 2752 1942 2853">
    <p class='ocr_par' dir='ltr' id='par_1_7' title="bbox 307 2752 1942 2853">
     <span class='ocr_line' id='line_1_39' title="bbox 307 2752 1942 2800; baseline 0.002 -15"><span class='ocrx_word' id='word_1_376' title='bbox 307 2752 393 2787; x_wconf 82' lang='lat' dir='ltr'>ledit</span> <span class='ocrx_word' id='word_1_377' title='bbox 409 2753 504 2788; x_wconf 84' lang='lat' dir='ltr'>titre.</span> <span class='ocrx_word' id='word_1_378' title='bbox 527 2771 541 2783; x_wconf 56' lang='grc' dir='ltr'>ε’</span> <span class='ocrx_word' id='word_1_379' title='bbox 562 2755 741 2790; x_wconf 76' lang='lat' dir='ltr'>Wolficht</span> <span class='ocrx_word' id='word_1_380' title='bbox 767 2755 796 2788; x_wconf 89' lang='lat' dir='ltr'>is</span> <span class='ocrx_word' id='word_1_381' title='bbox 824 2755 906 2789; x_wconf 87' lang='lat' dir='ltr'>deze</span> <span class='ocrx_word' id='word_1_382' title='bbox 935 2755 1022 2789; x_wconf 84' lang='lat' dir='ltr'>zaak</span> <span class='ocrx_word' id='word_1_383' title='bbox 1048 2755 1184 2800; x_wconf 82' lang='lat' dir='ltr'>degene</span> <span class='ocrx_word' id='word_1_384' title='bbox 1200 2767 1269 2790; x_wconf 85' lang='lat' dir='ltr'>van</span> <span class='ocrx_word' id='word_1_385' title='bbox 1291 2756 1360 2790; x_wconf 89' lang='lat' dir='ltr'>den</span> <span class='ocrx_word' id='word_1_386' title='bbox 1384 2754 1574 2790; x_wconf 84' lang='lat' dir='ltr'>karmeliet</span> <span class='ocrx_word' id='word_1_387' title='bbox 1598 2754 1736 2789; x_wconf 84' lang='lat' dir='ltr'>Hubert</span> <span class='ocrx_word' id='word_1_388' title='bbox 1753 2752 1942 2789; x_wconf 86' lang='lat' dir='ltr'>Leonardi.</span> 
     </span>
     <span class='ocr_line' id='line_1_40' title="bbox 308 2807 759 2853; baseline 0.009 -13"><span class='ocrx_word' id='word_1_389' title='bbox 308 2807 385 2849; x_wconf 87' lang='lat' dir='ltr'>(Zie</span> <span class='ocrx_word' id='word_1_390' title='bbox 402 2820 464 2842; x_wconf 74' lang='lat' dir='ltr'>ons&lt;</span> <span class='ocrx_word' id='word_1_391' title='bbox 482 2810 636 2853; x_wconf 72' lang='lat' dir='ltr'>volgend</span> <span class='ocrx_word' id='word_1_392' title='bbox 653 2811 759 2852; x_wconf 82' lang='lat' dir='ltr'>stuk).</span> 
     </span>
    </p>
   </div>
   <div class='ocr_carea' id='block_1_5' title="bbox 307 2863 1945 2960">
    <p class='ocr_par' dir='ltr' id='par_1_8' title="bbox 307 2863 1945 2960">
     <span class='ocr_line' id='line_1_41' title="bbox 351 2863 1945 2949; baseline 0.001 -54"><span class='ocrx_word' id='word_1_393' title='bbox 351 2863 395 2948; x_wconf 67' lang='lat'>(11)</span> <span class='ocrx_word' id='word_1_394' title='bbox 431 2863 520 2949; x_wconf 46' lang='lat' dir='ltr'>{wie</span> <span class='ocrx_word' id='word_1_395' title='bbox 548 2865 719 2899; x_wconf 80' lang='lat' dir='ltr'>woorden</span> <span class='ocrx_word' id='word_1_396' title='bbox 757 2868 856 2899; x_wconf 71' lang='grc'><strong>513311</strong></span> <span class='ocrx_word' id='word_1_397' title='bbox 887 2865 924 2900; x_wconf 83' lang='grc'>111</span> <span class='ocrx_word' id='word_1_398' title='bbox 964 2865 1007 2899; x_wconf 86' lang='grc'>(10</span> <span class='ocrx_word' id='word_1_399' title='bbox 1036 2865 1288 2906; x_wconf 78' lang='lat' dir='ltr'>inlmudstafel,</span> <span class='ocrx_word' id='word_1_400' title='bbox 1320 2875 1422 2899; x_wconf 85' lang='lat' dir='ltr'>maar</span> <span class='ocrx_word' id='word_1_401' title='bbox 1453 2863 1528 2899; x_wconf 89' lang='lat' dir='ltr'>niet</span> <span class='ocrx_word' id='word_1_402' title='bbox 1556 2875 1625 2899; x_wconf 85' lang='grc'><strong>3311</strong></span> <span class='ocrx_word' id='word_1_403' title='bbox 1656 2865 1678 2899; x_wconf 90' lang='lat' dir='ltr'>&#39;t</span> <span class='ocrx_word' id='word_1_404' title='bbox 1707 2864 1816 2899; x_wconf 89' lang='lat' dir='ltr'>hoofd</span> <span class='ocrx_word' id='word_1_405' title='bbox 1841 2863 1945 2898; x_wconf 86' lang='lat' dir='ltr'>dezer</span> 
     </span>
     <span class='ocr_line' id='line_1_42' title="bbox 307 2926 581 2960; baseline 0.015 -13"><span class='ocrx_word' id='word_1_406' title='bbox 307 2926 442 2948; x_wconf 70' lang='lat' dir='ltr'>verian</span> <span class='ocrx_word' id='word_1_407' title='bbox 471 2928 488 2948; x_wconf 67' lang='lat'><strong><em>0</em></strong></span> <span class='ocrx_word' id='word_1_408' title='bbox 508 2928 581 2960; x_wconf 71' lang='lat' dir='ltr'>ing.</span> 
     </span>
    </p>
   </div>
  </div>
 </body>
</html>
