2097 3466
304 231 365 265 ‘2413
811 251 816 255 .
958 222 1090 257 ANNO
1117 233 1147 255 c.
1175 222 1275 256 1380

302 322 566 383 predikstoel
603 322 647 364 in
684 320 735 363 de
772 320 940 363 kerken
977 332 1063 361 van
1100 319 1298 373 Kampen
1336 330 1390 359 en
1427 316 1586 359 Zwolle
1627 314 1924 359 veroordeeld.

303 394 538 438 Daarmede
559 392 649 435 niet
670 391 853 434 voldaan
876 388 1050 432 schreef
1067 387 1200 430 Geert
1220 387 1380 429 Groote
1402 385 1717 442 herhaaldelijk
1739 400 1822 429 aan
1843 386 1927 430 den

303 463 502 517 bisschop
541 461 690 504 zelven
734 474 800 502 om
842 472 927 502 van
970 459 1070 501 hem
1113 470 1218 499 eene
1258 457 1484 511 strengere
1527 453 1641 498 straf
1675 456 1808 511 tegen
1844 454 1928 498 den

304 531 527 588 augustijn
570 533 615 574 te
665 529 891 573 bekomen.
938 528 988 570 In
1026 541 1105 570 een
1147 527 1316 570 tweede
1359 525 1532 582 gedfflg,
1578 538 1754 580 waarop
1796 523 1929 567 Geert

306 601 465 643 Groote
488 599 771 643 onverwacht
800 597 1038 640 verscheen
1071 610 1127 638 na
1159 597 1242 639 den
1274 595 1494 653 ganschen
1528 594 1661 638 nacht
1694 591 1864 650 gereisd
1886 595 1929 636 te

305 669 489 721 hebben,
513 669 634 711 werd
665 668 849 711 broeder
871 667 1214 710 Bartholomaeus
1239 680 1290 721 op
1314 665 1574 722 ongunstige
1606 663 1931 720 getuigenissen

306 740 370 783 uit
408 737 678 784 Over-IJssel
714 738 779 780 als
815 737 961 779 ketter
997 734 1277 778 veroordeeld
1315 737 1380 778 tot
1417 734 1492 777 het
1530 733 1709 788 dragen,
1752 745 1803 788 op
1843 732 1931 789 zijn

307 810 507 865 opperste
529 806 671 859 kleed,
693 820 778 849 van
797 809 911 849 twee
933 806 996 848 uit
1017 805 1146 848 laken
1169 804 1387 860 gesneden
1410 804 1594 846 schamen
1615 815 1701 845 van
1722 801 1933 845 verschil-

308 878 393 933 lige
416 877 558 927 kleur,
585 875 637 919 de
663 889 770 918 eene
793 888 845 930 op
869 874 919 916 de
942 873 1078 926 borst,
1106 873 1158 917 de
1180 873 1340 916 andere
1363 887 1415 928 op
1439 872 1520 915 den
1543 885 1625 928 rug
1648 870 1848 928 genaaid.
1875 871 1934 914 De

309 946 554 1002 schepenen
588 959 641 988 en
674 944 725 987 de
762 943 946 1000 burgers
969 957 1054 986 van
1076 944 1287 998 Kampen,
1316 943 1383 985 die
1405 943 1503 985 hem
1535 954 1731 997 genegen
1764 953 1930 992 waren,

310 1015 537 1059 wreekten
561 1014 656 1057 zich
679 1027 730 1069 op
755 1013 867 1069 zijne
888 1013 1143 1068 vervolgers
1165 1012 1332 1064 aldaar;
1360 1012 1494 1055 onder
1520 1010 1713 1054 anderen
1735 1008 1857 1052 werd
1882 1009 1934 1052 de

310 1087 455 1128 rector
477 1084 553 1126 der
576 1083 723 1126 school
746 1084 992 1126 Wernerus
1014 1081 1272 1139 Keynkamp
1294 1095 1380 1124 van
1404 1081 1585 1124 Lochem
1611 1092 1718 1123 voor
1749 1078 1833 1122 den
1854 1077 1935 1139 tijd

315 1166 400 1197 van
423 1153 512 1196 tien
529 1153 658 1209 jaren
682 1150 953 1206 schandeliJk
972 1151 1035 1195 uit
1057 1151 1109 1195 de
1131 1151 1227 1194 stad
1251 1149 1495 1207 gebannen.

358 1279 474 1322 Caput
495 1277 557 1313 IV.
587 1277 640 1311 De
669 1276 830 1322 quodam
857 1281 974 1320 fratre
1006 1275 1151 1310 ordinis
1189 1275 1427 1309 eremitarum
1451 1273 1486 1309 S.
1515 1273 1717 1318 Auyustini
1741 1271 1938 1317 specialem

313 1345 395 1368 cum
411 1333 465 1368 M.
486 1331 655 1368 Gerardo
670 1332 827 1375 faciente
843 1342 1091 1376 congressum,
1109 1330 1173 1364 sed
1190 1329 1234 1364 ab
1259 1340 1299 1364 eo
1316 1340 1390 1374 pro
1414 1327 1596 1363 haeretico
1617 1327 1777 1362 iuridice
1793 1328 1938 1362 conuic-

311 1395 401 1425 tum.

358 1444 524 1480 Surrexit
546 1446 731 1488 praeterea
747 1455 863 1478 nouus
879 1442 1025 1486 quidam
1049 1442 1093 1477 de
1113 1440 1240 1476 ordine
1262 1439 1545 1475 mendicantium
1568 1440 1681 1474 frater
1707 1437 1939 1474 eremitarum

315 1501 351 1535 S.
371 1499 578 1544 Augustini,
600 1498 806 1543 Campensis
829 1501 865 1533 et
887 1497 1093 1533 Zwollensis
1116 1496 1359 1537 terminarius,
1384 1495 1528 1530 nomine
1551 1495 1859 1535 Bartholomaeus,
1878 1493 1940 1538 qui

318 1568 399 1591 cum
415 1555 466 1590 M.
486 1555 645 1590 Gerardo
663 1555 774 1589 Groot
800 1554 984 1598 singulare
1006 1555 1188 1588 certamen
1211 1551 1405 1596 ingressm,
1432 1549 1654 1585 sermonibus
1677 1549 1753 1584 eius
1776 1551 1811 1584 et
1834 1560 1942 1584 sanae

316 1609 501 1645 doctrinae
518 1610 700 1645 contraria
715 1610 819 1644 valde
840 1622 948 1644 ausus
971 1612 1024 1644 est
1045 1608 1189 1652 publice
1211 1607 1431 1652 praedicare.
1453 1606 1623 1641 Omnium
1646 1605 1743 1641 enim
1765 1606 1942 1640 bonorum

315 1664 459 1700 invidus
489 1664 654 1699 diabolus
691 1664 846 1699 multum
879 1675 1027 1698 cernens
1058 1662 1230 1706 populum
1263 1673 1305 1695 ex
1336 1661 1387 1696 M.
1419 1659 1569 1695 Gerardi
1599 1659 1866 1704 praedicatione
1896 1659 1942 1693 ab

316 1719 508 1764 iniquitate
524 1722 559 1755 et
574 1721 642 1762 vijs
657 1719 761 1753 malis
778 1719 823 1753 ad
840 1719 954 1754 Deum
970 1718 1095 1752 viuum
1113 1720 1147 1752 et
1171 1728 1296 1752 vorum
1319 1719 1394 1751 toto
1412 1716 1518 1750 corde
1534 1726 1763 1756 conuersum,
1777 1714 1943 1749 frendens

315 1775 480 1811 dentibus
505 1777 540 1810 et
563 1775 601 1809 in
625 1786 661 1809 se
686 1775 949 1816 contabescens,
969 1773 1152 1818 ingentem
1177 1773 1287 1806 falsae
1310 1771 1495 1806 doctrinae
1518 1769 1689 1804 zizaniam
1705 1781 1769 1814 per
1794 1769 1945 1804 familia-

318 1830 501 1866 rissimum
528 1829 595 1864 sibi
623 1841 800 1874 organum
828 1830 975 1864 fratrem
1005 1828 1078 1863 iam
1105 1829 1307 1872 praefatum
1331 1826 1430 1861 nisus
1454 1828 1506 1860 est
1532 1824 1720 1860 seminare.
1739 1825 1792 1860 De
1815 1824 1945 1869 quibus

321 1886 463 1928 zizanijs
486 1885 537 1920 M.
563 1885 753 1926 Gerardus,
781 1896 863 1919 cum
890 1884 1049 1928 primum
1076 1883 1270 1924 orirentur,
1289 1882 1334 1916 ad
1359 1884 1537 1926 pastorem
1564 1879 1707 1924 scripsit
1727 1879 1767 1914 in
1788 1879 1943 1921 Zwolh's,

322 1941 373 1976 sic
388 1940 554 1984 inquiens
570 1940 665 1975 inter
680 1939 752 1974 alia
767 1952 774 1974 ε
794 1940 951 1973 Domine
967 1940 1143 1983 Reymre,
1158 1938 1328 1983 siynifico
1344 1937 1499 1971 volus...
1518 1937 1563 1978 (1)

366 1997 528 2040 Cumque
543 1995 659 2030 dictus
683 1996 797 2030 frater
812 1995 1110 2030 Bartholomaeus
1127 1994 1170 2028 de
1187 1994 1370 2028 Dordraco
1385 1992 1501 2026 multa
1517 1991 1626 2026 verba
1642 2000 1804 2032 erronea,
1821 1989 1944 2024 haere-

323 2052 397 2088 tica
412 2054 448 2087 et
463 2052 625 2095 profana,
643 2050 829 2086 doctrinae
846 2050 1075 2095 evangelicae
1091 2052 1126 2085 et
1142 2048 1358 2094 apostolicae
1376 2047 1568 2089 contraria,
1581 2044 1724 2090 publice
1739 2043 1947 2088 praedicare

324 2119 397 2142 non
421 2109 584 2147 cessaret,
602 2106 653 2141 M.
673 2106 852 2141 Gerardus
873 2106 1040 2150 Magnus,
1059 2105 1133 2140 zelo
1157 2104 1223 2139 Dei
1250 2115 1431 2144 accensuS,
1449 2103 1495 2137 ad
1518 2101 1657 2136 curiam
1681 2099 1947 2134 Traiectensem

325 2175 407 2198 eum
424 2162 529 2197 citari
546 2162 768 2207 procurauit,
787 2162 860 2196 suis
882 2161 1016 2196 ibidem
1033 2159 1296 2196 obiectionibus
1311 2159 1349 2194 in
1365 2158 1520 2195 termino
1536 2157 1604 2192 sibi
1627 2156 1787 2201 praefixo
1803 2166 1946 2199 respon-

325 2230 442 2253 surus
463 2217 533 2258 Qui
556 2217 595 2252 in
618 2217 714 2252 dicto
736 2217 891 2252 termino
911 2215 1148 2261 personaliter
1164 2226 1384 2259 comparem,
1404 2216 1534 2248 cuncta
1556 2212 1624 2247 sibi
1646 2223 1759 2256 paene
1781 2210 1949 2256 imposita

327 2277 362 2309 et
377 2274 528 2315 obiecta,
547 2284 569 2307 a
584 2272 714 2316 quibus
729 2272 838 2307 etiam
854 2271 1034 2307 sufficiens
1050 2274 1128 2306 erat
1143 2269 1389 2306 testimonium
1404 2280 1468 2313 per
1483 2268 1726 2303 iuramentum
1741 2266 1946 2310 requisitus,

326 2341 364 2365 se
392 2339 565 2372 umquam
595 2327 817 2371 praedicasse
848 2326 1013 2371 negauit.
1055 2326 1159 2361 Unde
1188 2324 1325 2360 domini
1364 2323 1603 2358 Traiectensis
1633 2322 1672 2357 in
1702 2321 1949 2366 spiritualibus

327 2383 486 2418 vicarius
501 2383 544 2417 de
561 2382 710 2417 consilio
737 2381 1027 2426 iurisperitorum
1048 2380 1210 2416 decreuit
1237 2382 1272 2415 et
1298 2378 1555 2423 pronunciauit
1582 2378 1677 2421 quod
1699 2377 1815 2412 dictus
1838 2377 1950 2411 frater

330 2438 627 2474 Bartholomaeus
642 2436 789 2481 propria
811 2436 849 2470 in
873 2447 1025 2480 persona
1048 2435 1086 2470 in
1104 2434 1248 2478 Campis
1270 2437 1305 2469 et
1328 2433 1470 2468 Zwollis
1493 2433 1681 2467 ambonem
1697 2431 1947 2473 conscendens,

329 2494 451 2530 omnia
477 2496 512 2529 et
539 2493 683 2538 singula
709 2492 778 2527 sibi
809 2492 949 2527 obiecta
979 2491 1123 2536 publice
1149 2491 1374 2530 reclamaret,
1404 2489 1525 2524 dicens
1551 2489 1615 2523 illa
1645 2500 1682 2523 se
1707 2499 1780 2523 non
1805 2487 1948 2530 dixisse,

329 2550 538 2586 ulteriorem
553 2549 684 2584 horum
708 2548 979 2593 inquisitionem
995 2547 1161 2591 episcopo
1179 2546 1400 2582 Traiectensi
1423 2544 1568 2580 domino
1592 2543 1775 2579 Florentio
1791 2542 1951 2588 plenarie

329 2605 558 2642 reseruando.

375 2660 490 2705 Super
521 2659 650 2703 quibus
679 2658 852 2704 magister
882 2657 1062 2693 Gerardus
1092 2657 1196 2692 valde
1234 2657 1328 2692 male
1366 2658 1553 2691 contentus
1582 2655 1698 2691 eidem
1730 2652 1951 2690 Traiectensi

377 2856 420 2896 (1)
447 2854 535 2890 Hier
550 2854 650 2898 volgt
672 2853 716 2889 de
731 2853 828 2889 brief
840 2864 910 2889 van
929 2853 1035 2889 Gecrt
1058 2853 1200 2893 Groote,
1220 2851 1303 2887 dien
1319 2852 1377 2894 wij
1400 2851 1515 2886 boven
1537 2851 1588 2893 (nr
1605 2850 1680 2889 226,
1696 2848 1762 2887 blz.
1779 2847 1855 2890 239)
1868 2846 1952 2882 heb-

334 2912 403 2946 ben
418 2909 679 2954 medegedeeld.
