2097 3466
813 242 944 276 ANNO
972 245 1070 276 14⁸2.
1694 248 1755 279 4525

165 333 257 368 Acta
279 333 425 368 fuerunt
448 333 537 368 haec
562 333 724 369 Parisius
748 334 786 369 in
813 335 893 370 1000
920 335 1128 379 supradicto
1147 335 1184 370 S.
1211 335 1414 371 Mathurini
1431 337 1496 371 sub
1513 349 1620 379 anno,
1639 337 1751 373 indic—

121 388 230 430 tione,
258 388 328 430 die,
358 400 478 424 mense
506 393 540 425 et
570 390 782 434 pontificatu
814 391 1019 434 praedictis.
1056 391 1309 426 Praesentibus
1337 392 1383 426 ad
1410 392 1499 427 11300
1531 393 1688 437 egregiis
1719 396 1755 428 et

120 444 336 480 doctissimis
362 445 450 479 viris
480 446 663 490 magistris
691 446 849 482 Antonio
882 446 978 487 Ursi,
1012 446 1194 481 Johannes
1225 447 1267 480 de
1301 447 1462 488 Haillies,
1491 448 1685 483 Laurentio
1709 449 1753 483 de

123 500 284 541 Colonia,
312 500 510 535 Guillermo
537 501 784 544 Houpelande,
809 501 944 536 Jacobo
973 501 1162 542 Lhuillier,
1190 502 1385 536 reverendo
1420 502 1456 536 in
1482 503 1624 538 Christo
1652 506 1753 547 patre

120 555 266 591 domino
304 554 444 589 Joanne
478 555 606 589 abbate
646 555 858 596 Haroliloci,
894 555 1031 590 ordinis
1065 555 1329 596 Cisterciensis‚
1364 556 1545 601 Stephano
1577 557 1752 599 Gervasii,

120 611 285 646 Johanne
301 611 345 645 de
362 611 542 654 Tongues‚
565 611 730 645 Jolianne
755 610 920 652 Quintin,
948 622 1071 646 sacrae
1096 611 1300 655 theologiae
1324 613 1595 655 professoribus,
1615 626 1753 649 necnon

121 665 397 710 quamplurimis
423 665 505 699 aliis
530 665 568 699 in
595 677 728 710 magno
756 678 918 707 numero,
945 668 1019 701 tam
1049 665 1273 701 secularibus
1305 678 1412 710 quam
1438 666 1628 711 religiosis,
1646 666 1754 701 etiam

119 731 243 755 sacrae
272 719 478 765 theologiae
514 720 790 764 professoribus,
831 721 981 756 testibus
1013 721 1060 756 ad
1093 720 1289 764 praemissa
1320 721 1455 757 vocatis
1487 721 1691 765 specialiter
1720 725 1756 758 et

119 775 268 820 rogatis.

164 829 210 864 Et
231 840 299 874 ego
317 829 495 864 Henricus
518 830 727 871 Alexandri,
753 831 952 875 presbyter,
970 830 1008 865 in
1029 833 1115 875 jure
1139 830 1314 866 canonico
1329 829 1567 871 baeoalarius,
1586 829 1752 873 publicus

120 884 315 928 apostolica
339 887 374 919 et
396 884 577 928 imperiali
601 884 878 920 auctoritatibus
899 897 942 920 ac
961 887 1187 921 venerandae
1203 886 1326 921 curiae
1344 884 1626 921 conservationis
1645 884 1751 928 privi-

119 939 299 984 legiorum
326 939 554 974 famosissimi
585 939 694 974 studii
723 940 937 975 Parisiensis
958 942 1104 984 juratus
1134 940 1296 975 notarius
1327 941 1604 984 praedictaeque
1634 941 1751 975 almae

119 994 323 1039 theologiae
365 994 548 1029 facultatis
573 995 703 1032 scriba,
738 997 824 1039 quia
854 995 1122 1039 praedictorum
1153 995 1391 1030 articulorum
1421 1000 1456 1030 et
1488 995 1753 1030 informationis

118 1060 184 1094 pro
210 1051 312 1093 parte
339 1049 489 1093 capituli
514 1049 752 1084 Tornacensis
775 1050 1004 1094 supradictae
1027 1051 1144 1084 almae
1169 1050 1374 1094 theologiae
1397 1051 1560 1086 facultati
1586 1062 1750 1094 praesen-

118 1102 247 1139 tationi
263 1106 299 1138 et
313 1103 529 1138 exhibitioni
546 1104 884 1148 praedictorumque
900 1105 1139 1140 articulorum
1156 1104 1415 1140 examinationi
1431 1109 1467 1141 et
1490 1105 1751 1150 qualificationi

118 1158 339 1202 caeterisque
355 1159 560 1203 praemissis
576 1160 742 1194 omnibus
759 1163 794 1195 et
809 1159 974 1204 singulis,
994 1161 1080 1194 (111111
1096 1160 1160 1200 sic,
1180 1163 1221 1195 ut
1236 1172 1345 1204 supra
1361 1161 1581 1201 scribuntur,
1601 1172 1750 1205 ageren-

117 1217 178 1249 tur
193 1217 228 1249 et
251 1214 389 1254 fierent.
417 1226 490 1249 una
513 1226 596 1249 cum
627 1215 909 1259 praenominatis
932 1216 1082 1251 testibus
1099 1227 1268 1260 praesens
1290 1216 1440 1251 interfui
1460 1227 1573 1259 eaque
1597 1216 1648 1250 sic
1672 1215 1751 1250 ficri

116 1268 191 1303 vidi
218 1271 254 1304 et
278 1268 413 1303 audivi.
431 1269 571 1304 Idcirco
595 1269 681 1304 huic
705 1270 943 1305 instrumento
967 1271 1113 1315 publico
1137 1272 1286 1306 alterius
1303 1283 1413 1306 manu
1437 1270 1593 1305 fideliter
1616 1271 1750 1315 scripto

115 1323 261 1369 signum
276 1335 397 1359 meum
413 1324 598 1368 publicum
616 1329 826 1360 consuetum
852 1325 1013 1370 apposui,
1032 1325 1070 1360 in
1088 1326 1195 1360 fidem
1219 1329 1255 1361 et
1278 1325 1522 1361 testimonium
1541 1325 1751 1369 praemisso-

115 1390 209 1421 rum,
230 1378 424 1422 requisitus
439 1382 475 1414 et
489 1388 650 1424 rogatus.
668 1380 727 1414 Sic
741 1382 932 1424 siynacum
948 1392 955 1415 :
977 1380 1157 1415 Henricus
1175 1381 1388 1415 Alexandri.

159 1434 201 1476 (E
229 1434 346 1478 primo
372 1434 527 1480 registro
553 1435 658 1470 MSS.
691 1436 933 1471 Censurarum
961 1447 1086 1470 sacrae
1112 1436 1297 1472 facultatis
1331 1436 1559 1477 parisiensis,
1585 1437 1646 1471 fol.
1675 1439 1748 1471 106.

115 1489 214 1525 Idem
237 1493 511 1525 monumentum
537 1490 575 1525 in
599 1491 718 1525 lucem
740 1490 877 1526 editum
903 1491 973 1526 fuit
999 1491 1037 1525 in
1064 1491 1158 1526 libro
1182 1492 1234 1526 510
1261 1491 1457 1536 inscripto:
1485 1492 1576 1527 Jean
1601 1491 1749 1534 Gerson,

114 1546 268 1581 Sermon
289 1544 461 1580 touchant
488 1546 526 1580 Za
553 1545 774 1580 Hierarchz'e
797 1546 842 1580 de
871 1546 1034 1590 Z’E'ylise,
1054 1549 1122 1581 etc.
1149 1547 1318 1591 imprime
1343 1551 1364 1582 a
1388 1547 1514 1583 Troies
1538 1558 1606 1591 par
1622 1547 1749 1583 Pierre

117 1601 306 1643 Chevillot,
331 1601 401 1636 l'an
426 1603 522 1636 1662.
550 1602 644 1636 Tum
671 1601 793 1645 aliqua
820 1613 863 1637 ex
889 1604 990 1646 parte
1019 1601 1114 1637 inter
1142 1603 1318 1646 quaedam
1346 1606 1508 1638 extracta
1535 1603 1579 1637 de
1601 1602 1751 1645 judiciis

116 1656 375 1692 parisiensium
390 1656 649 1701 magistrorum
669 1668 777 1700 super
792 1659 966 1701 potestate
988 1656 1259 1691 ecclestiastica.
1280 1657 1454 1693 Biblioth.
1471 1658 1574 1692 Sorb.
1591 1656 1636 1691 U.
1650 1657 1747 1698 VIII,

116 1715 157 1748 13
180 1714 215 1747 et
239 1715 291 1747 14.
321 1712 367 1747 Et
393 1712 432 1746 in
454 1711 682 1747 Bibliotheca
706 1711 889 1747 Canonica
912 1711 1076 1746 Bochelli
1102 1724 1185 1746 cum
1209 1713 1464 1749 additamentis
1489 1714 1527 1749 C.
1547 1714 1747 1755 Blondeau,

115 1771 204 1804 tom.
222 1767 250 1810 1,
269 1778 352 1814 pag.
373 1769 466 1810 786.)

467 1841 649 1887 Duplessis
666 1842 892 1887 d'Argentre‚
911 1840 992 1875 deel
1007 1840 1035 1881 Ι,
1055 1840 1140 1876 stuk
1155 1840 1201 1882 II,
1221 1841 1288 1876 blz.
1308 1844 1464 1877 304-306.

905 1967 1022 2013 372.

176 2099 315 2150 1482,
354 2097 547 2142 Utrecht.
590 2095 830 2140 Uittreksel
863 2096 928 2139 uit
959 2096 1042 2139 den
1073 2096 1317 2154 tijdgenoot
1350 2097 1536 2140 Thomas
1568 2099 1750 2143 Basinus

113 2183 218 2213 ovet·
240 2168 446 2223 sommige
480 2166 768 2208 Utrechtsche
803 2166 1106 2223 geestelijken,
1135 2166 1202 2209 die
1225 2166 1319 2208 zich
1344 2180 1449 2209 voor
1470 2167 1751 2223 inquisiteurs

113 2239 336 2295 uitgaven.
373 2264 431 2269 —
462 2238 511 2280 In
549 2237 631 2280 den
665 2237 793 2294 strijd
830 2238 1040 2281 tusschen
1074 2237 1156 2280 den
1190 2238 1512 2281 Utrechtschen
1547 2237 1748 2295 bisschop

111 2309 246 2352 David
279 2323 364 2352 van
393 2307 664 2364 Bourgondie
697 2321 750 2350 011
800 2307 941 2363 zijnen
989 2307 1303 2364 tegenstander
1335 2307 1628 2364 Engelbrecht
1659 2322 1744 2352 van

112 2376 244 2420 Kleef
259 2378 345 2421 had
366 2391 472 2435 paus
494 2377 639 2420 Sixtus
662 2377 725 2420 IV
748 2391 853 2420 eene
886 2376 960 2421 bul
994 2381 1124 2434 tegen
1158 2377 1291 2420 dezen
1315 2377 1473 2421 laatste
1497 2378 1745 2434 uitgevaar-

112 2444 232 2502 digd;
259 2459 380 2489 111331·
400 2446 607 2502 sommige
629 2445 930 2504 geestelijken‚
967 2446 1034 2489 die
1057 2446 1153 2489 zich
1184 2445 1444 2490 beroemden
1466 2447 1746 2503 inquisiteurs

111 2518 157 2558 te
178 2515 281 2573 ziJ'n,
309 2515 538 2572 predikten
560 2517 691 2572 tegen
714 2515 766 2558 de
788 2515 947 2560 kracht
969 2515 1064 2559 dier
1084 2514 1176 2558 bul.

161 2662 259 2672 .....
287 2639 359 2680 Qui
375 2639 496 2680 etiam,
514 2642 555 2674 ut
579 2639 666 2674 fides
682 2639 734 2674 eis
756 2640 912 2684 amplius
935 2640 1143 2683 haberetur,
1163 2641 1323 2676 officium
1350 2641 1597 2685 Inquisitionis
1620 2642 1749 2678 haere-

114 2693 207 2728 ticae
224 2694 413 2738 pravitatis
428 2706 464 2729 se
481 2695 665 2730 iactabant
681 2695 828 2731 habere-

462 2768 620 2803 Thomas
639 2769 802 2810 Basinus,
812 2771 882 2806 Res
891 2775 1017 2815 qestae
1030 2773 1071 2804 in
1087 2771 1308 2813 Hellandz‘a,
1321 2771 1470 2806 dioecesi
1491 2772 1744 2816 Ultraz'ectz'na‚

503 2826 614 2858 annis
630 2825 830 2867 44844485‘,
844 2826 1062 2870 uitgegeven
1075 2827 1165 2861 door
1180 2826 1387 2861 Matthaeus
1404 2827 1441 2861 in
1455 2829 1547 2869 zijne
1556 2828 1732 2864 Analecta
1742 2859 1749 2871 ,

502 2881 550 2922 (2e
568 2879 727 2924 uirgave‚
746 2881 824 2916 deel
843 2882 867 2921 Ι,
897 2883 965 2915 blz.
987 2882 1080 2923 564).
1107 2901 1147 2907 -—
1178 2882 1240 2918 Zie
1257 2882 1358 2921 Moll,
1380 2882 1747 2928 Iserkgyesclziedeaeaez's,

506 2935 584 2970 deel
604 2935 647 2977 ΙΙ,
672 2937 704 2970 1⁰
719 2936 816 2978 stuk,
836 2937 902 2972 blz.
924 2937 1005 2971 226.
