2097 3466
335 248 395 282 luo
1017 246 1148 281 ANNO
1175 246 1274 281 1235

1078 379 1204 422 100.

393 507 530 556 1235,
573 508 812 564 Auyzcstzcs
849 509 927 559 21,
975 508 1182 549 Perusia.
1226 506 1307 549 Bul
1350 520 1433 549 van
1473 521 1577 563 paus
1619 505 1856 562 Gregorius
1893 506 1958 549 IX

329 576 498 631 gerieht
536 580 601 619 tot
639 577 719 619 den
761 577 879 633 prior
917 575 1183 632 provinciaal
1222 575 1299 618 der
1336 575 1760 631 predikheerenorde
1797 576 1840 618 in
1883 575 1958 618 het

325 644 577 701 koninkrijk
601 645 835 703 Frankrijk
861 645 1115 700 aangaande
1147 645 1224 687 het
1258 645 1494 700 vervolgen
1519 645 1595 688 der
1625 645 1793 688 ketters
1827 645 1871 687 in
1893 643 1960 686 die

325 718 550 769 gewesten
574 714 679 756 door
706 713 889 757 broeder
912 714 1076 757 Robert
1099 727 1152 756 en
1171 713 1332 756 andere
1350 713 1685 769 predikheeren.
1706 739 1763 745 —
1785 713 1960 756 Gehoor

327 783 521 838 gevende
543 797 625 826 aan
649 783 700 826 de
723 783 928 826 klachten
966 796 1050 824 van
1086 783 1293 838 sommige
1328 796 1558 838 personen,
1599 783 1667 825 die
1699 781 1960 825 beweerden

326 851 399 894 dat
432 852 508 895 het
531 851 785 909 koninkrijk
816 851 1054 908 Frankrijk
1088 851 1168 907 vrij
1196 865 1280 893 van
1304 851 1478 908 ketterij
1507 865 1614 902 was,
1653 851 1738 894 had
1761 851 1814 894 de
1845 852 1960 894 Paus

323 934 405 963 aan
424 920 606 963 broeder
626 920 788 964 Robert
808 935 861 963 en
884 934 967 963 aan
991 920 1104 977 zijne
1129 920 1329 975 collega's
1351 919 1532 963 bevolen
1557 920 1609 963 de
1640 919 1961 964 kettervervol-

323 989 483 1045 gingen
509 990 551 1032 in
577 990 643 1032 die
667 993 890 1046 gewesten
917 993 959 1031 te
992 989 1162 1032 staken.
1192 990 1315 1032 Maar
1338 989 1414 1032 het
1448 989 1571 1032 bleek
1606 989 1784 1040 weldra,
1811 988 1885 1032 dat
1907 988 1960 1031 de

323 1058 576 1101 kettersche
595 1063 693 1114 pest
716 1073 764 1100 er
786 1058 1062 1114 integendeel
1082 1059 1340 1116 vreeselijke
1363 1058 1716 1114 verwoestingen
1737 1057 1954 1101 aanrieht.

324 1128 506 1170 Daarom
529 1127 653 1170 vindt
670 1128 721 1170 de
740 1141 845 1183 paus
869 1127 944 1170 het
966 1127 1252 1183 geraadzaam
1270 1127 1453 1170 broeder
1471 1127 1635 1170 Robert
1653 1127 1852 1182 opnieuw
1870 1128 1959 1169 met

325 1196 375 1238 de
409 1196 766 1252 onderdrukking
789 1197 865 1239 der
886 1196 1062 1253 ketterij
1089 1199 1133 1239 te
1156 1197 1353 1252 gelasten
1377 1211 1431 1239 en
1453 1196 1626 1239 beveelt
1648 1196 1708 1252 hij
1734 1196 1816 1238 den
1840 1195 1958 1252 prior

323 1265 603 1320 provinciaal‚
632 1266 705 1308 dat
727 1266 788 1322 hij
815 1265 914 1308 dien
936 1265 1197 1320 inquisiteur
1230 1269 1316 1309 met
1350 1266 1512 1308 andere
1551 1265 1868 1321 predikheeren
1905 1264 1958 1307 de

322 1334 509 1390 zending
541 1348 620 1378 zou
659 1335 880 1391 opdragen
919 1348 986 1377 om
1018 1335 1062 1377 in
1100 1335 1277 1392 over-leg
1306 1338 1393 1378 met
1432 1335 1484 1378 de
1517 1334 1805 1390 bisschoppen
1828 1347 1882 1376 en
1905 1333 1958 1376 de

322 1403 557 1446 monniken
598 1417 702 1447 over
739 1404 893 1460 geheel
932 1405 1009 1447 het
1045 1404 1302 1462 koninkrijk
1340 1404 1578 1461 Frankrijk
1611 1404 1663 1447 de
1699 1403 1870 1448 ketters
1912 1405 1958 1446 te

322 1472 651 1530 bestrijden(l).

370 1597 565 1641 Gregorius
597 1598 801 1641 episcopus,
834 1610 958 1634 servus
985 1611 1171 1634 servorum
1208 1599 1292 1641 Dei,
1329 1599 1460 1634 dilecto
1491 1598 1566 1633 filio
1598 1597 1711 1642 priori
1741 1594 1956 1641 provinciali

325 1651 461 1685 ordinis
484 1653 637 1686 fratrum
662 1653 928 1696 predicatorum
953 1654 991 1688 in
1016 1666 1129 1698 regno
1153 1654 1341 1695 Franciae,
1360 1655 1512 1688 salutem
1535 1656 1571 1688 et
1593 1652 1826 1697 apostolicam
1849 1652 1955 1686 bene-

322 1705 527 1741 dictionem.

369 1761 510 1795 Dudum
537 1762 581 1795 ad
605 1762 811 1805 aliquorum
839 1775 1017 1805 murmur,
1047 1765 1109 1808 qui
1139 1777 1211 1800 non
1238 1765 1480 1808 patiebantur,
1511 1766 1546 1798 te
1573 1765 1636 1797 aut
1660 1763 1789 1797 fratres
1810 1764 1891 1797 tuos
1915 1762 1955 1797 in

325 1814 487 1857 partibus
505 1816 700 1851 Gallicanis
717 1819 762 1852 ad
778 1818 1035 1861 inquirendum
1052 1831 1160 1863 super
1175 1820 1357 1854 haeretica
1373 1818 1550 1863 pravitate
1566 1818 1771 1861 procedere,
1791 1828 1894 1860 quae,
1912 1819 1955 1852 ut

323 1869 477 1909 aiebant,
497 1870 540 1903 de
556 1870 695 1906 haeresi
713 1884 785 1907 non
810 1874 952 1908 fuerant
976 1874 1183 1916 infamatae,
1203 1874 1411 1918 scripsimus
1432 1874 1564 1908 dilecto
1580 1873 1655 1908 filio
1672 1873 1775 1908 fratri
1793 1873 1954 1907 Roberto

324 1930 357 1959 et
386 1925 492 1958 sociis
522 1926 643 1967 etiam,
674 1931 713 1961 ut
744 1930 1022 1972 supersederetis
1049 1941 1071 1963 a
1097 1933 1223 1973 coepto
1251 1930 1409 1974 negotio,
1439 1941 1495 1969 ne,
1520 1929 1583 1963 ubi
1615 1940 1686 1963 non
1713 1931 1955 1972 praecesserat

323 1980 473 2015 infamia
497 1981 665 2024 haeresis,
690 1988 775 2019 nota
798 1985 1070 2029 perquireretur
1093 1986 1237 2021 erroris.
1254 1987 1402 2027 Verum,
1421 1985 1506 2029 quia
1532 1984 1771 2029 postmodum,
1790 1995 1832 2018 eo
1854 1994 1953 2018 reve-

323 2036 419 2070 lante
435 2036 608 2072 interiora
625 2038 783 2081 parietis,
804 2040 865 2083 qui
890 2041 1121 2075 tenebrarum
1142 2042 1310 2085 producit
1326 2053 1414 2085 opus
1431 2040 1470 2075 in
1485 2041 1603 2075 lucem
1619 2042 1655 2074 et
1670 2039 1716 2073 ad
1738 2038 1950 2079 vindictam,

323 2103 404 2124 eum
432 2092 521 2132 vult,
551 2093 665 2137 exigit
691 2095 856 2128 umbram
883 2096 1020 2137 mortis,
1050 2099 1150 2131 tanta
1176 2097 1220 2131 de
1247 2096 1424 2130 universis
1451 2095 1556 2140 regni
1585 2093 1762 2129 Franciae
1789 2093 1953 2138 partibus

321 2145 474 2180 ebullire
499 2146 634 2181 dicitur
660 2152 918 2183 venenatorum
945 2150 1141 2185 multitudo
1166 2151 1350 2194 reptilium
1367 2154 1401 2185 et
1417 2151 1605 2185 haeresum
1629 2148 1746 2183 sanies
1761 2147 1950 2189 scaturire,

322 2200 417 2243 quod
444 2202 572 2235 amodo
599 2202 650 2235 sie
667 2214 737 2237 non
767 2204 903 2247 possint
929 2205 1018 2239 haee
1045 2206 1144 2239 salva
1175 2206 1323 2240 tolerari
1355 2204 1587 2245 conscientia,
1616 2204 1710 2238 sieut
1737 2214 1804 2237 nee
1830 2201 1953 2246 aliqua

320 2255 617 2299 tergiversatione
653 2258 775 2299 celari,
805 2259 961 2294 vidimus
992 2260 1108 2294 eidem
1136 2261 1242 2295 fratri
1269 2262 1387 2295 denuo
1415 2260 1691 2304 injungendum,
1718 2261 1759 2293 ut
1781 2258 1951 2292 adversus

322 2310 528 2345 manifestas
543 2311 704 2354 insidias,
723 2316 895 2357 tanquam
919 2314 1022 2349 miles
1038 2318 1205 2349 strenuus
1221 2316 1463 2360 aggressionis
1486 2316 1525 2350 in
1540 2313 1788 2358 Inquisitionis
1805 2312 1950 2357 negotio

318 2363 416 2399 laxet
439 2365 607 2400 habenas.
628 2367 697 2401 Sed
715 2368 800 2411 quia
823 2380 895 2403 non
911 2370 999 2404 solet
1027 2370 1100 2404 dux
1126 2371 1223 2404 solus
1250 2372 1296 2405 ad
1323 2371 1417 2406 bella
1443 2371 1649 2414 procedere,
1675 2380 1718 2404 ac
1738 2369 1838 2403 velut
1864 2367 1950 2402 urbs

319 2419 421 2453 fortis
446 2424 498 2454 est
524 2421 647 2462 frater,
674 2422 870 2466 adjuvatur
893 2436 915 2458 a
938 2425 1062 2465 fratre,
1091 2425 1335 2468 praesentium
1359 2425 1425 2460 tibi
1455 2425 1670 2461 auctoritate
1694 2423 1948 2469 praecipimus,

321 2477 495 2516 quatenus
512 2475 609 2511 dieto
637 2477 742 2512 fratri
767 2478 927 2514 Roberto
955 2483 990 2514 et
1016 2479 1198 2523 aliquibus
1227 2480 1308 2514 aliis
1333 2480 1517 2522 fratribuS,
1536 2492 1625 2524 quos
1639 2481 1686 2515 ad
1708 2479 1778 2514 1106
1803 2478 1950 2513 idoneos

364 2645 408 2686 (1)
425 2644 465 2679 In
482 2657 567 2681 eene
584 2648 647 2682 bul
663 2660 731 2682 van
749 2649 773 2682 's
788 2650 1059 2694 anderendaags
1076 2652 1129 2692 (22
1146 2652 1241 2695 Aug.
1264 2653 1358 2694 1235)
1375 2652 1517 2696 gerieht
1533 2655 1585 2688 tot
1600 2652 1669 2687 den
1685 2653 1948 2697 aartsbissehop

323 2708 392 2732 van
422 2699 510 2733 Sens
537 2701 573 2735 in
599 2703 808 2745 Frankrijk,
836 2705 925 2739 looft
949 2716 1037 2748 paus
1062 2706 1257 2749 Gregorius
1276 2706 1328 2740 IX
1345 2707 1552 2741 denzelfden
1567 2708 1720 2742 broeder
1735 2708 1873 2742 Robert
1895 2708 1948 2742 als

323 2753 538 2796 inquisiteur
575 2768 618 2790 en
658 2762 735 2802 zegt
776 2770 844 2792 van
879 2759 959 2793 hem
975 2771 982 2793 :
1020 2775 1035 2787 ιι
1070 2760 1233 2794 Fratrem
1262 2761 1461 2796 Robertum
1486 2762 1623 2797 ordinis
1646 2762 1944 2806 praedicatorum,

323 2809 379 2841 cui
398 2813 469 2842 tam
487 2811 677 2853 specialem
694 2813 849 2856 gratiam
869 2814 1023 2849 contulit
1039 2815 1224 2857 Dominus,
1242 2818 1283 2850 ut
1299 2816 1415 2850 omnis
1430 2820 1626 2851 venenator
1648 2817 1818 2852 extimeat
1834 2827 1946 2851 cornu

319 2863 406 2952 ejus1
425 2879 440 2891 n
459 2864 605 2907 (Ripoll,
620 2867 698 2901 deel
713 2867 741 2909 I,
760 2868 826 2902 blz.
847 2870 900 2910 80,
919 2876 959 2902 n0
977 2871 1051 2911 138,
1070 2881 1169 2904 waar
1181 2875 1336 2905 venator
1358 2882 1448 2906 voor
1469 2876 1668 2907 venenator
1683 2871 1947 2914 verkeerdelijk

319 2928 362 2960 ge
403 2918 474 2953 ukt
490 2922 608 2962 staat.)
