2097 3466
842 284 974 318 ANNO
1002 286 1101 318 1515
1725 288 1786 319 5οῖ

901 433 1026 479 424.

213 557 350 607 1515,
374 558 471 601 Mei
488 559 535 610 4,
563 560 718 602 Rome.
747 560 825 603 Bul
850 574 934 603 van
969 562 1053 604 Leo
1078 561 1137 612 X,
1174 562 1262 602 met
1289 559 1341 602 de
1374 560 1673 617 goedkeuring
1705 574 1788 603 van

147 626 226 678 het
256 626 444 669 Concilie
479 640 563 669 van
599 628 811 671 Lateraan
848 629 1198 685 uitgevaardigd,
1226 642 1279 671 en
1314 628 1600 672 verbiedende
1634 630 1714 672 iets
1747 632 1791 672 te

147 694 347 738 drukken
387 695 548 738 zonder
579 696 631 738 de
664 697 876 754 toelating
907 713 994 742 van
1037 698 1068 741 's
1102 711 1268 753 pausen
1313 697 1470 740 vicaris
1504 702 1547 740 te
1582 699 1717 741 Rome
1750 697 1797 740 of

148 777 234 807 van
257 763 310 806 de
333 763 621 820 bisschoppen
645 779 698 807 en
723 780 807 809 van
831 767 883 809 de
908 768 1190 823 inquisiteurs
1213 766 1363 810 buiten
1389 768 1540 810 Rome.
1566 793 1624 798 —
1657 768 1793 810 Naast

147 833 254 876 hare
291 836 444 889 groote
479 833 738 877 voordeelen
778 836 897 879 heeft
935 836 987 878 de
1027 835 1277 891 uitvinding
1316 835 1392 878 der
1428 835 1793 878 boekdrukkunst
1853 859 1856 861 Δ

148 901 363 945 nochtans
401 902 476 945 het
515 902 770 946 verbreiden
807 904 884 947 der
921 905 1127 961 dolingen
1166 905 1208 947 in
1249 905 1300 946 de
1339 904 1457 947 hand
1489 905 1704 960 gewerkt.
1742 905 1790 947 In

147 972 177 1014 ’t
198 971 382 1026 vervolg
405 984 504 1027 mag
527 971 702 1014 daarom
727 986 837 1029 geen
862 972 968 1016 boek
992 978 1036 1017 te
1059 975 1194 1016 Rome
1223 973 1412 1029 gedrukt
1436 973 1614 1017 worden
1633 974 1794 1017 zonder

147 1039 472 1096 voorafgaande
489 1040 792 1098 goedkeuring
815 1055 898 1086 van
921 1045 953 1085 's
976 1056 1140 1099 pausen
1164 1043 1323 1085 vicaris
1347 1056 1399 1085 en
1424 1056 1507 1085 van
1532 1042 1614 1085 den
1640 1057 1793 1098 pause-

149 1109 283 1168 lijken
307 1108 599 1161 hofmeester;
628 1108 778 1154 buiten
799 1112 950 1163 Rome,
973 1126 1058 1155 van
1081 1111 1164 1154 den
1182 1111 1383 1167 bisschop
1402 1111 1449 1153 of
1465 1112 1608 1169 zijnen
1631 1112 1793 1168 plaats-

146 1191 396 1235 vervanger
414 1192 468 1221 en
489 1192 574 1222 van
594 1178 676 1222 den
702 1179 961 1236 inquisiteur
983 1181 1061 1224 der
1082 1181 1238 1236 plaats.
1261 1181 1403 1223 Alwie
1427 1181 1489 1224 dit
1511 1179 1672 1224 verbod
1691 1194 1795 1224 over

147 1249 177 1293 ’t
201 1247 329 1291 hoofd
353 1248 454 1298 ziet,
482 1248 547 1291 zal
588 1248 640 1291 de
675 1249 890 1305 gedrukte
923 1249 1092 1292 boeken
1131 1249 1391 1300 verbeuren,
1431 1263 1537 1294 eene
1575 1249 1675 1293 boet
1708 1263 1792 1292 van

149 1317 346 1361 honderd
366 1316 560 1360 dukaten
581 1316 769 1368 betalen‚
792 1319 1043 1374 gedurende
1062 1333 1139 1361 een
1154 1320 1256 1376 jaar
1273 1319 1337 1361 als
1355 1319 1549 1361 drukker
1566 1319 1795 1376 geschorst

147 1381 311 1445 blijvei
335 1400 389 1429 en
413 1385 721 1429 daarenboven
755 1388 800 1430 in
833 1388 914 1430 den
946 1387 1222 1444 kerkelijken
1247 1387 1331 1430 ban
1354 1388 1458 1445 zijn.
1496 1387 1682 1444 Zondigt
1714 1401 1793 1430 een

146 1455 342 1500 drukker
374 1458 449 1498 ten
483 1455 685 1498 tweeden
710 1457 837 1506 male,
866 1457 950 1500 dan
979 1457 1044 1500 zal
1068 1458 1181 1514 zijne
1217 1456 1331 1500 straf
1348 1471 1456 1499 naar
1489 1456 1684 1500 believen
1709 1471 1793 1500 van

147 1525 230 1569 den
248 1523 524 1582 pauselijken
543 1524 703 1567 vicaris
721 1525 771 1568 of
787 1539 873 1569 van
891 1526 973 1569 den
992 1525 1195 1581 bisschop
1214 1539 1302 1582 nog
1321 1526 1574 1569 verzwaard
1593 1525 1789 1570 worden.

191 1651 264 1686 Leo
289 1650 489 1694 episcopus,
509 1661 633 1684 servus
650 1662 837 1685 servorum
856 1651 934 1692 Dei,
953 1651 997 1685 ad
1012 1654 1222 1695 perpetuam
1241 1650 1292 1685 rei
1308 1650 1534 1692 memoriam,
1550 1661 1652 1685 sacro
1665 1661 1792 1694 appro-

146 1708 254 1742 bante
270 1706 438 1742 concilio.

189 1763 288 1798 Inter
303 1761 551 1797 solicitudines
569 1761 699 1796 nostris
714 1761 878 1796 humeris
891 1761 1158 1803 incumbentes,
1177 1760 1366 1805 presertim
1385 1772 1491 1795 curas
1513 1760 1732 1796 revolvimus
1757 1765 1794 1796 ut

146 1820 308 1854 errantes
335 1817 374 1852 in
404 1817 482 1851 vias
505 1816 669 1852 veritatis
699 1817 872 1852 reducere
901 1816 1067 1860 ipsosque
1093 1817 1307 1852 lucrifacere
1339 1816 1412 1851 Deo
1443 1818 1520 1859 (sua
1544 1815 1646 1851 nobis
1670 1827 1794 1859 coope-

146 1876 250 1909 rante
277 1873 409 1918 gratia)
436 1872 632 1913 valeamus,
660 1872 727 1907 hoc
755 1875 809 1907 est
837 1873 932 1916 quod
962 1873 1123 1916 profecto
1150 1872 1398 1907 desideranter
1423 1871 1660 1915 exquirimus,
1689 1871 1734 1906 ad
1760 1871 1795 1906 id

148 1930 290 1962 nostrae
304 1925 433 1961 mentis
450 1925 574 1961 sedulo
591 1926 811 1960 destinamus
837 1926 1007 1961 affectum
1039 1937 1080 1960 ac
1097 1926 1195 1960 circa
1213 1925 1303 1960 illud
1320 1925 1481 1960 studiosa
1499 1927 1691 1972 diligentia
1703 1926 1793 1971 vigi-

146 1983 274 2018 lamus.

192 2036 287 2072 Sane
304 2035 390 2071 licet
414 2035 603 2071 literarum
622 2036 753 2080 peritia
771 2048 835 2081 per
852 2037 1029 2072 librorum
1056 2036 1246 2072 lectionem
1264 2035 1374 2080 possit
1392 2035 1550 2071 faciliter
1564 2035 1733 2077 obtineri,
1753 2048 1794 2070 ae

147 2103 205 2127 ars
233 2091 465 2136 imprimendi
497 2091 609 2126 libros
636 2092 858 2136 temporibus
883 2092 1109 2136 potissimum
1146 2091 1277 2127 nostris
1310 2091 1434 2125 divino
1462 2092 1603 2126 favente
1631 2091 1792 2133 numine,

146 2147 294 2182 inventa
310 2158 371 2181 seu
389 2151 496 2181 aucta
512 2150 547 2182 et
564 2147 740 2191 perpolita
758 2146 915 2191 plurima
929 2147 1154 2188 mortalibus,
1179 2146 1341 2182 attulerit
1366 2146 1567 2187 commoda,
1584 2157 1666 2180 cum
1684 2157 1795 2189 parva

147 2201 309 2246 impensa
337 2201 441 2245 copia
469 2201 648 2236 librorum
673 2201 831 2236 maxima
855 2202 1045 2243 habeatur,
1065 2201 1356 2246 quibusingenia
1383 2201 1428 2235 ad
1457 2200 1648 2235 literarum
1677 2200 1796 2235 studia

147 2256 399 2301 percommode
411 2256 575 2291 exerceri
592 2260 627 2291 et
642 2257 718 2291 veri
731 2257 865 2292 eruditi
879 2257 916 2291 in
931 2257 1029 2292 omni
1044 2257 1255 2301 linguarum
1280 2267 1426 2300 genere,
1445 2254 1658 2299 praesertim
1675 2259 1796 2291 autem

159 2311 344 2352 catholici,
378 2310 509 2354 quibus
541 2315 701 2346 sanctam
743 2312 946 2347 Romanam
978 2312 1168 2347 ecclesiam
1199 2311 1386 2346 abundare
1433 2311 1656 2351 affectamus,
1690 2311 1797 2345 facilc

149 2367 302 2402 evadere
320 2369 481 2411 possunt,
500 2367 563 2409 qui
579 2366 688 2401 etiam
706 2366 868 2402 infideles
892 2367 1020 2406 sciant,
1046 2372 1080 2402 et
1105 2367 1250 2401 valeant
1269 2365 1381 2400 sacris
1411 2364 1585 2399 institutis
1616 2364 1796 2400 instruere

147 2422 381 2466 fideliumque
411 2421 566 2467 collegio
600 2434 664 2466 per
685 2422 888 2458 doctrinam
918 2422 1138 2457 christianae
1155 2421 1238 2457 fidei
1255 2420 1450 2455 salubriter
1465 2431 1680 2464 aggregare.
1700 2420 1795 2462 Quia

150 2480 272 2512 tamen
303 2477 503 2512 multorum
536 2477 685 2520 querela
715 2480 877 2512 nostrum
909 2481 945 2512 et
974 2477 1066 2512 sedis
1090 2476 1308 2521 apostolieae
1332 2475 1487 2519 pulsavit
1517 2476 1682 2511 auditum
1699 2477 1795 2520 quod

151 2531 318 2567 nonnulli
335 2531 446 2575 hujus
462 2531 551 2566 artis
568 2532 800 2576 imprimendi
818 2532 984 2577 magistri
1009 2532 1047 2567 in
1070 2531 1222 2567 diversis
1246 2530 1372 2565 mundi
1391 2530 1555 2574 partibus
1571 2531 1694 2572 libros,
1721 2535 1794 2566 tam

150 2588 322 2627 Graecae,
354 2586 568 2628 Hebraieac,
602 2587 781 2623 Arabicae
805 2591 839 2623 et
873 2588 1052 2623 Chaldeae
1074 2600 1116 2622 ac
1138 2587 1282 2632 vulgari
1307 2598 1471 2621 sermone
1496 2587 1622 2628 editos,
1656 2599 1795 2623 errores

148 2642 258 2678 etiam
276 2641 314 2676 in
333 2641 402 2676 fide
419 2653 461 2675 ac
481 2642 683 2686 perniciosa
711 2643 883 2688 dogmata
908 2643 1016 2679 etiam
1035 2642 1207 2687 religioni
1224 2641 1444 2677 christianae
1460 2641 1645 2677 contraria
1663 2643 1795 2678 famam

151 2708 390 2742 personarum
423 2696 531 2732 etiam
549 2697 729 2742 dignitate
746 2698 965 2743 fulgentium
984 2697 1209 2733 continentes
1233 2697 1442 2741 imprimere
1475 2708 1517 2731 ac
1543 2697 1687 2740 publice
1713 2710 1796 2733 vcn-

147 2752 234 2787 dere
251 2755 499 2796 praesumunt.
518 2764 561 2787 ex
578 2764 733 2796 quorum
751 2753 891 2788 lectura
908 2765 978 2788 non
996 2753 1112 2788 solum
1129 2753 1288 2797 legentes
1306 2763 1377 2786 non
1402 2751 1654 2791 aedificantur,
1673 2753 1732 2787 sed
1758 2752 1794 2787 in

150 2807 327 2844 maximos
356 2807 476 2852 potius
508 2812 582 2843 tam
607 2808 645 2843 in
677 2809 747 2844 fide
764 2820 873 2853 quam
894 2808 930 2843 in
948 2810 1021 2844 vita
1040 2811 1073 2843 et
1091 2808 1253 2842 moribus
1270 2807 1514 2851 prolabuntur
1529 2818 1682 2848 errores,
1703 2808 1797 2843 unde

154 2865 257 2900 varia
283 2875 389 2908 saepe
418 2863 600 2904 scandala,
631 2865 739 2907 prout
768 2863 993 2907 experientia
1010 2874 1132 2897 rerum
1150 2861 1323 2905 magistra
1341 2859 1476 2899 docuit.
1494 2864 1618 2896 exorta
1652 2862 1797 2896 suerunt

156 2923 192 2956 et
209 2921 349 2964 majora
366 2919 403 2954 in
419 2919 497 2954 dies
510 2918 645 2954 exoriri
663 2918 917 2953 formidantur.

193 2975 267 3010 Nos
287 2973 422 3018 itaque,
445 2985 489 3010 ne
513 2973 551 3009 id
567 2973 663 3018 quod
678 2973 724 3009 ad
742 2972 807 3008 Dei
831 2972 987 3016 gloriam
1005 2975 1039 3008 et
1057 2971 1139 3008 fidei
1155 2974 1393 3016 augmentum
1409 2982 1451 3006 ac
1468 2972 1644 3007 bonorum
1662 2971 1795 3007 artium
