2097 3466
782 258 914 294 ANNO
941 260 1043 293 1025
1706 259 1726 291 3

94 355 243 398 hunne
281 353 547 397 leerstelsels
584 353 688 397 door
725 367 831 397 eene
869 354 1117 412 Latijnsche
1154 352 1409 409 verklaring
1446 353 1522 396 der
1555 352 1724 411 Synode

93 423 286 482 plechtig
318 423 614 475 veroordeeld,
657 423 799 466 welke
837 423 1091 480 verklaring
1129 422 1235 466 door
1272 436 1409 466 eenen
1453 423 1544 466 tolk
1587 423 1629 465 in
1673 422 1724 466 de

94 493 312 538 volkstaal
349 492 471 536 werd
507 491 827 549 overgebracht
864 496 938 536 ten
978 492 1170 536 behoeve
1208 492 1285 534 der
1321 491 1506 544 ketterS,
1547 507 1724 550 waarop

95 562 199 606 deze
229 566 305 607 ten
336 561 518 620 bewijze
551 562 724 606 hunner
757 562 1094 619 onderwerping
1125 561 1200 605 het
1234 562 1333 606 stuk
1366 567 1453 606 met
1486 576 1566 605 een
1604 562 1726 605 kruis

96 632 476 677 onderteekenden
501 647 554 675 en
573 646 625 689 op
648 632 756 690 vrije
774 635 932 676 voeten
949 632 1127 676 werden
1145 632 1314 688 gesteld
1331 645 1388 675 na
1404 631 1487 675 den
1505 631 1727 689 bisschop-

95 702 287 760 pelijken
310 716 446 759 zegen
467 705 512 746 te
535 701 705 746 hebben
729 705 995 759 ontvangen.

139 804 245 840 Anno
258 805 472 841 Dominicae
487 805 752 840 incarnationis
767 804 942 840 MXXV.
958 804 1157 840 indictione
1170 804 1285 847 V111.‚
1297 805 1428 840 domno
1445 805 1604 840 Gerardo
1621 805 1728 840 eccle-

96 860 187 896 siam
200 861 479 896 Kamaracensis
494 873 556 896 seu
570 860 833 896 Attrebatensis
851 860 953 896 urbis
968 863 1128 905 regente,
1140 860 1296 904 quodam
1313 871 1456 896 annuae
1468 859 1729 895 observationis

95 927 197 952 more
223 917 390 961 contigit,
420 920 461 951 ut
490 916 672 951 Dominici
703 916 843 950 Natalis
871 918 905 951 et
934 915 1185 960 Apparitionis
1213 914 1340 950 diebus
1367 916 1405 950 in
1433 916 1515 950 sede
1542 916 1728 951 Camaraci

96 971 249 1006 solemni
273 982 382 1006 cursu
402 971 566 1015 expletis,
585 971 680 1006 idem
699 972 843 1015 praesul
865 982 929 1015 per
946 971 1085 1014 aliquot
1107 970 1184 1006 dies
1199 970 1391 1006 stationem
1409 971 1446 1005 in
1463 971 1544 1006 sede
1560 971 1730 1006 Attreba-

96 1027 190 1062 tensi
206 1028 325 1063 facere
341 1027 498 1062 deberet.
516 1026 588 1061 Ubi
605 1038 688 1062 cum
704 1027 747 1062 de
765 1025 1019 1062 ecclesiasticis
1036 1025 1285 1060 functionibus
1301 1027 1386 1060 satis
1402 1037 1467 1070 pro
1485 1026 1731 1070 oportunitate

99 1082 273 1126 temporis
288 1085 473 1124 tractaret,
494 1082 649 1117 relatum
667 1085 719 1117 est
736 1082 780 1124 ei,
798 1082 972 1125 quosdam
993 1082 1036 1116 ab
1056 1081 1182 1116 Italiae
1199 1081 1333 1116 finibus
1348 1082 1445 1116 viros
1468 1094 1510 1117 eo
1533 1081 1603 1116 loci
1627 1082 1730 1117 adve-

101 1137 206 1180 nisse,
249 1138 311 1182 qui
337 1138 532 1182 quamdam
557 1149 671 1174 novae
694 1138 883 1173 haereseos
907 1141 1041 1173 sectam
1069 1137 1340 1172 introducentes
1365 1137 1597 1182 evangelicae
1623 1142 1731 1181 atque

98 1194 318 1238 apostolicae
341 1195 539 1230 sanctionis
562 1194 792 1239 disciplinam
818 1197 1024 1238 pervertere
1048 1194 1247 1235 tentabant,
1274 1198 1308 1229 et
1332 1194 1526 1237 quamdam
1550 1194 1730 1238 justitiam

98 1251 354 1295 praeferentes,
367 1251 436 1285 hac
450 1251 525 1286 sola
535 1251 724 1295 purificari
740 1250 905 1285 homines
918 1250 1138 1290 asserebant,
1154 1250 1368 1294 nullumque
1385 1250 1423 1285 in
1441 1253 1566 1285 sancta
1583 1251 1733 1286 ecclesia

99 1306 200 1341 aliud
217 1318 291 1341 esse
309 1310 590 1348 sacramentum,
610 1318 674 1350 per
694 1306 789 1350 quod
812 1306 856 1340 ad
879 1305 1032 1340 salutem
1055 1305 1245 1350 pervenire
1261 1305 1480 1350 potuissent.
1504 1306 1570 1341 His
1585 1306 1731 1348 auditis,

100 1361 255 1397 domnus
281 1363 470 1407 episcopus
500 1362 664 1407 perquiri
695 1362 860 1397 homines
883 1362 988 1406 jubet
1024 1365 1059 1396 et
1086 1361 1252 1396 inventos
1282 1361 1352 1396 sibi
1386 1362 1625 1406 praesentari.
1663 1361 1734 1402 Qui

102 1417 226 1452 audita
242 1417 491 1461 inquisitionis
507 1429 615 1452 causa
633 1418 758 1462 fugam
775 1417 916 1452 occulte
932 1417 1122 1461 parabant,
1141 1416 1201 1451 sed
1226 1417 1414 1460 praeventi
1438 1428 1459 1451 a
1483 1416 1734 1460 quaestoribus

100 1471 300 1508 trahuntur
322 1473 367 1508 ad
391 1473 634 1518 praesentiam
661 1472 833 1516 episcopi.
864 1471 935 1512 Qui
958 1472 998 1506 in
1022 1471 1104 1506 aliis
1129 1471 1247 1507 causis
1270 1471 1486 1507 definiendis
1508 1475 1595 1507 tunc
1620 1471 1733 1515 pluri·

101 1540 203 1565 mum
226 1533 435 1575 occupatus,
465 1540 580 1574 pauca
605 1529 649 1563 ad
677 1533 819 1572 tempus
843 1529 886 1563 de
912 1528 981 1563 fide
1004 1528 1153 1563 illorum
1180 1527 1384 1562 sciscitatus
1408 1531 1471 1569 est,
1505 1529 1735 1571 sentiensque

102 1596 162 1621 eos
185 1585 341 1629 quodam
366 1585 469 1630 pravi
493 1585 674 1630 dogmatis
698 1595 821 1619 errore
845 1585 974 1626 teneri,
993 1583 1134 1619 recludi
1156 1584 1195 1619 in
1212 1584 1412 1619 custodiam
1433 1584 1537 1627 jubet
1561 1595 1673 1627 usque
1696 1585 1734 1619 in

100 1641 197 1677 diem
229 1642 403 1685 tertium3
433 1645 468 1676 et
495 1641 553 1677 die
579 1640 742 1684 sequenti
771 1640 914 1675 clericis
944 1643 978 1674 et
1004 1639 1193 1675 monachis
1221 1640 1353 1675 indicit
1379 1640 1574 1684 jejunium,
1606 1643 1648 1675 ut
1677 1651 1735 1675 eos

102 1696 227 1732 divina
243 1697 364 1742 gratia
379 1697 581 1732 catholicae
596 1696 682 1731 fidei
699 1696 930 1740 perceptione
946 1695 1112 1740 resipisci
1128 1696 1297 1731 donaret.

147 1752 273 1788 Tertia
296 1764 381 1788 vero
405 1752 476 1795 die,
505 1763 598 1796 quae
622 1751 805 1786 dominica
828 1751 1042 1794 habebatur,
1073 1755 1320 1796 segmentatus
1344 1752 1533 1796 episcopus
1556 1763 1640 1787 cum
1663 1751 1736 1787 suis

103 1807 383 1850 archidiaconis,
407 1808 544 1852 paratis
568 1808 738 1842 crucibus
762 1811 798 1842 et
820 1807 929 1842 textis
952 1807 1184 1852 evangelicis,
1208 1807 1430 1843 circumfusa
1453 1810 1565 1843 totius
1589 1807 1677 1842 cleri
1702 1810 1738 1842 et

103 1864 229 1909 populi
252 1864 499 1906 multitudine,
519 1864 704 1908 Synodum
733 1864 981 1899 celebraturus
1004 1863 1043 1898 in
1068 1863 1220 1899 ecclesia
1243 1864 1369 1898 beatae
1384 1862 1526 1898 Mariae
1549 1862 1737 1908 progredi-

103 1923 176 1962 tur,
203 1920 442 1965 impositaque
466 1919 667 1963 antiphona
683 1920 872 1963 Eoesuryat
890 1920 1000 1961 Deus,
1019 1922 1137 1954 totum
1162 1919 1292 1963 psalmi
1314 1919 1423 1963 hujus
1447 1930 1594 1954 cursum
1619 1919 1739 1963 exple·

104 1980 252 2011 verunt.
275 1976 440 2019 Denique
459 1977 640 2011 residente
657 1976 823 2020 episcopo
850 1976 888 2010 in
915 1976 1130 2011 consistorio
1160 1988 1225 2011 suo
1254 1978 1289 2010 et
1320 1976 1504 2019 utrimque
1534 1975 1735 2018 abbatibus,

103 2033 286 2077 religiosis
309 2037 417 2076 atque
440 2032 718 2074 archidiaconis,
742 2032 957 2076 caeterisque
989 2032 1187 2067 secundum
1210 2031 1450 2066 ordinationis
1470 2043 1555 2066 suae
1583 2031 1738 2076 gradum

105 2089 429 2130 discumbentibus,
454 2087 621 2123 homines
649 2100 668 2122 e
695 2088 859 2122 custodia
888 2087 1008 2122 educti
1036 2087 1075 2122 in
1106 2087 1266 2122 medium
1295 2087 1594 2122 introducuntur.
1629 2086 1675 2121 Et
1701 2086 1740 2121 in

106 2142 224 2186 primo
254 2143 400 2186 quidem
432 2144 621 2187 episcopus
664 2154 773 2186 super
808 2142 866 2176 his
899 2142 1120 2186 generaliter
1151 2143 1304 2176 verbum
1337 2142 1422 2177 fecit
1461 2142 1504 2177 ad
1542 2142 1734 2186 populum.

107 2198 245 2234 Deinde
275 2210 468 2234 conversus
496 2199 540 2233 ad
569 2199 681 2234 istos:
711 2213 726 2226 ιι
747 2198 934 2240 Quaenam
959 2202 1022 2240 est,
1041 2199 1173 2242 inquit,
1203 2198 1370 2233 doctrina
1399 2202 1528 2240 vestra,
1548 2199 1605 2233 lex
1633 2203 1741 2242 atque

107 2255 264 2297 cultura,
283 2255 408 2298 quisve
426 2258 554 2290 auctor
570 2258 622 2290 est
639 2255 852 2298 disciplinae
868 2259 1008 2289 vestrae
1022 2253 1034 2288 3
1055 2270 1070 2283 ’ν
1087 2255 1135 2289 At
1152 2254 1206 2288 illi
1223 2254 1396 2295 referunt,
1415 2266 1452 2289 se
1468 2266 1543 2289 esse
1560 2254 1742 2290 auditores

109 2310 283 2345 Gundulfi
313 2311 502 2355 cujusdam
530 2312 575 2345 ab
607 2311 734 2345 Italiae
763 2310 926 2354 partibus
949 2310 1032 2351 viri,
1060 2314 1095 2345 et
1118 2310 1162 2344 ab
1187 2322 1228 2345 eo
1253 2309 1472 2355 evangelicis
1499 2310 1679 2345 mandatis
1708 2315 1743 2346 et

108 2365 316 2409 apostolicis
332 2366 558 2408 informatos,
578 2367 789 2409 nullamque
811 2369 955 2410 praeter
971 2365 1065 2400 hanc
1083 2365 1301 2409 scripturam
1321 2377 1357 2400 se
1378 2365 1552 2409 recipere,
1571 2365 1630 2400 sed
1647 2365 1742 2401 hanc

107 2432 216 2464 opere
233 2425 267 2456 et
283 2422 392 2456 verbo
409 2426 546 2457 tenere.

151 2477 287 2512 Verum
313 2479 398 2522 quia
423 2478 467 2513 ad
493 2478 666 2513 noticiam
698 2478 855 2522 episcopi
884 2481 1110 2522 pervenerat,
1134 2477 1216 2512 illos
1240 2478 1334 2512 sacri
1365 2477 1590 2522 baptismatis
1614 2482 1742 2522 myste-

107 2531 203 2567 rium
221 2533 365 2576 penitus
386 2532 594 2574 abhorrere,
615 2533 798 2568 Dominici
822 2533 1010 2577 sanguinis
1035 2536 1069 2567 et
1093 2533 1253 2576 corporis
1276 2537 1541 2568 sacramentum
1559 2544 1739 2578 respuere,

108 2598 245 2632 negare
273 2588 383 2632 lapsis
410 2589 673 2632 poenitentiam
702 2593 782 2632 post
810 2589 1068 2632 professionem
1105 2589 1292 2631 proficere,
1323 2590 1511 2624 ecclesiam
1537 2589 1739 2631 annullare,

108 2643 274 2688 legitima
307 2645 487 2679 connubia
520 2645 697 2686 execrari,
728 2644 870 2679 nullum
903 2645 941 2678 in
972 2645 1107 2679 sanctis
1137 2645 1402 2680 consessoribus
1431 2645 1564 2680 donum
1595 2645 1741 2680 virtutis

109 2703 283 2743 spectare,
304 2703 448 2743 praeter
464 2700 644 2743 apostolos
660 2705 693 2734 et
711 2702 888 2743 martyres
905 2699 1086 2734 neminem
1103 2699 1232 2733 debere
1249 2699 1430 2734 venerari.

154 2755 239 2789 Illos
264 2754 451 2799 episcopus
478 2766 586 2799 super
610 2754 818 2798 hujusmodi
842 2755 1094 2797 interrogans:
1115 2762 1131 2781 ‘⁴
1151 2754 1350 2797 Quomodo,
1371 2755 1501 2799 inquit,
1520 2767 1740 2800 consequens

110 2814 162 2846 est
185 2822 247 2845 vos
271 2811 482 2855 evangelica
508 2815 543 2846 et
565 2810 762 2854 apostolica
785 2810 953 2845 instituta
977 2814 1110 2851 tenere,
1136 2814 1171 2845 et
1195 2812 1378 2846 contraria
1404 2812 1481 2846 istis
1505 2812 1738 2855 praedicare?

111 2866 243 2900 Narrat
269 2877 424 2910 namque
447 2870 566 2901 textus
592 2865 835 2909 evangelicus,
855 2865 951 2908 quia,
971 2865 1138 2908 princeps
1161 2865 1383 2900 Judaeornm
1410 2866 1629 2902 Nicodemus
1653 2868 1739 2902 dum

111 2932 154 2956 ex
180 2921 296 2965 signis
321 2925 356 2956 et
383 2921 571 2956 miraculis
597 2921 721 2956 desum
746 2932 765 2954 a
795 2920 868 2955 Deo
899 2921 1037 2955 venisse
1063 2921 1310 2960 confiteretur,
1357 2922 1530 2957 continuo
1564 2923 1739 2959 Dominus

112 2975 307 3020 respondit,
341 2975 523 3012 neminem
564 2974 633 3010 hoc
668 2975 744 3010 solo
781 2974 1014 3010 consessionis
1044 2986 1194 3010 munere
1231 2986 1382 3019 regnum
1421 2976 1605 3011 coelorum
1640 2988 1740 3021 posse
