2097 3466
303 260 344 292 42
1025 253 1159 289 ANNO
1188 255 1287 289 1163

304 355 455 388 suerunt
472 351 626 394 confusi,
645 351 732 386 victi
756 355 889 393 tamen,
908 349 1068 395 superati
1086 353 1120 385 et
1137 349 1172 384 vi
1195 351 1495 394 argumentorum
1512 359 1628 392 usque
1643 349 1731 384 adeo
1749 349 1938 385 constricti

304 414 337 443 et
355 407 528 448 conclusi,
548 407 643 450 quod
669 406 761 442 nihil
785 407 940 451 amplius
965 408 1132 450 poterant
1156 405 1396 448 respondere3
1416 416 1549 449 magno
1573 407 1706 439 conatu
1726 415 1850 440 omnes
1865 405 1938 440 viri

303 464 398 497 docti
425 473 489 506 pro
516 473 640 496 corum
665 462 900 496 conversione
924 463 968 495 ad
994 464 1131 495 rectam
1156 459 1263 494 fidem
1287 459 1546 494 studiosissime
1564 459 1740 502 rogando,
1759 460 1938 494 monendo

304 523 338 552 ct
355 516 580 551 exhortando
597 515 735 549 diutius
759 515 985 555 laborabam,
1005 514 1064 547 sed
1090 514 1236 547 frustra.
1257 511 1376 546 Nullis
1394 512 1491 547 enim
1515 512 1810 554 authoritatibus,
1829 512 1940 548 nullis

303 572 505 606 rationibus
522 571 578 605 vel
598 569 909 604 admonitionibus
927 571 1094 612 poterant
1114 567 1239 602 induci
1256 570 1434 610 quatenus
1449 577 1514 601 suo
1537 567 1792 602 renuntiarent
1809 567 1937 608 errori,

303 628 364 661 sed
383 627 419 661 in
439 629 613 669 concepta
629 626 739 660 semel
757 624 896 659 haeresi
923 623 1208 668 pertinacissime
1225 634 1348 657 omnes
1363 625 1657 666 permanserunt.

348 681 452 716 Unde
479 692 563 716 cum
592 680 807 724 persuadere
831 679 882 714 eis
907 691 1011 714 nemo
1039 681 1157 722 posset
1180 681 1220 712 ut
1247 677 1490 721 perniciosum
1517 681 1730 713 revocarent
1764 688 1937 723 errorem,

303 737 346 771 do
363 736 515 771 ecclesia
538 740 711 778 tanquam
741 734 916 769 haeretici
949 737 1181 768 contumaces
1204 732 1357 776 projecti
1383 735 1467 767 sunt
1491 736 1525 768 et
1549 743 1570 766 a
1592 733 1779 777 judicibus
1802 733 1847 767 ad
1869 733 1938 768 hoc

301 790 483 835 deputatis
499 790 543 824 ad
566 790 691 834 ignem
715 799 778 832 per
801 788 1020 823 sententiam
1040 787 1282 822 condemnati.
1302 786 1372 828 Qui
1396 787 1498 822 ducti
1521 789 1617 822 foras
1633 791 1737 822 extra
1752 787 1938 824 civitatem

301 847 369 882 ista
395 846 453 880 die
481 845 613 880 mensis
628 843 783 888 Augusti
816 855 912 878 anno
948 843 1175 887 praescripto
1204 843 1354 887 ignibus
1385 843 1513 878 traditi
1544 847 1628 879 sunt
1659 847 1695 878 et
1722 843 1762 879 in
1777 844 1938 880 cinerem

303 901 437 936 redacti
456 901 537 942 viri,
568 904 607 934 ut
633 899 802 941 diximus,
829 901 910 933 octo
935 903 971 933 et
994 897 1174 933 foeminae
1198 901 1271 933 tres
1293 901 1448 933 mortem
1479 909 1562 932 cum
1583 898 1808 934 exultatione
1829 899 1942 934 susci.

303 957 451 1000 pientes.
472 956 562 990 Erat
588 956 683 989 inter
707 966 766 989 eos
786 954 986 998 Juvencula
1003 966 1076 990 una
1101 954 1187 988 satis
1214 953 1368 998 pulchra
1392 957 1427 988 et
1449 954 1686 998 morigerata,
1706 965 1814 999 super
1828 965 1939 998 quam

298 1011 440 1056 judices
467 1015 502 1045 et
535 1009 597 1053 qui
629 1009 820 1044 adstabant
851 1009 1020 1044 incendio
1051 1008 1304 1044 misericordia
1335 1008 1424 1043 moti
1454 1012 1561 1053 sunt3
1587 1013 1622 1044 et
1649 1009 1836 1054 cupientes
1859 1021 1940 1046 eam

302 1067 454 1108 salvare,
473 1065 503 1101 si
528 1067 661 1100 sorsam
685 1065 842 1100 aliorum
873 1065 948 1099 viso
984 1064 1137 1099 interitu
1168 1075 1211 1098 ac
1243 1064 1372 1099 territa
1395 1064 1548 1099 consilio
1576 1064 1686 1100 vellet
1708 1065 1940 1109 acquiescere

302 1121 451 1163 saniori,
470 1120 730 1156 commiserunt
754 1131 832 1154 eam
855 1119 1071 1163 quibusdam
1103 1130 1214 1163 prope
1245 1119 1447 1154 astantibus
1479 1119 1673 1154 tenendam
1704 1120 1743 1154 in
1772 1119 1941 1156 manibus

303 1181 410 1220 atque
427 1176 653 1211 servandam.
673 1175 896 1210 Ardentibus
914 1178 991 1218 jam
1009 1175 1090 1218 alijs
1107 1178 1142 1210 et
1166 1174 1291 1210 multis
1308 1174 1586 1210 exhortantibus
1601 1178 1711 1218 atque
1726 1177 1941 1219 rogantibus

304 1232 474 1276 puellam,
493 1234 534 1266 ut
557 1231 601 1265 ab
623 1241 747 1265 errore
764 1230 859 1265 malo
875 1229 1063 1265 discedens
1080 1230 1196 1264 vitam
1213 1230 1281 1265 sibi
1307 1235 1468 1265 servaret
1493 1241 1711 1272 concessam,
1729 1229 1795 1265 illa
1817 1234 1940 1266 tacens

304 1291 339 1322 et
356 1287 447 1321 nulli
472 1286 670 1329 quidquam
695 1285 926 1328 respondens,
945 1284 1093 1319 tandem
1123 1284 1242 1319 subito
1267 1284 1311 1319 de
1334 1284 1502 1319 manibus
1526 1283 1728 1320 tenentium
1751 1285 1883 1330 elapsa,
1900 1284 1940 1321 in

304 1343 463 1379 medium
479 1355 516 1378 se
533 1343 763 1377 flammarum
780 1341 1017 1386 praecipitem
1033 1341 1133 1377 dedit
1149 1345 1184 1376 et
1199 1344 1322 1386 periit.

653 1419 673 1455 J
678 1419 837 1455 ohannes
853 1418 1090 1461 Trithemius,
1117 1418 1284 1453 Annales
1300 1418 1604 1463 Hirsauffienses,
1630 1418 1711 1454 deel
1731 1418 1758 1461 I,
1777 1418 1845 1454 blz.
1864 1420 1942 1456 450-

699 1477 776 1509 452.
791 1495 834 1499 —
852 1475 893 1508 In
910 1474 953 1509 de
969 1474 1134 1508 Annales
1158 1473 1458 1508 Veterocellanses
1470 1475 1532 1518 (bij
1548 1474 1666 1516 Pertz,
1683 1474 1938 1517 Monumenta,

697 1530 911 1574 Scriptores,
930 1530 1008 1564 deel
1025 1529 1123 1569 XVI,
1142 1530 1209 1564 blz.
1228 1530 1284 1573 42)
1307 1530 1407 1564 lezen
1430 1532 1489 1573 wij
1515 1529 1599 1564 deze
1621 1530 1731 1564 dorre
1753 1530 1941 1566 aanteeke-

697 1585 805 1629 ning:
822 1599 836 1612 ιι
852 1586 971 1627 (Anno
989 1584 1099 1628 1163).
1116 1584 1277 1620 Heretici
1290 1584 1469 1619 combusti
1486 1589 1571 1619 sunt
1586 1585 1746 1627 Colonie,
1776 1596 1796 1620 e
1811 1586 1941 1629 quibus

702 1652 774 1675 una
790 1641 923 1675 mulier
940 1652 976 1675 se
993 1640 1092 1675 dedit
1108 1640 1324 1685 precipitem
1340 1640 1380 1676 in
1396 1640 1521 1685 ignem
1537 1640 1639 1676 nullo
1656 1643 1820 1686 cogente.
1841 1657 1858 1672 n

1064 1781 1150 1824 42.

368 1910 505 1959 1163,
542 1910 782 1966 Auquscus
821 1908 865 1958 5,
903 1908 1093 1951 Kculen.
1131 1906 1372 1950 Uittreksel
1412 1907 1480 1950 uit
1512 1921 1619 1950 eene
1656 1907 1946 1967 geliJ'ktinige

304 1980 521 2023 Keulsche
542 1978 721 2034 kronijk
743 1991 847 2020 over
879 1977 957 2019 het
980 1975 1255 2019 verbranden
1292 1990 1376 2019 van
1410 1976 1671 2020 Vlaamsche
1702 1977 1873 2021 ketters
1902 1981 1947 2022 te

304 2051 489 2092 Keulen.
516 2073 573 2080 -
595 2049 705 2090 Deze
737 2046 957 2090 Catharen
994 2046 1056 2088 uit
1089 2046 1369 2089 Vlaanderen
1404 2045 1644 2102 afkomstig
1667 2061 1721 2089 en
1744 2046 1865 2090 dicht
1887 2045 1944 2105 bij

304 2119 472 2160 Keulen
507 2118 551 2159 in
584 2131 690 2160 eene
723 2116 887 2159 schuur
911 2114 1223 2172 verblijvende‚
1255 2113 1431 2157 werden
1455 2115 1562 2158 door
1582 2116 1731 2158 hunne
1754 2114 1947 2171 geburen

308 2185 359 2244 bij
388 2187 439 2229 de
471 2185 807 2242 geestelijkheid
838 2183 1157 2239 aangeklaagd,
1185 2184 1354 2226 ketters
1385 2183 1609 2226 bevonden
1633 2198 1686 2227 en
1707 2185 1752 2227 in
1774 2184 1948 2227 handen

305 2256 381 2298 der
411 2255 683 2312 wereldlijke
715 2254 861 2296 macht
896 2252 1222 2308 overgeleverd.
1263 2253 1419 2296 Buiten
1463 2253 1513 2295 de
1545 2253 1642 2296 stad
1679 2253 1860 2296 werden
1893 2253 1945 2310 zij

305 2324 538 2376 verbrand,
565 2323 770 2366 wezende
795 2322 888 2364 vier
913 2335 1102 2364 mannen
1138 2335 1191 2363 en
1215 2335 1297 2364 een
1321 2322 1486 2379 meisje,
1515 2322 1582 2364 die
1605 2322 1667 2365 uit
1692 2321 1950 2378 medelijden

306 2394 500 2436 wellicht
524 2393 627 2449 ging
659 2391 874 2448 gespaard
898 2390 1094 2442 worden,
1124 2404 1244 2433 maar
1276 2390 1496 2434 zichzelve
1525 2394 1613 2434 met
1636 2390 1807 2448 geweld
1829 2390 1874 2433 in
1898 2390 1949 2433 de

310 2463 529 2506 vlammen
547 2462 702 2517 wierp.

352 2568 458 2601 Anno
473 2564 618 2600 Domini
634 2564 840 2599 MCLXIII.
863 2563 1020 2604 Quidam
1040 2562 1217 2598 haeretici
1242 2563 1286 2598 de
1302 2565 1400 2598 secta
1418 2573 1543 2597 eorum
1564 2562 1628 2606 qui
1644 2560 1797 2597 Kathari
1813 2572 1952 2597 nuncu·

307 2624 451 2664 pantur,
472 2621 514 2654 de
532 2619 729 2653 Flandriae
760 2619 925 2662 partibus
943 2618 1132 2653 Coloniam
1149 2618 1382 2653 advenientes
1405 2628 1516 2662 prope
1531 2617 1716 2652 civitatem
1737 2617 1776 2652 in
1797 2617 1954 2660 quodam

308 2673 440 2707 horreo
465 2672 605 2707 occulte
636 2671 833 2706 mansitare
871 2675 1088 2715 coeperunt3
1122 2671 1183 2705 sed
1215 2671 1301 2705 dum
1333 2681 1452 2713 neque
1467 2669 1659 2704 Dominico
1687 2669 1746 2704 die
1766 2669 1955 2704 ecclesiam

307 2731 498 2770 intrarent,
531 2740 553 2762 a
581 2727 962 2763 circummanentibus
997 2726 1250 2771 comprehensi
1282 2730 1316 2761 et
1358 2725 1491 2761 detecti
1534 2729 1634 2760 sunt.
1673 2725 1743 2766 Qui
1783 2724 1955 2760 ecclesiae

308 2784 508 2819 catholicae
523 2782 787 2826 repraesentati
804 2787 839 2817 et
855 2782 918 2816 diu
931 2782 1017 2817 satis
1034 2783 1077 2816 de
1094 2787 1191 2817 secta
1203 2792 1268 2815 sua
1283 2781 1496 2822 examinati,
1511 2780 1595 2814 dum
1610 2779 1721 2815 nullis
1734 2779 1958 2824 probabilius

307 2839 535 2874 documentis
559 2838 697 2882 corrigi
722 2841 878 2881 possent,
915 2837 977 2872 sed
1006 2837 1045 2871 in
1079 2848 1143 2871 suo
1171 2836 1354 2880 proposito
1386 2835 1676 2880 pertinacissime
1710 2835 1955 2880 persisterent,

309 2895 415 2939 eJecti
433 2897 519 2929 sunt
534 2894 578 2928 ab
595 2892 746 2928 ccclesia
764 2896 798 2927 et
815 2893 855 2926 in
871 2903 1003 2926 manus
1019 2891 1198 2927 laicorum
1215 2890 1342 2926 traditi
1357 2904 1366 2935 3
1387 2890 1451 2934 qui
1469 2903 1528 2927 eos
1539 2894 1642 2926 extra
1659 2891 1786 2926 urbem
1803 2891 1954 2925 educen-

325 2961 361 2985 es
381 2949 485 2985 nonis
506 2948 670 2992 Augusti
691 2947 839 2992 ignibus
856 2959 916 2983 eos
932 2947 1176 2989 tradiderunt,
1197 2958 1314 2982 mares
1337 2949 1494 2990 quatuor
1521 2951 1556 2983 et
1568 2946 1804 2991 juvenculam
1829 2956 1953 2982 unam,
