2097 3466
297 271 361 304 274
972 260 1104 297 ANNO
1131 261 1229 295 1411

343 360 537 401 Decimam,
563 357 658 404 quod
680 355 960 402 praedicationes
983 357 1018 389 et
1039 352 1224 388 doctrinae
1250 350 1481 394 antiquorum
1505 350 1710 383 sanctorum
1736 348 1773 382 et
1794 345 1913 381 docto-

301 429 379 452 rum
397 416 584 450 cessabunt.
598 417 633 449 et
648 412 898 458 supervenient
914 421 1037 450 novae,
1056 411 1091 444 ct
1113 408 1207 452 quod
1223 407 1401 450 scriptura
1417 404 1550 439 clarius
1572 401 1792 438 revelabitur
1806 411 1915 446 quam

301 472 485 514 hucusque
508 469 691 504 notificata
713 468 770 509 sit,
787 471 822 503 et
838 466 933 510 quod
949 464 1104 509 Spiritus
1120 463 1272 498 Sanctus
1296 460 1428 495 clarius
1450 457 1671 494 illuminabit
1694 457 1917 492 intellectum

300 526 498 560 humanum
522 535 628 567 quam
655 523 840 566 hucusque
866 519 1001 561 fecerit,
1020 518 1128 554 etiam
1151 517 1189 551 in
1212 515 1391 560 apostolis,
1411 513 1496 557 quia
1519 524 1591 548 non
1617 512 1824 546 habuerunt
1848 507 1918 545 nisi

302 579 483 620 corticem,
502 582 537 613 ct
552 578 647 622 quod
672 577 820 613 instabit
843 579 980 618 tempus
996 585 1066 618 quo
1082 571 1274 608 revelanda
1297 570 1367 606 erit
1395 570 1458 604 illa
1481 570 1538 604 lex
1563 566 1719 612 Spiritus
1737 564 1860 601 Sancti
1884 567 1921 601 et

302 632 478 668 libertatis
499 631 697 676 spiritualis
718 634 753 666 et
775 633 861 666 tunc
887 639 1053 674 praesens
1075 627 1133 662 lex
1156 625 1319 667 cessabit,
1344 625 1450 660 istam
1472 635 1602 659 revoco
1627 627 1800 669 tanquam
1822 633 1919 658 erro-

304 699 419 729 neam,
437 686 665 722 temerariam
681 689 716 722 et
730 684 961 720 haereticam.

347 740 594 782 Undecimum,
623 741 719 784 quod
745 738 942 784 presbyteri
969 736 1153 772 audientes
1181 734 1417 771 confessiones
1444 745 1516 769 non
1544 733 1734 770 remittunt
1761 734 1919 778 peccata,

304 797 366 833 sed
383 796 555 837 Christus,
575 807 618 830 ex
633 807 675 830 eo
691 795 785 839 quod
810 796 974 838 peccator
990 804 1061 827 non
1084 794 1198 836 potest
1219 790 1399 826 dimittere
1422 792 1580 834 peccata,
1598 800 1727 825 revoco
1750 790 1924 832 tanquam

306 852 443 893 falsam,
462 861 649 886 erroneam
665 853 701 885 et
715 849 857 894 piorum
873 847 1018 882 aurium
1033 846 1252 882 offensivam.

351 905 619 946 Duodecimam,
637 905 732 948 quod
747 903 881 948 pluries
897 901 1032 938 asserui
1047 913 1104 936 me
1119 900 1286 936 habuisse
1301 899 1556 935 revelationem
1572 901 1608 934 et
1629 897 1668 933 in
1683 909 1727 934 ea
1740 908 1798 933 me
1813 907 1836 932 a
1851 896 1926 932 Deo

307 961 416 997 fuisso
439 961 681 1004 amplexatum
704 961 739 994 et
768 957 1025 998 illuminatum,
1050 959 1086 991 et
1109 956 1204 1000 quod
1226 958 1314 990 tunc
1335 954 1447 989 habui
1475 953 1649 999 gaudium
1665 953 1710 988 de
1735 951 1927 988 securitate

307 1013 540 1054 aeternitatis,
559 1017 594 1049 et
616 1013 711 1057 quod
733 1013 817 1048 licet
840 1012 931 1046 illud
947 1010 1120 1056 gaudium
1148 1009 1219 1045 cito
1235 1008 1430 1051 transierit,
1460 1011 1580 1044 tamen
1608 1007 1780 1043 remansit
1805 1005 1844 1042 in
1870 1016 1929 1041 me

309 1069 482 1104 securitas
496 1068 540 1103 de
563 1067 785 1108 aeternitate,
803 1069 838 1102 et
853 1066 948 1110 quod
978 1067 1109 1100 extunc
1126 1063 1260 1099 clarius
1275 1066 1310 1098 et
1333 1063 1438 1098 aliter
1466 1062 1626 1098 inteflexi
1653 1073 1792 1098 sacram
1819 1060 1927 1105 scrip-

308 1129 428 1160 turam
444 1135 551 1168 quam
567 1126 683 1164 antea,
702 1123 796 1157 unde
809 1124 844 1157 et
859 1121 1072 1165 quandoque
1088 1119 1225 1154 asserui
1241 1119 1336 1163 quod
1351 1119 1496 1153 mallem
1514 1117 1723 1162 praedicare
1734 1115 1930 1152 secundum

311 1181 539 1224 scripturam.
565 1179 636 1214 Ista
666 1190 794 1214 revoco
824 1180 996 1221 tanquam
1026 1176 1226 1220 periculose
1253 1178 1288 1210 et
1317 1177 1611 1219 praesumptuose
1637 1174 1772 1208 asserta
1797 1173 1834 1207 et
1862 1169 1932 1215 piis

313 1236 462 1271 auribus
477 1235 570 1270 male
585 1233 760 1269 sonantia.
779 1233 825 1268 Et
839 1235 890 1268 est
906 1231 1096 1267 virisimile
1113 1231 1208 1275 quod
1230 1230 1299 1266 ista
1318 1229 1409 1264 mihi
1432 1230 1581 1265 fuerunt
1595 1228 1751 1264 aliorum
1767 1237 1932 1263 errorum

313 1290 464 1326 occasio.

359 1345 518 1381 Tertiam
531 1343 719 1385 decimam,
738 1343 832 1387 quod
845 1343 940 1377 Deus
952 1344 1004 1376 est
1015 1340 1149 1384 ubique
1164 1340 1202 1374 in
1214 1339 1344 1383 lapide,
1360 1339 1399 1374 in
1415 1337 1584 1374 membris
1601 1336 1758 1373 hominis
1772 1338 1808 1372 et
1822 1335 1862 1371 in
1879 1335 1932 1371 in-

315 1403 428 1442 ferno,
446 1401 540 1435 sicut
555 1399 593 1434 in
608 1401 831 1434 sacramento
846 1397 982 1438 altaris,
999 1399 1035 1431 et
1050 1396 1130 1431 ideo
1147 1395 1296 1439 quilibet
1311 1395 1420 1429 habet
1436 1394 1551 1428 Deum
1571 1393 1728 1438 perfecte
1742 1386 1934 1436 antequam

317 1455 568 1496 communicet,
583 1465 712 1490 revoco
727 1456 899 1497 tanquam
915 1452 1042 1486 falsam
1054 1455 1090 1486 et
1104 1449 1403 1494 superstitiosam3
1422 1448 1519 1493 quia,
1537 1448 1622 1484 licet
1637 1448 1733 1484 Deus
1747 1445 1794 1482 sit
1805 1445 1940 1489 ubique

316 1515 352 1546 et
371 1511 408 1545 in
432 1510 591 1554 qualibet
617 1521 656 1544 re
679 1508 874 1543 secundum
902 1508 978 1551 ejus
1001 1505 1201 1547 essentiam,
1230 1507 1479 1540 verumtamen
1501 1503 1540 1538 in
1566 1504 1788 1538 sacramento
1815 1499 1941 1536 altaris

317 1565 521 1610 specialiori
547 1564 664 1606 modo,
682 1566 804 1607 utpote
827 1560 1145 1602 sacramentaliter,
1171 1559 1304 1601 existit,
1324 1571 1394 1603 quo
1417 1559 1524 1594 modo
1551 1569 1624 1593 non
1651 1556 1773 1594 existit
1797 1556 1838 1591 in
1859 1554 1942 1590 aliis

319 1622 426 1656 rebus
439 1618 579 1655 creatis,

365 1676 539 1717 Quartam
554 1674 742 1715 decimam,
760 1673 855 1716 quod
870 1673 991 1708 nullus
1013 1673 1128 1716 potest
1150 1682 1289 1706 sacram
1312 1669 1533 1714 scripturam
1555 1669 1711 1713 perfecte
1738 1665 1944 1712 intelligere
1993 1679 2006 1685 „

321 1730 390 1766 nisi
407 1730 563 1774 Spiritus
580 1729 731 1764 Sanctus
747 1731 837 1763 esset
859 1727 897 1762 in
913 1739 966 1769 eo,
984 1738 1113 1762 revoco
1138 1729 1310 1770 tanquam
1334 1725 1461 1759 falsam
1477 1726 1513 1759 et
1537 1734 1745 1767 erroneam3
1763 1721 1849 1767 quia
1874 1723 1945 1757 stat

322 1785 416 1830 quod
431 1784 544 1828 aliqui
561 1786 763 1828 peccatores
778 1782 907 1817 melius
923 1782 1132 1826 intelligunt
1145 1791 1284 1815 sacram
1297 1779 1512 1823 scripturam
1525 1789 1633 1823 quam
1646 1777 1752 1813 multi
1765 1775 1945 1821 simplices

321 1841 492 1876 habentes
509 1839 684 1883 Spiritum
702 1838 874 1873 Sanctum
890 1840 925 1872 et
941 1836 1096 1881 gratiam
1111 1835 1266 1880 Spiritus
1283 1834 1418 1869 Sancti.

367 1895 539 1936 Quintam
561 1893 749 1933 decimam,
767 1892 863 1936 quod
888 1891 1103 1927 resurrectio
1131 1890 1285 1935 amplius
1312 1901 1384 1924 non
1409 1891 1499 1924 esset
1514 1889 1648 1930 futura,
1666 1887 1752 1933 quia
1779 1887 1844 1923 illa
1869 1889 1947 1923 erat

323 1951 418 1986 facta
441 1950 479 1984 in
503 1948 657 1989 Christo,
674 1959 718 1982 ex
734 1959 775 1982 eo
799 1947 894 1991 quod
919 1958 1041 1981 sumus
1066 1945 1199 1981 Christi
1223 1945 1384 1979 membra
1398 1946 1434 1979 et
1459 1955 1532 1979 non
1554 1942 1712 1979 surrexit
1736 1945 1845 1988 caput
1866 1941 1944 1978 sine

324 2005 506 2045 membris,
524 2014 652 2038 revoco
668 2005 839 2045 tanquam
856 2013 1043 2037 erroneam
1060 2003 1095 2036 et
1114 2000 1345 2035 haereticam.

371 2059 514 2093 Sextam
538 2057 725 2097 decimam,
753 2056 848 2099 quod
875 2054 1010 2090 asserui
1037 2054 1291 2090 revelationem
1318 2053 1485 2088 habuisse
1511 2055 1637 2088 contra
1663 2053 1887 2098 presbyteros
1914 2054 1950 2088 et

327 2113 504 2149 audivisse
520 2123 643 2146 vocem
659 2111 855 2146 dicentem:
875 2111 952 2155 Ego
973 2111 1057 2145 veni
1079 2111 1125 2145 ad
1150 2109 1441 2145 mortificandum
1464 2110 1701 2153 presbyteros,
1719 2120 1848 2145 revoco
1864 2111 1941 2145 tan·

331 2180 437 2213 quam
454 2166 735 2211 superstitiosam
751 2169 787 2201 et
802 2166 1058 2200 scandalosam.

375 2222 558 2256 Decimam
574 2220 772 2264 septimam,
791 2220 886 2263 quod
907 2218 936 2253 si
965 2229 1149 2262 nunquam
1165 2217 1446 2262 praedicaretur,
1466 2228 1538 2252 non
1554 2219 1674 2252 tamen
1689 2218 1734 2253 ob
1749 2217 1819 2253 hoc
1835 2217 1948 2253 salva-

331 2279 458 2311 rentur
473 2275 658 2319 pauciores
674 2274 848 2316 homines,
866 2285 994 2309 revoco
1016 2276 1187 2317 tanquam
1210 2273 1304 2307 male
1326 2274 1523 2314 sonantem,
1548 2272 1676 2307 falsam
1697 2274 1734 2308 et
1761 2282 1950 2308 erroneam

333 2334 369 2366 ct
385 2330 526 2374 piarum
543 2329 686 2363 aurium
703 2328 922 2364 offensivam.

378 2385 560 2420 Decimam
577 2387 751 2426 octavam,
770 2384 865 2427 quod
880 2386 1061 2427 corrupta,
1076 2382 1104 2417 si
1121 2394 1193 2418 non
1204 2382 1353 2418 haberet
1365 2393 1489 2417 curam
1501 2382 1734 2426 temporalem
1746 2381 1804 2417 vel
1815 2380 1946 2421 virum,

332 2443 421 2475 esset
436 2440 594 2483 ejusdem
609 2438 729 2474 meriti
751 2438 844 2474 sicut
870 2438 986 2483 virgo,
1003 2449 1132 2473 revoco
1158 2439 1330 2480 tanquam
1357 2437 1484 2470 falsam
1510 2438 1546 2471 et
1575 2447 1763 2472 erroneam
1793 2437 1829 2471 et
1858 2434 1953 2470 male

338 2498 536 2529 sonantem.

379 2560 550 2604 Sequitur
574 2559 828 2603 subsequenter
858 2558 988 2592 cedula
1019 2568 1130 2603 quam
1154 2567 1218 2601 eqo
1243 2557 1360 2600 frater
1397 2555 1614 2590 wilhelmus
1639 2556 1800 2601 propria
1830 2565 1944 2590 manu

338 2615 471 2657 scripsi
488 2623 597 2657 super
613 2615 782 2647 articulis
797 2612 893 2646 mihi
908 2614 1090 2656 impositis
1106 2622 1163 2646 eos
1181 2611 1389 2655 abjurando
1409 2615 1441 2644 et
1455 2610 1690 2654 reprobando
1705 2621 1716 2645 .·

334 2704 336 2706 ,
385 2682 399 2695 u
420 2667 592 2702 Omnibus
617 2671 740 2702 notum
756 2667 803 2702 sit
818 2667 913 2711 quod
928 2678 994 2711 ego
1015 2667 1126 2701 frater
1140 2665 1361 2701 Wilhelmus
1376 2665 1420 2700 de
1448 2664 1706 2700 Hildernissem
1731 2664 1872 2700 delatus
1899 2661 1954 2698 fui

342 2722 636 2758 reverendissimo
657 2723 695 2756 in
713 2721 854 2756 Christo
881 2721 975 2765 patri
1001 2720 1146 2755 domino
1170 2720 1235 2755 Dei
1262 2720 1382 2764 gratia
1406 2719 1655 2754 Cameracensi
1677 2717 1842 2763 episcopo
1866 2719 1955 2753 tam-

344 2789 450 2821 quam
468 2781 574 2821 caput
589 2789 670 2812 cum
687 2777 839 2821 Aegidio
856 2776 1020 2812 Cantoris
1035 2775 1221 2819 cujusdam
1237 2778 1353 2810 sectae
1367 2787 1430 2809 seu
1446 2773 1675 2815 seductionis,
1694 2773 1757 2818 qui
1775 2785 1812 2809 se
1829 2775 1958 2809 mutuo

346 2835 475 2866 vocant
490 2832 650 2866 homines
674 2830 944 2875 intelligentiae,
969 2833 1011 2865 ut
1032 2829 1176 2864 dicitur.
1204 2829 1308 2870 Quod
1323 2828 1535 2872 simpliciter
1549 2829 1679 2863 falsum
1695 2830 1759 2869 est,
1782 2827 1869 2871 quia
1883 2827 1962 2871 ejus

349 2888 444 2921 facta
455 2890 489 2921 ct
504 2887 600 2922 dicta
616 2888 653 2921 in
666 2886 888 2921 sermonibus
899 2885 1100 2930 reprobavi,
1112 2887 1300 2928 postquam
1312 2884 1536 2928 deceptiones
1547 2885 1624 2930 ejus
1636 2885 1791 2928 perfecte
1804 2883 1959 2928 percepi.

350 2940 440 2978 Item
456 2941 571 2977 eidem
587 2954 665 2977 sum
681 2942 818 2977 delatus
841 2944 1011 2986 tanquam
1038 2939 1261 2976 consentiens
1287 2939 1356 2974 sibi
1378 2939 1418 2975 in
1433 2940 1502 2975 hoc
1523 2939 1620 2984 quod.
1636 2938 1729 2975 dixit
1742 2938 1787 2974 de
1802 2948 1839 2974 se
1860 2937 1960 2982 ipso:
