2097 3466
291 255 331 288 88
972 250 1104 286 ANNO
1130 251 1230 286 1232

332 346 498 386 ,loannes
526 344 589 380 Dei
607 344 725 389 gratia
743 344 948 381 Leodiensis
964 344 1161 388 episcopus,
1186 343 1327 379 dilectis
1349 342 1387 378 in
1405 343 1546 379 Christo
1563 343 1762 385 abbatibus,
1780 342 1907 387 priori-

288 402 365 441 bus,
384 400 527 435 decanis
551 404 583 434 et
610 400 815 444 presbiteris
839 400 1036 443 ceterisque
1058 398 1307 433 ecclesiasticis
1330 397 1489 441 personis
1512 399 1550 433 in
1567 397 1754 433 Leodiensi
1777 397 1910 433 diocesi

289 456 502 493 constitutis.
522 456 567 489 ad
584 467 671 498 quos
687 458 867 499 presentes
882 456 1024 489 litterae
1040 453 1279 498 pervenerint,
1299 454 1449 488 salutem
1467 453 1504 487 in
1522 453 1685 488 Domino.

332 510 511 545 Nox-eritis
525 521 588 544 nos
605 510 742 544 litteras
755 510 889 544 domini
905 521 1016 553 papae
1032 509 1096 543 sub
1114 508 1182 542 hac
1198 509 1313 542 forma
1329 507 1503 551 recepisse
1517 519 1524 542 ι

332 581 346 593 ι-
368 565 564 609 Gregorius
587 565 784 609 episcopus,
811 576 932 599 servus
960 575 1144 598 servorum
1174 563 1250 603 Dei,
1280 563 1546 597 venerabilibus
1571 562 1743 598 fratribus
1773 561 1910 596 archie-

286 620 383 665 pisce
388 620 451 664 pis.
465 619 639 663 episeopis
653 622 688 654 et
703 620 842 654 dilectis
857 620 939 662 filijs
956 619 1156 657 abbatibus
1168 617 1349 662 prioribus
1365 620 1400 652 ot
1413 618 1492 660 alijs
1505 618 1737 652 ecelesiarum
1750 616 1908 661 prelatis,

285 677 330 710 ad
347 687 435 719 quos
451 675 592 709 litterae
610 674 697 709 istae
713 675 952 718 pervenerint,
972 674 1121 708 salutem
1139 676 1173 707 et
1190 672 1422 716 apostolicam
1439 671 1735 707 benedictionem.

331 747 346 758 w
366 730 546 771 Quoniam
563 729 759 764 abundavit
783 729 954 772 iniquitas
977 731 1013 763 et
1038 728 1209 772 refriguit.
1232 727 1364 762 caritas
1380 727 1631 770 plurimorum,
1650 737 1733 761 ecce
1749 725 1912 760 ordinem

285 785 499 819 dilectorum
524 783 680 818 filiorum
705 785 855 818 fratrum
874 783 1139 827 predicatorum
1156 782 1330 816 Dominus
1346 781 1542 823 suscitavit,
1561 781 1623 824 qui
1645 792 1717 815 non
1741 791 1810 824 que
1833 790 1909 822 sua,

285 839 345 874 sed
373 851 441 882 que
469 841 551 873 sunt
580 837 712 872 Christi
741 840 928 880 querentes
955 840 1027 871 tam
1057 840 1182 871 contra
1210 836 1451 880 profligendos
1478 836 1618 871 hereses
1645 847 1753 879 quam
1784 837 1911 870 contra

285 899 398 939 pestes
422 896 511 930 alias
534 893 737 928 mortiferas
753 893 982 936 extirpandas
1005 905 1041 927 se
1065 892 1322 927 dedicaverunt
1344 891 1640 936 evangelisationi
1663 890 1763 926 verbi
1788 890 1854 926 Dei
1869 890 1909 925 in

283 950 483 985 abiectione
499 948 702 983 voluntarie
720 948 951 991 paupertatis.
968 949 1041 982 Nos
1058 947 1173 991 igitur
1188 958 1311 982 eorum
1325 950 1488 981 sanctum
1506 945 1726 990 propositum
1742 947 1777 980 et
1793 956 1908 980 neces-

283 1004 418 1038 sarium
457 1003 698 1038 ministerium
738 1005 859 1039 favore
896 1004 1067 1039 benevolo
1106 1006 1358 1047 prosequentes
1396 1002 1623 1037 universitati
1661 1003 1777 1036 vestre
1814 1000 1909 1044 ipsos

282 1059 474 1093 affectuose
497 1058 664 1092 duximus
692 1059 1001 1099 commendandos,
1032 1059 1219 1094 caritatem
1246 1061 1400 1093 vestram
1426 1060 1595 1102 rogantes
1622 1059 1658 1091 et-
1680 1055 1908 1091 exhortantes

283 1115 320 1149 in
350 1115 502 1149 Domino
534 1127 574 1149 ae
600 1127 663 1158 per
693 1115 887 1158 apostolica
915 1114 1048 1158 scripta
1075 1115 1175 1148 vobis
1202 1114 1411 1148 mandantes
1443 1112 1610 1156 quatinus
1637 1111 1785 1146 dilectos
1815 1110 1909 1146 filios

280 1172 408 1205 fratres
425 1171 561 1205 ordinis
588 1171 775 1205 memorati
801 1181 866 1213 pro
890 1170 1092 1205 reverentia
1115 1169 1238 1203 divina
1266 1170 1311 1203 ad
1335 1169 1486 1204 offitium
1511 1166 1721 1212 predicandi
1744 1167 1790 1201 ad
1814 1167 1908 1210 quod

280 1225 439 1269 deputati
462 1228 555 1265 sunt,
583 1225 764 1269 recipiatis
787 1225 953 1269 benigne,
973 1237 1015 1259 ac
1032 1225 1181 1269 populos
1197 1223 1297 1259 vobis
1320 1223 1525 1258 commissos
1542 1224 1581 1256 ut
1601 1233 1645 1256 ex
1665 1232 1727 1256 ore
1747 1220 1908 1265 ipsorum

278 1280 378 1315 verbi
404 1280 468 1315 Dei
491 1291 609 1315 semen
627 1280 751 1315 devote
773 1280 970 1323 suscipiant
991 1282 1026 1314 et
1048 1279 1288 1314 confiteantur
1311 1278 1454 1318 eisdem,
1475 1289 1556 1311 cum
1581 1275 1667 1320 ipsis
1694 1275 1908 1311 auctoritate

278 1339 399 1370 nostra
427 1335 533 1370 liceat
557 1335 795 1370 confessiones
819 1334 945 1369 audire
973 1346 1015 1368 ac
1041 1333 1274 1377 penitentiam
1298 1332 1500 1377 iniungere,
1519 1331 1640 1365 sedule
1662 1332 1907 1366 ammonentes

277 1402 342 1434 pro
367 1393 487 1425 nostra
517 1393 553 1424 et
583 1390 778 1433 apostolice
807 1389 900 1424 sedis
927 1389 1129 1423 reverentia
1156 1388 1195 1422 in
1222 1388 1296 1422 suis
1327 1387 1378 1422 eis
1408 1386 1678 1421 necessitatibus
1709 1385 1909 1420 liberaliter

277 1444 467 1485 adsistatis‚
487 1444 655 1488 quatinus
680 1444 842 1488 predicta
867 1444 1093 1487 suscipienda
1109 1443 1240 1478 nostris
1256 1441 1564 1477 exhortationibus
1581 1441 1704 1484 populi
1727 1441 1908 1484 preparati

277 1501 447 1542 tanquam
463 1499 557 1533 bona
575 1502 608 1534 et
633 1499 822 1533 fructifera
840 1502 938 1533 terra
954 1510 1019 1542 pro
1043 1498 1220 1532 viciorum
1246 1497 1388 1532 tribulis
1405 1496 1582 1539 incipiant
1604 1498 1759 1540 segetem
1776 1494 1906 1540 germi-

278 1563 364 1587 nare
390 1553 578 1593 virtutum,
608 1557 643 1588 et
671 1553 759 1588 dicti
787 1554 917 1588 fratres
944 1565 1009 1597 per
1035 1551 1323 1596 cooperationem
1354 1553 1508 1585 vestram
1535 1549 1690 1594 suscepti
1716 1549 1905 1592 ministerij

277 1618 421 1641 cursum
445 1608 599 1642 feliciter
622 1609 904 1642 consummando
930 1610 1092 1651 optatum
1117 1609 1302 1650 reportent
1328 1605 1383 1639 sui
1407 1604 1540 1639 laboris
1564 1605 1723 1639 fructum
1743 1607 1779 1639 et
1799 1604 1908 1639 finem

277 1662 470 1696 salutarem
486 1666 687 1697 vestrarum
705 1663 922 1697 animarum.
942 1663 1036 1704 Quia
1052 1673 1137 1697 vero
1154 1673 1236 1705 sepe
1257 1660 1345 1695 vitia
1361 1661 1426 1694 sub
1443 1659 1560 1703 specie
1575 1659 1752 1694 virtutum
1767 1659 1907 1694 occulte

277 1716 483 1751 subintrant
504 1720 538 1752 et
562 1719 712 1762 angelus
738 1718 896 1753 Sathane
920 1718 958 1752 in
974 1717 1144 1761 angelum
1160 1716 1251 1751 lucis
1275 1728 1311 1751 se
1326 1717 1538 1759 plerumque
1554 1715 1720 1749 simulate
1735 1714 1905 1748 transfor-

276 1774 360 1811 mat,
391 1771 608 1814 presentium
638 1773 738 1807 vobis
766 1773 982 1808 auctoritate
1005 1773 1228 1812 mandamus,
1255 1770 1423 1814 quatinus
1450 1769 1480 1803 si
1511 1769 1573 1812 qui
1603 1769 1647 1804 de
1662 1768 1906 1813 predictorum

275 1826 428 1860 fratrum
445 1826 570 1860 ordine
594 1839 631 1861 so
657 1828 814 1863 dicentes
835 1828 874 1862 in
890 1827 1018 1862 vestris
1034 1826 1196 1870 partibus
1212 1825 1488 1870 predicaverint‚
1507 1825 1552 1859 ad
1568 1826 1732 1868 questum
1747 1834 1784 1858 se
1799 1834 1904 1867 pecu-

276 1881 417 1915 niarum
435 1883 686 1924 convertendo,
706 1895 769 1927 per
794 1884 889 1926 quod
910 1882 1125 1927 religionem
1149 1893 1273 1916 eorum
1296 1880 1358 1924 qui
1380 1882 1628 1924 paupertatem
1650 1878 1800 1923 professi
1822 1880 1906 1914 sunt

275 1935 499 1979 contingeret
516 1936 698 1978 infamari,
719 1949 781 1972 vos
797 1940 970 1980 tanquam
987 1936 1150 1970 falsarios
1167 1934 1317 1979 capiatis
1332 1937 1368 1969 et
1389 1933 1632 1969 condemnetis
1648 1933 1800 1968 eosdem.

320 2006 335 2018 n
354 1991 486 2025 Datum
504 1991 686 2033 Laterani,
706 1992 808 2027 nonis
827 1991 1044 2033 Decembris,
1061 1991 1290 2035 pontificatus
1310 1989 1422 2025 nostri
1438 2001 1532 2023 anno
1548 1989 1676 2033 primo.
1695 2005 1710 2018 n

318 2045 485 2079 Volentes
501 2045 616 2090 igitur
633 2047 904 2082 universitatem
927 2050 1082 2081 vestram
1097 2047 1141 2081 de
1164 2049 1288 2081 tenore
1303 2045 1490 2089 apostolici
1506 2043 1666 2078 mandati
1689 2043 1899 2083 certificare,

274 2099 374 2134 vobis
402 2100 660 2144 transcriptum
691 2102 851 2137 eiusdem
878 2102 1039 2136 mandati
1066 2102 1130 2136 sub
1161 2101 1281 2145 sigillo
1313 2103 1433 2135 nostro
1464 2099 1631 2134 duximus
1657 2098 1899 2143 dirigendum,

274 2154 502 2190 dilectionem
533 2159 689 2191 vestram
720 2160 890 2202 rogantes
917 2160 952 2192 et
983 2157 1210 2192 exhortantes
1241 2155 1280 2189 in
1310 2155 1463 2190 Domino
1495 2157 1530 2189 et
1555 2153 1656 2188 vobis
1688 2152 1903 2188 auctoritate

274 2213 395 2244 nostra
409 2211 619 2246 mandantes
633 2212 803 2254 quatinus
816 2213 1025 2246 mandatum
1038 2211 1174 2246 domini
1188 2222 1312 2254 papae,
1325 2212 1431 2253 prout
1443 2209 1606 2253 superius
1619 2211 1670 2243 est
1682 2219 1899 2252 expressum,

274 2265 445 2300 studeatis
474 2266 668 2301 efficaciter
701 2278 929 2310 promovereg
963 2269 1126 2310 preterea
1157 2277 1221 2300 nos
1251 2265 1472 2299 attendentes
1502 2265 1662 2299 fructum
1697 2263 1901 2299 animarum

275 2331 379 2363 quem
407 2331 470 2363 per
497 2320 675 2364 predictos
703 2322 832 2355 fratres
860 2321 897 2354 in
923 2321 1056 2364 populo
1078 2320 1296 2355 mirabiliter
1311 2321 1517 2363 operantur,
1536 2318 1764 2354 concedimus
1787 2319 1901 2363 priori

274 2375 427 2408 fratrum
440 2375 706 2418 predicatorum
721 2375 910 2410 Leodiensi
927 2378 962 2410 et
973 2375 1146 2410 fratribus
1162 2374 1246 2416 suis,
1263 2386 1350 2418 quos
1370 2375 1445 2418 ipse
1460 2374 1505 2407 ad
1519 2373 1587 2408 hoc
1603 2373 1764 2418 elegerit,
1779 2376 1898 2409 aucto-

274 2429 417 2463 ritatem
442 2432 599 2464 nostram
624 2430 669 2464 ad
697 2430 966 2473 predicandum,
995 2429 1232 2465 confessiones
1259 2429 1489 2470 audiendum,
1515 2429 1560 2462 ad
1586 2428 1842 2463 absolvendum
1864 2429 1900 2463 et

275 2483 496 2527 pcnitencias
512 2483 787 2528 iniungendum.

623 2560 696 2595 HS.
717 2560 798 2594 Van
813 2560 882 2595 den
898 2560 1028 2601 Berch,
1054 2560 1116 2595 fol.
1133 2562 1193 2595 131
1211 2571 1255 2595 en
1273 2562 1346 2595 132.
1372 2559 1614 2602 (Bibliotheek
1633 2559 1698 2595 der
1718 2559 1899 2595 Luiksche

664 2615 915 2659 hoogeschool)
932 2616 988 2657 (2).

319 2771 363 2811 (1)
388 2771 438 2805 De
456 2770 646 2805 kanunnik
663 2770 743 2806 Van
756 2771 824 2805 den
838 2771 955 2806 Berch
967 2771 1039 2806 had
1054 2771 1116 2807 het
1132 2772 1419 2816 oorspronkeliJk
1431 2772 1515 2807 stuk
1526 2774 1614 2806 voor
1625 2769 1714 2811 zich,
1729 2780 1897 2804 wanneer

274 2824 323 2866 hij
342 2824 395 2859 dit
411 2825 574 2860 afschrift
591 2837 686 2860 nam.
703 2826 761 2868 Hij
780 2829 887 2870 voegt
899 2837 939 2861 er
954 2827 1001 2868 bij
1016 2839 1024 2861 z
1041 2841 1056 2854 κ
1072 2827 1131 2861 Un
1144 2827 1215 2862 seel
1227 2838 1272 2861 en
1285 2826 1355 2861 sire
1367 2827 1474 2861 verde
1489 2827 1532 2861 de
1547 2826 1583 2860 la
1598 2825 1712 2859 forme
1725 2823 1897 2868 inscripte

274 2882 307 2913 et
326 2879 521 2914 contresecl
546 2891 682 2915 comme
706 2881 756 2916 les
779 2884 899 2916 autres
922 2881 1025 2916 dudit
1047 2881 1137 2916 Jean
1158 2893 1320 2926 evesque,
1338 2882 1425 2918 dont
1447 2881 1506 2916 ien
1529 2881 1585 2916 aie
1607 2891 1659 2915 un
1674 2879 1789 2915 entier
1811 2879 1895 2914 ehez

273 2944 370 2977 moij.
393 2950 407 2962 n
