2097 3466
368 267 408 300 70
1038 263 1170 299 ANNO
1196 265 1292 300 1411

348 361 463 392 sectae
476 355 694 392 detestabilis
706 355 933 400 praemissae,
948 356 1051 399 cujus
1067 357 1228 401 complex
1240 359 1276 392 et
1287 357 1406 394 fautor
1420 358 1607 402 dicebaris,
1625 359 1786 404 aliosque
1798 359 1962 405 publicos

347 424 485 447 errores
507 415 542 447 et.
565 414 715 446 assertos
743 409 809 445 tibi
840 410 989 444 fecimus
1010 410 1234 454 judicialiter
1261 412 1434 447 exhiberi.
1455 413 1592 454 Quibus
1618 413 1780 449 articulis
1804 415 1961 460 ejusdem

347 466 625 511 nephandissimi
658 465 801 510 Aegidii
838 464 1001 500 Cantoris
1023 476 1087 509 per
1116 468 1151 500 te
1177 466 1273 508 visis,
1302 467 1434 503 auditis
1461 471 1497 503 et
1522 467 1723 511 intellectis,
1755 468 1961 514 hujusmodi

345 521 590 556 conclusiones
606 521 662 555 vel
678 520 848 555 articulos
865 522 1035 562 tanquam
1051 531 1073 554 a
1086 520 1154 554 fide
1170 520 1347 556 catholica
1363 521 1494 564 devios,
1509 534 1675 558 erroneos
1691 525 1726 558 et
1741 523 1960 559 haereticam

345 576 557 620 pravitatem
574 575 795 610 continentes
811 574 985 619 abjurasti
1002 577 1037 608 et
1051 575 1262 619 reprobasti,
1280 576 1458 620 scriptura
1474 577 1619 621 propria
1631 577 1807 613 firmando
1819 578 1960 614 easdem

344 630 590 665 conclusiones
607 641 774 665 erroneas
789 633 824 664 et
840 630 938 664 velut
953 629 1129 664 haeresim
1146 629 1320 674 sapientes
1336 632 1577 675 reprobandas
1593 634 1628 667 et
1651 643 1673 666 a
1697 632 1829 668 Christi
1846 632 1958 668 fideli-

344 686 409 720 bus
424 686 662 729 expcllendas.
680 684 769 720 Item
785 696 892 728 super
907 683 999 726 aliis,
1017 686 1058 718 ut
1081 683 1277 727 dicebatur,
1303 685 1591 721 conclusionibus
1615 686 1815 723 inconsulte
1842 687 1958 732 publi-

345 740 433 775 catis
449 746 485 775 et
500 739 748 785 dogmatizatis
763 739 975 783 respondisti
999 739 1119 782 plures
1134 740 1328 775 earundem
1353 752 1435 776 cum
1445 742 1652 787 Juramento
1675 743 1851 788 negando,
1869 741 1959 778 alias

345 800 464 831 autem
479 795 628 831 diversis
644 795 924 840 expositionibus
946 795 1016 830 tuis
1045 795 1225 839 palliando
1253 798 1288 831 et
1313 797 1508 831 secundum
1535 808 1677 832 sensum
1703 797 1900 842 proprium,
1918 799 1960 834 ut

343 851 534 892 asserebas,
549 851 775 895 exponendo;
794 853 899 895 prout
915 850 1003 884 haec
1019 861 1061 884 ex
1079 852 1201 885 tenore
1216 849 1394 886 dictorum
1411 851 1658 894 articulorum,
1674 851 1958 897 propositionum

343 906 398 940 vel
417 905 687 940 conclusionum
704 905 1043 949 responsionumque
1060 907 1204 939 tuarum
1220 905 1355 949 possint
1369 917 1552 950 apparere.

385 962 457 996 Nos
484 960 609 1005 igitur,
638 961 859 996 attendentes
888 960 1074 1004 vulgarem
1102 960 1245 1001 famam,
1275 972 1385 1005 grave
1410 961 1619 997 scandalum
1650 962 1958 1007 suspicionemque

342 1015 600 1056 vehementem,
616 1027 707 1059 quae
722 1018 757 1050 te
769 1026 876 1058 super
891 1013 1093 1058 praemissis
1109 1014 1324 1058 culpabilem
1337 1015 1486 1050 auribus
1502 1016 1631 1051 nostris
1646 1017 1836 1059 asserebat,
1851 1028 1958 1062 super

342 1070 474 1105 eisdem
491 1069 665 1111 articulis
684 1069 973 1104 conclusionibus
989 1072 1024 1103 et
1040 1069 1342 1113 propositionibus
1357 1081 1439 1105 cum
1455 1070 1529 1105 suis
1544 1071 1789 1115 dependentiis
1805 1071 1956 1107 circum-

342 1124 553 1168 stantiisque
567 1127 604 1160 et
619 1123 788 1159 connexis
799 1134 864 1167 per
878 1123 999 1157 fideles
1015 1122 1275 1158 commissarios
1292 1125 1430 1158 nostros
1445 1124 1491 1159 ad
1506 1124 1575 1159 1100
1591 1124 1795 1169 specialiter
1800 1126 1954 1170 juratos,

340 1180 545 1214 commissos
561 1183 596 1215 et
617 1179 803 1223 deputatos
829 1178 965 1222 inquiri
990 1177 1237 1213 mandavimus
1264 1178 1462 1214 veritatem.
1481 1179 1551 1220 Qui
1567 1181 1763 1216 secundum
1789 1181 1909 1216 datam
1935 1191 1958 1216 a

340 1236 442 1270 nobis
458 1237 609 1271 formam
637 1236 878 1280 procedentes,
903 1236 1024 1279 plures
1047 1238 1152 1270 testes
1167 1234 1355 1279 utriusque
1370 1247 1474 1271 sexus
1489 1236 1534 1270 ad
1549 1234 1798 1280 probationem
1813 1233 1955 1279 imposi-

337 1295 455 1325 tarum
473 1290 798 1335 interrogaverunt,
825 1289 1121 1325 examinaverunt
1136 1291 1171 1324 et
1193 1289 1386 1325 audierunt
1411 1301 1607 1333 eorumque
1629 1289 1726 1325 dicta
1754 1292 1791 1325 et
1819 1288 1955 1334 deposi-

335 1345 450 1380 tiones
466 1357 529 1390 per
544 1345 701 1380 scribam
717 1348 753 1380 et
775 1345 916 1380 fidelem
940 1344 1122 1380 notarium
1145 1343 1246 1379 nobis
1273 1347 1309 1380 et
1336 1345 1459 1380 curiae
1486 1348 1628 1381 nostrae
1646 1346 1811 1390 juratum
1837 1343 1955 1389 redigi

335 1400 497 1435 fecerunt
520 1400 558 1435 in
585 1400 726 1444 scriptis
753 1400 883 1444 dieque
914 1399 1073 1444 praefixa
1103 1399 1334 1443 praemissam
1364 1398 1655 1434 informationem
1681 1400 1956 1443 reportaverunt

337 1455 602 1499 publicandam.
622 1455 701 1496 Qua
718 1467 781 1500 per
796 1467 860 1490 nos
875 1455 1069 1499 diligenter
1089 1454 1260 1498 inspecta,
1279 1454 1442 1499 pluribus
1465 1455 1511 1490 ad
1532 1455 1601 1490 hoe
1628 1454 1769 1490 clericis
1794 1454 1955 1499 personis

337 1510 554 1545 notabilibus
571 1510 757 1554 utriusque
773 1509 916 1545 divinae
928 1509 1065 1544 scilicet
1080 1512 1115 1544 et
1127 1509 1307 1544 humanae
1319 1508 1490 1544 scientiae
1500 1509 1707 1545 doctoribus
1722 1511 1758 1545 et
1768 1508 1954 1554 graduatis

337 1575 401 1608 per
414 1576 478 1599 nos
493 1565 660 1606 evocatis,
679 1577 701 1599 a
716 1567 751 1600 te
768 1564 797 1599 si
814 1565 900 1608 quid
916 1564 954 1599 in
970 1564 1084 1599 dictos
1099 1566 1205 1599 testes
1221 1566 1346 1599 contra
1358 1566 1394 1599 te
1406 1563 1597 1608 productos
1609 1563 1740 1606 dicere,
1755 1575 1954 1608 proponere

334 1623 369 1654 et
397 1619 486 1653 alias
513 1619 777 1654 informationis
808 1618 1024 1663 praemissae
1053 1617 1334 1662 publicationem
1365 1617 1444 1652 fieri
1475 1618 1595 1659 velles,
1623 1617 1760 1662 inquiri
1789 1617 1950 1661 fecimus,

334 1674 521 1709 offerentes
551 1674 828 1719 praemissorum
859 1674 1004 1710 testium
1034 1676 1068 1708 et
1097 1672 1362 1708 informationis
1389 1672 1529 1717 copiam
1556 1673 1595 1708 in
1622 1674 1738 1709 forma
1755 1674 1851 1719 juris
1885 1674 1952 1711 tibi

335 1728 482 1763 concedi
497 1740 540 1762 ac
556 1731 647 1770 tuas,
666 1728 695 1762 si
712 1740 800 1772 quas
815 1728 977 1769 haberes,
996 1731 1069 1762 tam
1087 1730 1213 1762 contra
1228 1726 1341 1762 dictos
1356 1729 1462 1762 testes
1474 1738 1582 1771 quam
1594 1727 1684 1762 alias
1695 1728 1952 1772 peremptorias

334 1785 421 1820 sacti
436 1785 492 1820 vel
503 1784 599 1829 juris
614 1784 839 1828 exceptiones
854 1795 916 1819 seu
933 1783 1155 1818 defensiones
1170 1782 1296 1817 audire
1326 1785 1361 1818 et
1387 1783 1434 1816 ad
1459 1793 1518 1817 eas
1543 1783 1792 1827 proponendas
1806 1782 1902 1818 diem
1916 1785 1952 1819 et

335 1840 530 1875 terminum
557 1842 814 1883 competentem
839 1838 1032 1882 assignare.
1052 1838 1107 1872 Tu
1131 1849 1215 1872 vero
1240 1848 1360 1872 coram
1384 1836 1514 1872 nostris
1536 1838 1583 1872 ad
1605 1837 1674 1872 hoc
1697 1836 1951 1872 commissariis

333 1905 491 1929 asserens
507 1897 541 1929 te
557 1894 673 1929 filium
689 1893 859 1929 ecclesiae
886 1904 1032 1928 manere
1047 1893 1139 1928 velle
1154 1892 1331 1936 fidemque
1347 1891 1562 1926 catholicam
1583 1893 1706 1928 tenere
1729 1892 1948 1936 nuUamque,

333 1949 362 1983 si
380 1960 450 1992 qua
466 1949 613 1984 fortasse
642 1949 742 1993 lapsu
770 1949 917 1993 linguae
942 1948 999 1983 vel
1025 1947 1114 1982 alias
1141 1947 1342 1982 temeritate
1371 1949 1434 1981 tua
1460 1946 1605 1988 dixeris,
1623 1945 1863 1990 publicaveris
1892 1946 1950 1982 vel

333 2003 607 2047 praedicaveris,
625 2004 860 2048 pertinaciam
872 2003 1004 2037 habere
1020 2002 1122 2043 velle,
1137 2002 1198 2036 sed
1211 2013 1253 2036 ea
1269 2012 1359 2046 quae
1375 2000 1477 2036 nobis
1492 2003 1527 2036 et
1543 2000 1692 2036 consilio
1707 2003 1828 2037 nostro
1843 2011 1950 2045 super

332 2058 388 2093 his
405 2062 529 2094 eontra
544 2062 579 2094 te
603 2059 764 2103 probata,
792 2069 883 2102 quae
906 2057 1115 2092 viderentur
1130 2057 1348 2092 orthodoxae
1364 2055 1447 2091 fidei
1464 2055 1646 2091 contraria
1667 2058 1704 2091 et
1728 2057 1878 2092 adversa
1891 2056 1949 2092 vel

331 2114 474 2149 aurium
491 2114 632 2158 piarum
649 2113 832 2155 offensiva,
851 2125 922 2148 non
937 2116 1011 2148 tam
1028 2113 1153 2147 devote
1170 2123 1276 2155 quam
1302 2110 1490 2146 humiliter
1511 2122 1681 2146 revocare
1702 2113 1738 2146 et
1759 2111 1948 2146 annullare

331 2182 374 2205 ac
397 2171 519 2205 eadem
536 2171 704 2214 abjurare
727 2169 790 2203 ubi
815 2171 849 2203 et
865 2167 1028 2212 quotiens
1044 2167 1146 2202 nobis
1162 2178 1226 2210 pro
1243 2166 1312 2200 fide
1327 2165 1504 2201 catholica
1519 2165 1703 2201 videretur
1717 2165 1894 2210 expedire,
1912 2166 1947 2200 te

331 2228 455 2269 sponte
467 2223 674 2268 promisisti,
688 2224 733 2258 ad
746 2223 1007 2266 dicendumque
1021 2225 1055 2257 et
1068 2221 1337 2266 proponendum
1354 2220 1392 2255 in
1407 2219 1520 2255 dictos
1535 2223 1640 2255 testes
1651 2231 1713 2255 seu
1725 2219 1947 2256 defensiones

331 2281 469 2323 aliquas
485 2279 542 2314 vel
556 2278 780 2323 exceptiones
805 2277 1011 2322 allegandas
1034 2278 1158 2320 sponte
1183 2274 1397 2311 renuntiasti
1423 2274 1649 2318 voluistique,
1666 2273 1830 2310 terminis
1850 2273 1946 2319 ,iuris

331 2333 495 2369 omnibus
511 2332 643 2367 habitis
667 2344 731 2376 pro
747 2332 954 2374 observatis,
972 2334 1008 2366 et
1034 2334 1208 2375 quantum
1236 2329 1383 2374 potuisti
1407 2329 1522 2364 eidem
1550 2328 1738 2373 ordinique
1747 2327 1944 2374 judiciario

331 2388 582 2429 renuntiando,
600 2389 756 2422 nostram
774 2397 880 2430 super
894 2384 1053 2430 probatis
1069 2384 1331 2419 ordinationem
1346 2382 1575 2418 diffinitivam
1591 2381 1803 2418 sententiam
1818 2380 1944 2416 audire

328 2444 461 2485 volens,
479 2446 519 2478 ut
535 2443 727 2484 asserebas,
746 2452 853 2485 super
868 2439 1051 2476 erroribus
1066 2438 1285 2484 hujusmodi,
1303 2449 1410 2482 super
1425 2437 1554 2481 quibus
1569 2437 1784 2473 infamatum
1805 2438 1842 2472 te
1866 2436 1944 2472 fore

327 2500 549 2540 censebatur,
589 2496 739 2542 purgari
769 2495 942 2530 radicitus
973 2494 1306 2537 ordinationemque
1336 2495 1494 2528 nostram
1523 2491 1710 2528 humiliter
1746 2493 1782 2527 et
1817 2491 1943 2527 devote

327 2556 449 2588 tenere
471 2557 507 2588 et
534 2552 686 2587 firmiter
708 2562 751 2586 ex
778 2549 915 2585 intimis
942 2549 1149 2593 adimplere,
1179 2551 1221 2583 ut
1243 2547 1335 2582 nihil
1360 2547 1490 2582 horum
1519 2546 1663 2592 vestigii
1693 2549 1772 2591 post
1799 2545 1941 2582 ordina-

327 2607 461 2643 tionem
474 2610 630 2643 nostram
646 2606 685 2642 in
699 2609 735 2642 te
751 2604 868 2641 notari
884 2603 1005 2649 possit,
1023 2602 1235 2648 promisisti3
1252 2605 1294 2638 ut
1309 2613 1352 2638 ex
1367 2601 1456 2638 actis
1471 2604 1507 2638 et
1518 2604 1642 2638 tenore
1656 2612 1840 2647 processus
1851 2600 1941 2638 haec

329 2675 500 2708 apparere
516 2663 661 2708 possint.

370 2719 435 2754 Die
451 2719 565 2764 igitur
580 2721 705 2754 contra
720 2719 960 2762 promotorem
976 2715 1082 2758 officij
1100 2714 1211 2750 nostri
1227 2714 1266 2749 in
1281 2713 1350 2749 hac
1364 2715 1466 2758 parte
1482 2712 1548 2749 tibi
1563 2712 1723 2757 praefixa
1734 2711 1780 2748 ad
1792 2710 1938 2748 audien-

325 2774 412 2809 dum
427 2774 655 2810 diffinitivam
671 2776 829 2808 nostram
843 2771 1054 2807 sententiam
1078 2773 1114 2806 et
1136 2769 1410 2811 ordinationem,
1429 2768 1563 2804 Christi
1589 2766 1734 2803 nomine
1758 2766 1936 2810 invocato,

325 2829 439 2865 Deum
464 2831 567 2875 cujus
583 2840 690 2864 causa
705 2828 828 2873 agitur
850 2838 935 2871 prae
963 2825 1077 2861 oculis
1098 2825 1280 2867 habentes,
1297 2824 1445 2868 visoque
1466 2826 1590 2859 tenore
1605 2833 1789 2868 processus
1804 2824 1841 2858 et
1855 2833 1938 2857 cum

324 2885 448 2928 peritis
470 2885 657 2929 utriusque
676 2884 770 2928 juris
793 2882 907 2918 divini
937 2881 1073 2926 pariter
1104 2883 1139 2916 et
1169 2879 1318 2915 humani
1349 2878 1613 2915 communicato
1643 2877 1746 2913 nobis
1773 2876 1935 2920 consilio,

323 2943 507 2985 praesente
538 2941 584 2978 ad
597 2940 686 2978 haec
703 2937 901 2976 venerabili
916 2937 995 2974 viro
1019 2936 1163 2974 domino
1191 2935 1310 2981 priore
1338 2937 1532 2972 conventus
1547 2934 1701 2970 fratrum
1715 2932 1935 2978 praedicato·

2068 3239 2079 3270 „-
2068 3178 2083 3228 0»-
