2097 3466
289 285 329 318 86
973 280 1102 315 ANNO
1129 281 1228 314 1232

289 376 377 409 salso
399 376 605 417 juramento
633 374 831 408 constiterit
855 378 888 408 et
915 373 982 407 tide
1006 372 1155 407 mentita
1179 371 1355 411 convinci,
1382 381 1423 405 ac
1450 382 1509 405 eos
1532 370 1725 416 contigerit·
1747 371 1904 414 ejusdem

289 428 403 464 morbi
420 433 650 470 spontaneam
676 427 860 461 incurrere
877 427 1083 465 recidivam,
1103 430 1142 460 ut
1158 426 1223 460 sibi
1242 425 1481 460 damnabilius
1498 424 1669 469 iniquitas
1692 425 1737 460 sit
1757 424 1907 460 mentita

289 491 321 519 et
351 493 500 526 poenam
528 480 683 515 debitam
712 481 937 515 mendacium
967 493 1037 515 non
1064 482 1202 515 evadat.
1238 481 1351 515 Omne
1379 480 1525 524 insuper
1555 478 1846 524 proclamationis
1874 480 1910 514 et

290 536 538 583 appellationis
565 536 778 570 beneficium
806 537 850 570 ab
878 536 1078 576 haereticis,
1110 535 1390 579 receptatoribus
1422 538 1456 569 et
1487 534 1686 570 fautoribus
1713 533 1908 568 eorundem

291 593 432 637 penitus
454 601 670 628 amovemus.
687 591 843 624 volentes
856 594 893 625 ut
911 591 954 624 de
972 591 1103 624 finibus
1116 590 1270 634 imperii,
1287 590 1322 624 in
1337 589 1466 633 quibus
1481 600 1619 632 semper
1634 589 1737 623 debet
1760 588 1911 623 existere

292 648 361 682 fida
390 647 486 685 tides,
517 644 717 679 haereticae.
745 645 834 678 labis
861 645 1045 687 genimina
1071 645 1186 679 modis
1213 644 1377 678 omnibus
1405 644 1601 678 deleantur.
1623 644 1800 683 Ceterum,
1826 641 1912 685 quia

291 705 424 746 quanto
441 701 576 744 majora
603 699 753 732 Divina<=
772 703 859 733 nutu
877 699 1117 733 miserationis
1133 698 1336 742 accepimus
1352 701 1387 732 et
1403 697 1566 732 altiorem
1591 697 1709 731 locum
1727 708 1812 740 prae
1828 695 1913 731 filiis

290 756 477 791 hominum
501 753 713 791 obtinemus,
741 757 839 787 tanto
863 754 1045 787 devotiora
1069 754 1237 787 debemus
1261 752 1431 796 obsequia
1453 751 1687 796 gratitudinis
1715 749 1912 785 conferenti

291 811 319 844 si
352 810 494 854 quando
526 808 639 851 igitur
671 807 705 841 in
740 807 849 841 nostri
883 808 1037 841 nominis
1061 811 1320 851 contemptores
1348 807 1458 841 nostri
1491 806 1658 840 culminis
1688 804 1914 840 excandescit

292 864 498 903 auctoritas,
531 862 560 895 si
593 873 671 895 reos
700 862 815 896 laesae
843 862 1050 905 majestatis,
1077 862 1114 895 in
1142 861 1301 905 personis
1328 873 1451 896 eorum
1480 864 1515 895 ot
1541 861 1738 896 liberorum
1765 872 1912 895 suorum

292 917 589 954 exhaeredatione
611 916 842 956 damnamus3
866 915 978 949 multo
1004 915 1131 949 fortius
1152 915 1356 958 justiusque
1380 917 1505 949 contra
1522 913 1586 948 Dei
1610 913 1912 957 blasphematores

293 971 448 1007 nominis
476 976 508 1005 et
539 969 736 1003 catholicae
765 969 845 1002 fidei
875 969 1091 1002 detractores
1118 979 1371 1011 provocamur,
1409 968 1602 1002 eorundem
1634 967 1910 1007 haereticorum,

294 1030 569 1070 receptatorum,
590 1026 770 1058 fautorum
795 1026 828 1057 et
852 1023 1107 1056 advocatorum
1131 1034 1277 1056 suorum
1301 1022 1471 1057 haeredes
1494 1025 1529 1057 et
1552 1025 1710 1065 posteros
1732 1033 1844 1066 usque
1866 1022 1912 1056 ad

293 1082 484 1117 secundam
509 1078 715 1123 progeniem
742 1077 924 1112 beneflciis
940 1077 1078 1111 cunctis
1100 1077 1368 1120 temporalibus,
1386 1077 1539 1121 publicis
1563 1076 1689 1112 officiis
1711 1079 1747 1111 et
1768 1075 1912 1111 honori·

294 1140 359 1172 bus
388 1134 564 1179 imperiali
593 1132 807 1167 auctoritate
839 1131 1030 1175 privantes,
1056 1135 1096 1166 ut
1128 1131 1165 1165 in
1192 1132 1331 1175 paterni
1359 1132 1531 1166 memoria
1560 1131 1722 1166 criminis
1745 1131 1915 1166 continuo

295 1202 449 1226 moerore
467 1190 649 1224 tabescant
665 1200 672 1229 ;
691 1198 774 1221 vere
797 1186 958 1227 scientes,
979 1187 1073 1229 quod
1096 1186 1190 1220 Deus
1206 1187 1332 1220 zelotes
1347 1189 1410 1227 est,
1435 1190 1580 1229 peccata
1596 1189 1739 1231 patrum
1762 1187 1801 1220 in
1824 1185 1917 1221 filios

294 1249 456 1290 potenter
474 1243 658 1278 ulciscens.
678 1242 751 1276 Nec
769 1241 911 1285 quidem
929 1253 949 1274 a
965 1240 1232 1276 misericordiae
1249 1241 1380 1275 finibus
1403 1241 1570 1276 duximus
1586 1241 1858 1282 excludendum,
1877 1243 1918 1276 ut

294 1303 322 1336 si
341 1301 401 1345 qui
420 1303 588 1344 paternae
616 1298 772 1332 haeresis
797 1309 866 1331 non
895 1309 1062 1339 sequaces
1085 1297 1252 1331 latentem
1277 1299 1419 1339 patrum
1446 1296 1630 1340 perfidiam
1654 1295 1916 1337 revelaverint3

295 1366 509 1399 quacunque
537 1356 657 1387 reatus
685 1352 830 1386 illorum
858 1351 1167 1386 animadversione
1191 1351 1404 1395 plectantur,
1423 1350 1626 1394 praedictae
1644 1350 1824 1394 punitioni
1847 1361 1919 1385 non

296 1411 477 1452 subjaceat
495 1407 701 1442 innocentia
719 1406 887 1441 tiliorum.

340 1464 394 1498 Ad
425 1463 493 1497 hoc
518 1465 642 1496 notum
668 1461 744 1495 fieri
774 1462 938 1495 volumus
966 1462 1094 1495 fratres
1118 1460 1380 1504 praedicatores
1407 1461 1450 1495 de
1478 1459 1603 1494 ordine
1629 1459 1919 1503 praedicatorum

296 1531 360 1563 pro
386 1518 468 1552 fidei
495 1517 639 1560 negotio
664 1517 701 1550 in
727 1517 891 1561 partibus
907 1516 1049 1559 imperii
1069 1516 1179 1550 nostri
1198 1519 1322 1550 contra
1344 1515 1544 1550 haereticos
1567 1515 1764 1558 deputatos,
1785 1517 1920 1549 ceteros

297 1585 449 1618 quoque,
469 1573 529 1616 qui
547 1573 591 1606 ad
615 1571 814 1606 haereticos
825 1570 1040 1615 judicandos
1066 1570 1290 1610 accesserint,
1317 1570 1385 1604 nisi
1409 1568 1521 1612 aliqui
1549 1579 1673 1602 eorum
1697 1569 1742 1602 ab
1768 1567 1921 1612 imperio

297 1629 429 1663 fuerint
470 1626 672 1671 proscripti,
704 1626 833 1665 eundo,
864 1626 1036 1659 morando
1067 1628 1102 1659 et
1131 1626 1334 1666 redeundo„
1359 1626 1424 1659 sub
1456 1622 1567 1658 nostri
1600 1622 1743 1666 imperii
1774 1621 1920 1666 speciali

297 1682 500 1717 defensione
523 1685 683 1724 receptos
707 1685 740 1716 et
769 1693 856 1724 quos
878 1681 973 1724 apud
998 1692 1120 1715 omnes
1144 1681 1209 1714 sub
1237 1692 1302 1724 ope
1326 1692 1368 1714 ac
1391 1678 1740 1714 recommendatione
1760 1677 1921 1712 fidelium

299 1737 439 1781 imperii
463 1748 536 1771 esse
563 1736 729 1770 volumus
753 1736 956 1776 inoffensos,
980 1735 1207 1769 universitati
1230 1738 1368 1769 vestrae
1394 1735 1615 1774 mandantes,
1640 1735 1814 1776 quatenus
1835 1743 1919 1776 quo-

299 1806 440 1837 cunque
461 1797 495 1828 et
519 1802 767 1836 quemcunque
790 1794 946 1824 vestrim
973 1789 1213 1833 pervenerint,
1240 1789 1394 1833 benigne
1416 1787 1598 1832 recipiatis
1621 1787 1761 1822 eosdem
1785 1789 1821 1821 et
1844 1796 1920 1830 per-

299 1861 402 1883 sonas
425 1849 469 1882 ab
498 1849 643 1882 incursu
677 1845 940 1880 haereticorum
968 1844 1019 1879 cis
1046 1844 1295 1879 insidiantium
1320 1846 1569 1878 conservantes
1597 1842 1792 1881 indemnes,
1817 1852 1923 1875 omne

299 1904 501 1943 consilium,
520 1905 689 1937 ducatum
707 1905 740 1936 et
757 1901 932 1935 auxilium
952 1899 1175 1944 impendatis,
1195 1911 1259 1943 pro
1273 1903 1344 1934 tam
1371 1899 1524 1943 acceptis
1541 1910 1663 1934 coram
1679 1898 1753 1932 Deo
1769 1896 1923 1941 negotiis

299 1959 525 2003 exequendis.
546 1957 753 1992 Haereticos
768 1968 865 1997 vero,
881 1968 968 1999 quos
984 1959 1019 1990 et
1035 1955 1255 1990 ostenderint
1272 1955 1339 1998 ipsi
1355 1955 1467 1995 vobis,
1486 1955 1523 1989 in
1535 1953 1788 1998 jurisdictione
1805 1954 1923 1987 vestra

299 2014 434 2057 singuli
457 2013 637 2057 capientes
653 2011 818 2056 diligenti
842 2010 1004 2045 custodia
1025 2010 1244 2050 detinendos,
1271 2011 1383 2044 donec
1407 2012 1486 2053 post
1501 2009 1761 2044 ecclesiasticae
1776 2009 1922 2042 damna-

300 2068 407 2103 tionis
429 2067 620 2112 judicium,
651 2078 794 2110 poenam
825 2066 976 2100 subeant
1003 2076 1109 2108 quam
1137 2067 1333 2098 merentur.
1361 2064 1507 2104 Scituri,
1534 2065 1629 2107 quod
1653 2063 1691 2098 in
1714 2062 1924 2098 executione

301 2123 411 2167 ipsius
437 2122 571 2166 negotii
596 2125 739 2165 gratum
765 2121 837 2155 Deo
860 2123 894 2155 et
918 2119 1098 2154 laudabile
1123 2118 1225 2153 nobis
1241 2118 1450 2162 obsequium
1473 2118 1673 2159 conferetis,
1691 2117 1721 2152 si
1745 2118 1789 2152 ad
1807 2117 1924 2161 expel-

301 2178 429 2211 endam
468 2178 511 2211 de
549 2176 711 2220 partibus
742 2175 853 2210 nostri
895 2173 1036 2218 imperii
1068 2185 1197 2208 novam
1233 2176 1268 2208 et
1300 2173 1480 2207 insolitam
1510 2173 1713 2208 haereticae
1740 2171 1927 2216 pravitatis

302 2232 500 2273 infamiam,
527 2243 629 2275 opem
658 2234 693 2266 et
716 2242 861 2274 operam
888 2241 961 2264 una
984 2241 1066 2263 cum
1092 2229 1225 2263 eisdem
1253 2228 1426 2262 fratribus
1453 2227 1704 2271 praestiteritis
1731 2227 1924 2261 efficacem.

303 2287 348 2321 Et
365 2287 393 2320 si
411 2287 490 2330 quis
506 2288 597 2321 foret
625 2285 753 2320 exinde
770 2284 956 2329 negligens
980 2287 1015 2318 et
1041 2283 1210 2318 remissus
1233 2294 1275 2317 ac
1291 2283 1398 2317 etiam
1415 2282 1566 2323 inutilis,
1585 2294 1707 2317 coram
1723 2280 1876 2316 Domino
1892 2282 1928 2315 et

304 2341 339 2375 in
358 2345 547 2385 conspectu
563 2345 684 2376 nostro
701 2340 831 2385 poterit
847 2339 975 2375 merito
992 2339 1182 2383 culpabilis
1199 2350 1383 2382 apparere.

348 2396 478 2430 Datum
493 2396 676 2436 Ravenne‚
686 2407 780 2430 anno
795 2394 1003 2429 Dominicae
1015 2394 1275 2429 incarnationis
1286 2396 1380 2435 1232,
1390 2404 1510 2428 mense
1522 2392 1664 2434 Marcii,
1674 2395 1694 2427 5
1706 2391 1925 2428 indictionis.

651 2463 766 2503 Pertz,
792 2462 1046 2502 Monumentffi
1073 2460 1199 2503 Leyes,
1225 2461 1303 2496 deel
1326 2460 1372 2501 II,
1395 2460 1461 2495 blz.
1489 2462 1644 2495 288-289.
1670 2479 1713 2484 -
1736 2459 1925 2500 Boehmer,

697 2517 851 2560 Ressesta
875 2517 1038 2560 imperii,
1056 2516 1135 2550 decl
1151 2515 1194 2556 V,
1222 2518 1257 2550 le
1288 2515 1384 2557 stuk,
1414 2515 1480 2549 blz.
1504 2517 1568 2550 385
1599 2526 1644 2550 en
1674 2517 1749 2556 386,
1767 2521 1806 2549 nr
1829 2516 1925 2550 1942.

1074 2630 1160 2674 86.

371 2737 506 2786 1232,
528 2737 623 2780 Mei
643 2737 686 2786 4,
710 2737 973 2780 Μίνεοοῑινι.
997 2735 1127 2778 Bevel
1151 2749 1236 2778 van
1261 2733 1492 2778 HendrikI
1514 2733 1595 2777 den
1620 2733 1924 2791 strijdlustige,

309 2804 466 2861 hertog
498 2819 581 2847 van
616 2804 821 2856 Brabant,
859 2805 1029 2861 gericht
1061 2808 1127 2847 tot
1160 2804 1201 2846 al
1233 2803 1285 2848 de
1319 2802 1466 2853 ahten,
1502 2807 1721 2858 proosten,
1747 2802 1925 2853 dekens,

307 2873 606 2929 geesteliJken,
634 2873 827 2915 rechters
860 2887 912 2915 en
947 2872 1131 2929 burgers
1162 2886 1246 2914 van
1279 2872 1392 2929 zijne
1424 2874 1583 2921 statem,
1610 2871 1760 2914 alsook
1791 2874 1857 2914 tot
1889 2869 1929 2912 al

307 2941 416 2998 zijne
435 2941 728 2994 onderdanen,
750 2956 817 2984 om
835 2942 924 2986 hun
943 2942 994 2985 de
1013 2941 1251 2998 pauselijke
1269 2940 1547 2997 inquisiteurs
1564 2953 1644 2984 aan
1668 2945 1713 2984 te
1728 2938 1924 2983 bevelen.
