2097 3466
360 257 424 290 :370
1029 250 1160 286 ANNO
1187 253 1287 286 1460

362 352 601 391 contemptum
621 346 798 381 Creatoris
815 345 926 380 nostri
952 344 1028 385 Dei,
1047 343 1242 388 posteriora
1267 346 1390 378 contra
1414 344 1530 378 celum
1553 342 1760 384 denudasse,
1779 345 1886 387 prout
1908 342 1974 379 hec

362 410 393 438 ct
420 403 489 437 alia
515 402 552 435 in
575 401 678 435 dictis
701 400 922 444 processibus
952 398 1059 433 latius
1089 398 1318 433 eontinentur
1341 402 1375 433 et
1397 399 1597 441 liabentur3
1622 402 1657 433 et
1680 398 1745 432 hec
1768 398 1890 433 omnia
1911 409 1975 442 per

362 470 422 491 vos
454 455 641 491 commissa
671 459 749 499 post
772 457 1019 499 juramentum
1049 454 1257 488 sollemnem
1288 454 1333 488 ad
1365 453 1496 489 Sancta
1523 454 1587 488 Dei
1616 453 1823 498 Ewangelia
1853 464 1974 488 coram

362 512 463 546 nobis
479 510 665 554 prestitum
692 521 755 553 per
781 510 911 543 multos
934 508 1008 543 dies
1035 508 1239 552 denegasse,
1257 511 1397 544 reatum
1420 508 1583 553 perjurii,
1601 509 1696 552 quod
1721 508 1760 543 in
1782 508 1850 542 hac
1873 511 1974 552 parte

358 567 513 602 maxime
529 565 780 610 gravissimum
797 568 859 604 est,
879 563 1143 598 committendo.

405 623 601 666 Eapropter
628 632 691 655 nos
717 619 844 654 vicarii
873 618 1014 663 judices
1056 618 1226 653 antedicti
1250 619 1418 660 volentes,
1445 622 1551 663 prout
1582 620 1627 654 ad
1654 632 1718 655 nos
1743 632 1786 656 ex
1811 620 1974 665 injuncto

362 677 463 711 nobis
491 676 668 710 incumbit
693 675 822 715 officio,
849 676 948 709 tanta
975 677 1118 716 tamque
1144 673 1324 708 horrenda
1347 673 1500 708 crimina
1525 677 1631 718 atque
1659 674 1974 719 inexpiandissima

360 731 552 775 corrigere,
572 736 612 765 ut
627 730 708 764 aliis
724 729 826 764 cedat
841 728 879 762 in
902 728 1103 771 exemplum
1124 730 1158 761 ct
1174 727 1305 762 talibus
1320 728 1562 771 retrahantur,
1581 730 1695 765 Deum
1711 730 1826 765 solum
1840 729 1972 764 haben-

360 789 412 820 tes
435 797 498 829 pre
521 785 645 826 oculis,
664 796 725 818 vos
748 795 869 818 omncs
893 785 927 817 et
951 782 1112 826 singulos
1135 782 1357 825 supradictos
1380 786 1568 826 apostatas,
1587 785 1778 827 ydolatras,
1797 785 1971 829 penjur05‚

359 841 521 881 infames,
540 838 742 879 sodomitas,
762 849 831 881 quo
847 837 893 871 ad
908 849 970 871 vos
995 837 1180 877 Colettam,
1198 836 1457 881 Margarettam
1485 840 1520 872 et
1542 838 1744 873 Johannam
1768 837 1974 882 Printamps

360 896 435 938 Gay
451 898 558 938 atque
574 906 594 928 a
611 905 696 927 vera
712 893 781 926 fide
799 892 975 927 catholica
992 890 1112 925 devios
1134 891 1242 925 fuisse
1266 894 1301 926 ct
1323 892 1469 937 majoris
1493 891 1874 928 excommunicationis
1895 903 1972 928 sen-

356 949 510 984 tenciam
534 948 785 989 incucurrisse,
805 959 868 991 pcr
889 947 981 981 hanc
1009 949 1166 981 nostram
1191 946 1408 981 sentenciam
1435 947 1674 990 diffinitivam,
1704 959 1812 991 quam
1837 947 1876 982 in
1902 947 1973 982 hiis

355 1004 581 1049 proferimus,
607 1004 841 1038 declaramus.
869 1001 998 1036 Omnia
1025 1002 1119 1035 bona
1145 1004 1262 1036 vestra
1290 1005 1324 1036 et.
1352 1002 1544 1045 cujuslibet
1565 1005 1722 1037 vestrum
1761 1002 1800 1037 in
1822 1002 1971 1038 detesta-

355 1059 489 1094 tionem
515 1062 698 1093 tantorum
725 1057 916 1092 criminum
944 1057 1136 1090 confiscata
1158 1056 1447 1099 pronunciantes,
1473 1060 1508 1091 et
1534 1068 1576 1092 ea
1618 1057 1735 1100 quoad
1772 1056 1972 1091 immobilia

355 1115 451 1155 fisco,
485 1113 633 1148 mobilia
662 1124 746 1147 vero
777 1124 841 1156 pro
868 1111 1068 1155 sumptibus
1098 1122 1327 1154 processuum
1355 1114 1390 1146 et
1420 1123 1528 1146 onero
1560 1111 1689 1147 Sancte
1721 1110 1972 1155 Inquisicionis

355 1169 606 1212 supportandis
630 1168 731 1202 nobis
755 1167 997 1211 applicantes3
1023 1177 1084 1200 vos
1105 1166 1306 1201 «Iohannem
1330 1167 1386 1200 Du
1411 1167 1480 1201 Bos
1505 1169 1540 1201 et
1564 1167 1686 1202 Colam
1713 1167 1757 1201 de
1773 1166 1969 1207 Gaverelle,

354 1225 398 1258 de
415 1234 567 1267 quorum
590 1222 821 1257 conversione
844 1224 879 1256 et
904 1232 988 1255 vera
1012 1221 1213 1264 penitencia
1228 1220 1344 1265 magis
1367 1232 1551 1264 speramus
1581 1233 1623 1255 ex
1647 1221 1754 1256 certis
1777 1221 1892 1256 causis
1908 1231 1972 1255 nos

348 1280 446 1322 juste
462 1278 700 1318 monentibus,
717 1277 763 1311 ad
782 1277 958 1321 agendam
982 1275 1197 1320 condignam
1226 1275 1465 1319 penitenciam
1488 1275 1527 1310 in
1550 1275 1730 1320 perpetuis
1754 1275 1968 1317 carceribus,

356 1337 395 1368 ut
419 1333 607 1367 commissa
631 1332 779 1373 defletis,
798 1331 922 1376 gracia
945 1334 1064 1366 tamen
1088 1330 1217 1374 prefati
1243 1331 1430 1366 reverendi
1453 1330 1590 1365 domini
1616 1330 1860 1366 Atrebatensis
1881 1330 1970 1374 epis-

355 1388 435 1431 copi
465 1391 499 1422 et
537 1391 658 1422 nostra
689 1398 828 1430 semper
857 1387 965 1428 salva,
1007 1386 1318 1429 condempnantes.
1360 1386 1503 1421 Ceteros
1533 1389 1654 1422 autem
1691 1384 1971 1430 prescriptorum

354 1444 547 1478 criminum
577 1455 668 1485 reos,
697 1444 740 1477 de
771 1454 923 1486 quorum
951 1442 1181 1476 conversione
1207 1443 1284 1486 jam
1315 1453 1387 1476 non
1413 1453 1607 1486 speramus,
1633 1441 1741 1477 saluti
1768 1441 1971 1476 animarum

357 1499 488 1534 Christi
512 1499 671 1533 fidelium
695 1499 882 1542 providere
899 1497 1092 1541 cupientes,
1112 1508 1156 1532 ne
1179 1497 1217 1531 in
1240 1500 1421 1541 posterum
1444 1509 1503 1532 eos
1526 1497 1695 1532 inficiatis
1718 1503 1754 1532 et
1775 1507 1820 1531 ne
1835 1496 1971 1530 malum

354 1558 511 1590 vestrum
535 1558 723 1599 augeatur,
748 1557 919 1596 tanquam
935 1553 1095 1587 membra
1118 1551 1262 1596 putrida
1285 1554 1321 1587 et
1343 1564 1414 1586 non
1438 1552 1548 1596 digna
1568 1564 1650 1587 cum
1668 1551 1800 1587 Christi
1823 1549 1971 1586 ecclesie

356 1609 440 1644 filiis
456 1621 652 1650 remanere,
670 1608 820 1643 arbitrio
845 1607 1027 1651 potcstatis
1050 1607 1220 1642 secularis
1244 1606 1457 1641 dimittimus
1480 1610 1515 1641 et
1536 1607 1785 1651 relinquimus,
1802 1607 1971 1650 rogantes

355 1664 530 1698 instanter
552 1664 712 1705 eandem,
738 1667 789 1705 ut,
816 1663 907 1698 citra
933 1666 1084 1697 mortem
1115 1665 1150 1697 et
1176 1663 1419 1696 membrorum
1445 1665 1645 1698 vestrorum
1672 1660 1968 1703 mutillacionem,

346 1719 527 1763 judicium
551 1731 655 1753 suum
679 1719 776 1753 eirca
798 1730 860 1753 vos
887 1718 1073 1752 moderare
1100 1717 1281 1761 dignetur,
1311 1717 1486 1760 quodque,
1516 1717 1546 1751 si
1573 1717 1677 1761 signa
1704 1715 1905 1761 penitencie
1931 1715 1970 1750 in

350 1774 451 1808 vobis
466 1774 523 1808 vel
546 1775 667 1818 aliquo
691 1776 848 1808 vestrum
872 1772 1115 1817 apparuerint,
1134 1774 1357 1807 sacramenta
1380 1771 1610 1807 confessionis
1633 1774 1668 1807 et
1692 1770 1882 1807 eucaristie
1897 1781 1970 1805 non

349 1829 512 1873 deneget.

394 1885 525 1920 Datum
553 1885 618 1918 sub
649 1883 789 1928 sigillis,
809 1883 938 1927 quibus
965 1883 1003 1917 in
1030 1881 1135 1917 dictis
1162 1881 1292 1917 nostris
1318 1881 1512 1917 vicariatus
1537 1880 1663 1916 officiis
1692 1881 1841 1922 utimur,
1874 1890 1968 1915 anno

349 1939 493 1975 Domini
509 1939 698 1974 millesimo
715 1937 1065 1983 quadringentesimo
1081 1936 1314 1981 sexagesimo,
1332 1936 1463 1971 mensis
1479 1936 1582 1971 Jullii
1603 1936 1661 1971 die
1675 1935 1837 1980 septima.

697 2022 952 2056 Observations
973 2032 1040 2055 sur
1055 2013 1313 2064 Z’Echevz'naye
1334 2020 1379 2055 de
1400 2021 1437 2055 la
1454 2021 1540 2055 ville
1556 2021 1719 2063 &Am-as,
1737 2032 1804 2066 par
1822 2020 1969 2056 Charles

735 2077 778 2111 de
792 2075 1047 2120 Wignacourt,
1067 2076 1132 2110 blz.
1152 2077 1307 2110 388-391.

1105 2220 1220 2266 313.

411 2369 549 2422 1460,
573 2369 685 2412 Jum'
704 2369 883 2413 22-Jul2·
907 2369 978 2418 16,
1004 2368 1204 2411 Atreo-ht.
1231 2366 1470 2411 Uittreksel
1491 2366 1556 2410 uit
1588 2366 1639 2409 de
1675 2365 1847 2423 kronijk
1879 2378 1966 2410 van

346 2438 529 2492 Jacques
551 2439 614 2480 Du
637 2437 785 2493 Clercq
807 2450 912 2481 over
934 2437 1009 2480 het
1041 2435 1305 2492 beprediken
1343 2450 1396 2478 en
1429 2434 1702 2479 verbranden
1734 2449 1818 2480 van
1850 2438 1965 2479 twee

345 2519 530 2550 mannen
554 2521 608 2549 en
630 2506 722 2549 vier
745 2520 967 2549 vrouwen.
995 2504 1306 2549 Daarenboven
1328 2504 1507 2548 werden
1530 2517 1608 2546 een
1642 2517 1740 2547 man
1773 2518 1827 2547 en
1860 2517 1966 2547 eene

347 2587 500 2617 vrouw
539 2576 679 2618 alleen
718 2578 784 2618 tot
820 2575 871 2617 de
907 2574 1176 2633 gevangenis
1213 2572 1508 2616 veroordeeld.
1542 2597 1589 2605 —
1629 2574 1713 2616 Jan
1752 2572 1807 2615 du
1845 2572 1960 2624 Bois,

349 2643 480 2685 Jacob
520 2644 572 2687 de
608 2643 694 2686 kok
717 2656 800 2686 van
823 2644 904 2685 den
937 2656 1210 2699 gouverneur
1231 2656 1314 2685 van
1336 2642 1534 2691 Atrecht‚
1577 2640 1698 2684 Colin
1735 2641 1787 2684 de
1822 2641 1967 2684 Bulle-

348 2716 471 2755 court
494 2726 547 2754 en
581 2712 662 2769 vijf
691 2725 913 2763 vrouwen,
941 2709 1199 2754 waaronder
1236 2711 1330 2753 vier
1369 2710 1673 2762 lichtekooien,
1697 2709 1875 2753 werden
1911 2722 1964 2765 op

350 2793 428 2822 een
448 2781 629 2837 stellage
652 2781 695 2823 in
718 2781 790 2824 het
813 2783 964 2836 groote
985 2778 1227 2822 binnenhof
1251 2791 1334 2822 van
1356 2779 1432 2821 het
1455 2777 1789 2836 bisschoppelijk
1810 2777 1961 2836 paleiS,

350 2852 440 2890 met
457 2849 624 2906 mijters
647 2849 709 2892 als
731 2848 1050 2900 hoofddeksels,
1072 2848 1178 2892 door
1198 2847 1280 2889 den
1298 2847 1551 2903 inquisiteur
1568 2849 1713 2891 Pieter
1729 2843 1965 2890 Lesbrous-

353 2920 444 2961 sart
466 2917 692 2975 bepredikt
714 2918 758 2960 in
780 2917 926 2976 bijzijn
949 2930 1078 2961 eener
1100 2915 1322 2960 ontelbare
1346 2915 1678 2976 volksmenigte.
1704 2917 1763 2959 De
1778 2915 1968 2972 ‘inquisi-
