2097 3466
760 215 892 252 ANNO
918 228 948 251 e.
978 219 1075 252 1380
1695 219 1756 254 241

126 327 264 357 eenen
302 326 378 356 200
410 313 698 357 onwetenden
737 328 828 366 vos,
866 328 945 358 een
983 329 1060 358 zoo
1098 314 1379 370 logenachtig
1416 327 1470 356 en
1510 313 1757 371 versoeilijk

125 381 262 435 beest,
298 385 343 426 te
375 383 501 426 recht
533 396 619 426 van
653 382 827 440 ketterij
866 383 1091 435 verdacht‚
1126 387 1172 426 te
1204 396 1480 438 verwerpen.

484 474 545 509 Ad
561 476 770 520 episcopum
786 474 1019 509 Florentium
1036 475 1082 510 de
1099 473 1396 510 Bartholomaeo.

168 538 462 576 Metuendissime
479 543 582 584 pater
598 541 836 586 princepsque
853 541 940 577 cleri
957 545 993 577 et
1016 541 1139 586 populi
1165 541 1203 576 in
1226 541 1283 576 his
1312 541 1534 586 temporibus
1550 540 1761 586 periculosis

124 598 161 632 et
175 594 324 630 ultimis.
340 594 469 630 Vestra
484 595 572 630 velit
587 596 692 638 scire,
711 596 806 641 quod
823 596 1121 632 Bartholomaeus
1145 597 1190 632 de
1214 596 1398 632 Dordraco
1423 597 1469 632 ad
1484 609 1634 632 examen
1650 596 1760 632 vestri

123 650 266 692 vicarii,
285 649 381 694 quod
396 650 500 685 valde
522 652 745 686 tumultuose
759 654 806 693 et,
826 655 866 687 ut
882 651 973 686 mihi
997 652 1114 686 visum
1139 654 1202 694 est,
1222 663 1294 687 non
1310 655 1452 688 servata
1467 653 1589 688 debita
1606 653 1645 687 in
1661 655 1761 687 tanto

124 705 270 751 negotio
286 705 464 750 gravitate
480 707 668 751 agebatur,
686 706 808 741 omnia
823 706 891 741 sibi
914 706 1082 751 imposita
1097 710 1133 742 et
1150 707 1344 751 proposita,
1363 707 1473 743 etiam
1490 708 1554 742 illa
1570 708 1613 742 de
1631 707 1761 752 quibus

123 764 178 797 est
203 760 384 796 sufficiens
412 764 514 796 extra
547 761 713 811 Campen-
736 761 774 796 in
803 761 945 797 Swollis
975 765 1012 797 et
1042 762 1080 797 in
1111 762 1378 798 VVoudrichem
1406 763 1663 805 testimonium,
1697 773 1761 806 per

117 817 367 862 juramentum
383 815 577 860 requisitus
594 815 818 860 praedicasse
840 816 1008 861 negavit3
1035 828 1107 860 qua
1130 817 1323 862 negatione
1347 818 1454 860 facta,
1472 817 1639 853 dominus
1662 817 1757 852 vica-

122 871 200 907 rius
216 883 299 907 cum
315 871 604 908 mendicantibus
619 875 656 907 et
678 871 759 906 aliis
783 872 856 907 suis
880 872 1053 908 adhibitis
1069 873 1240 915 decrevit,
1260 876 1301 909 ut
1318 874 1524 918 praedictus
1541 875 1760 910 Bertholdus

123 927 268 972 singula
291 930 422 972 negata
446 927 485 962 in
509 927 656 971 propria
672 938 824 970 persona
848 927 887 962 in
913 928 1071 972 Campen
1088 932 1123 963 et
1139 928 1283 964 Swollis
1298 929 1395 964 villis
1411 941 1448 965 se
1464 941 1613 972 negasse
1629 934 1664 966 et
1688 942 1760 965 non

121 983 254 1018 dixisse
269 982 483 1027 publicaret.
505 981 544 1017 Si
560 981 713 1018 ulterior
735 982 922 1027 inquisitio
939 987 974 1019 et
990 983 1154 1028 probatio
1171 984 1251 1019 fieri
1267 985 1408 1028 debeat,
1426 988 1545 1021 vestra
1561 986 1758 1030 paternitas

122 1037 331 1074 reservavit.

167 1093 271 1128 Unde
294 1093 340 1128 ad
356 1095 592 1137 augmentum
609 1092 692 1128 fidei
715 1096 751 1128 et
774 1096 918 1129 sanctae
939 1094 1113 1130 ecclesiae
1138 1095 1443 1131 constructionem
1459 1107 1540 1132 mea
1563 1096 1761 1141 praesumit

121 1151 159 1185 et
180 1148 327 1184 omnino
350 1152 470 1192 sperat
493 1148 723 1190 conscientia,
743 1152 784 1184 ut
799 1152 917 1185 vestra
940 1150 1137 1194 paternitas
1159 1151 1199 1185 in
1222 1151 1279 1185 his
1305 1152 1413 1187 rebus
1429 1152 1516 1187 velit
1532 1151 1761 1196 pastoraliter

122 1204 277 1250 vigilare
299 1207 335 1240 et
358 1203 630 1248 inquisitionem
653 1203 876 1246 ulteriorem,
895 1216 1003 1248 quam
1026 1216 1083 1240 res
1107 1205 1233 1250 exigit,
1252 1218 1325 1241 non
1349 1210 1572 1251 postponere.
1593 1207 1698 1248 Quod
1721 1206 1760 1241 in

124 1260 278 1301 Christo,
299 1258 361 1304 qui
384 1259 525 1294 habitat
548 1270 614 1303 per
628 1259 735 1294 fidem
759 1258 798 1293 in
814 1259 926 1301 vobis,
946 1260 1101 1295 fideliter
1116 1264 1151 1296 et
1174 1261 1379 1297 humillime
1402 1265 1438 1297 et
1460 1261 1599 1297 intimis
1616 1261 1759 1296 fletibus

121 1315 296 1360 supplico.
317 1314 387 1350 Sed
402 1314 471 1349 1100
495 1325 560 1358 pro
585 1313 792 1349 firmissimo
808 1314 899 1349 mihi
922 1326 1023 1350 mens
1047 1315 1086 1350 in
1104 1316 1247 1352 Christo
1272 1317 1449 1352 conclusit
1472 1320 1508 1352 et
1531 1317 1700 1359 firmavit,
1719 1319 1760 1352 ut

120 1374 239 1406 vestra
255 1369 368 1414 pietas
384 1381 450 1405 nee
466 1369 633 1413 precibus
650 1381 716 1404 nec
732 1369 848 1413 pretio
865 1381 931 1405 nec
948 1371 1223 1416 quibuscunque
1247 1371 1505 1417 instigantibus
1528 1377 1592 1408 aut
1614 1384 1757 1407 moven-

120 1425 217 1461 tibus
234 1425 344 1470 possit
363 1425 410 1460 ad
432 1424 502 1459 1100
517 1424 655 1459 moveri
671 1425 729 1459 vel
744 1424 886 1467 deduci,
906 1428 947 1461 ut
962 1426 1071 1460 talem
1087 1426 1271 1462 indoctam
1288 1428 1530 1472 vulpeculam,
1549 1428 1759 1463 mendaeem

119 1482 156 1516 01
178 1478 394 1515 multiformi
418 1478 643 1522 turpitudine
667 1478 870 1514 difformem
887 1479 1038 1514 bestiam
1055 1483 1090 1516 et
1113 1492 1197 1516 vere
1221 1481 1265 1516 de
1287 1481 1428 1517 haeresi
1455 1482 1758 1526 suspectissimam

119 1535 164 1570 de
187 1537 306 1570 cetero
329 1533 539 1569 admittatis,
565 1534 700 1569 Doceat
723 1534 847 1569 unctio
870 1538 994 1569 sancta
1021 1535 1270 1580 dignationem
1294 1540 1451 1573 vestram
1474 1539 1609 1574 doloris
1631 1539 1758 1575 matris

119 1589 291 1625 ecelesiae
314 1589 450 1625 mederi
477 1588 687 1631 visceribus,
705 1589 837 1632 quibus
859 1589 1103 1625 indissolubili
1127 1591 1274 1627 vinculo
1299 1592 1456 1637 Spiritus
1479 1605 1614 1636 omnes,
1633 1595 1694 1638 qui
1719 1594 1758 1630 in

120 1645 263 1681 Christo
287 1657 422 1687 sumus,
447 1644 658 1679 suavissime
681 1644 916 1689 colliguntur.
942 1645 985 1680 In
1013 1646 1144 1689 quibus
1167 1658 1230 1682 vos
1258 1648 1457 1683 secundum
1486 1649 1551 1684 Dei
1580 1649 1757 1694 Spiritum

118 1704 293 1744 quantum
310 1704 394 1745 opto
403 1699 514 1745 jungi
537 1703 572 1735 et
595 1699 739 1742 viuciri‚
759 1712 832 1735 non
848 1704 962 1745 potest
986 1703 1113 1737 charta
1129 1703 1342 1746 exprimere.
1363 1703 1433 1739 Sed
1455 1705 1572 1740 valete
1594 1706 1757 1740 valenter

117 1755 157 1790 in
182 1755 252 1791 hac
278 1755 570 1801 peregrinatione
594 1758 630 1790 et
652 1755 863 1790 brevissima
890 1759 925 1791 et
951 1756 1118 1800 pessima,
1139 1757 1275 1793 Christi
1297 1758 1468 1802 vicarius,
1487 1760 1610 1795 ovium
1634 1765 1756 1805 pastor

117 1813 153 1846 et
167 1811 373 1855 speculator
387 1814 514 1847 contra
533 1810 766 1846 inimicorum
782 1810 943 1847 insidias.

466 1890 629 1934 Aequoy,
661 1888 826 1925 Gerardi
851 1890 987 1935 Maqni
1013 1891 1188 1936 epistolae
1211 1892 1318 1935 XIV,
1337 1893 1403 1928 blz.
1422 1895 1536 1936 36-39,
1562 1897 1635 1930 11101
1657 1905 1752 1930 com-

508 1947 684 1980 mentaar.

875 2030 994 2075 228.

182 2133 440 2179 Omstreeks
476 2134 615 2185 1380,
647 2133 903 2179 Deventer?
934 2137 1058 2180 Brief
1085 2151 1171 2181 van
1204 2139 1337 2184 Geert
1368 2140 1530 2184 Groote
1553 2155 1634 2184 aan
1668 2141 1751 2185 den

117 2204 275 2247 vicaris
297 2218 384 2247 van
407 2204 490 2247 (1011
513 2203 714 2260 bisschop
738 2219 821 2248 van
846 2206 1031 2250 Utreeht
1063 2221 1167 2250 over
1199 2207 1384 2252 broeder
1405 2210 1752 2255 Bartholomaeus

116 2273 182 2331 (of
198 2273 495 2330 Bertholdus).
528 2299 569 2305 —
596 2274 666 2331 Hij
693 2274 842 2330 dringt
865 2288 914 2318 er
935 2289 988 2331 op
1013 2290 1110 2328 aan‚
1134 2277 1208 2321 dat
1231 2292 1337 2322 eene
1355 2279 1585 2335 scherpere
1608 2281 1752 2336 Inqui-

117 2342 213 2386 sitie
236 2347 367 2399 tegen
399 2343 450 2386 de
483 2342 653 2386 ketters
677 2343 837 2400 noodig
860 2343 912 2387 is.
939 2345 1091 2388 Indien
1117 2346 1168 2389 de
1202 2346 1407 2390 bedoelde
1431 2348 1614 2392 broeder
1638 2349 1752 2407 zijne

116 2425 370 2455 sermoenen
402 2425 502 2468 mag
524 2411 841 2468 herbeginnen,
868 2414 934 2456 zal
967 2413 1138 2458 daaruit
1162 2430 1242 2459 een
1276 2417 1563 2475 sehrikkelijk
1595 2418 1752 2461 schan-

117 2481 214 2524 daal
237 2483 458 2524 ontstaan.
485 2482 544 2524 De
568 2494 673 2536 paus
695 2482 760 2524 zal
786 2482 829 2524 in
853 2481 882 2526 't
905 2483 1031 2526 einde
1053 2484 1145 2527 niet
1169 2484 1419 2529 onbemoeid
1442 2486 1620 2530 kunnen
1654 2487 1752 2544 blij-

114 2563 215 2592 ven.
242 2550 338 2593 Aan
373 2550 543 2593 iemand
567 2550 630 2592 uit
653 2551 728 2593 het
753 2550 1130 2596 Over-IJsselsche
1153 2567 1231 2597 zou
1265 2554 1317 2597 de
1350 2554 1549 2611 bisschop
1582 2561 1753 2600 moeten

115 2618 201 2662 last
223 2631 362 2675 geven
390 2632 458 2661 om
497 2619 669 2662 nieuwe
708 2621 1033 2678 getuigenissen
1057 2626 1189 2679 tegen
1233 2622 1330 2666 dien
1354 2625 1561 2667 valschen
1585 2625 1756 2681 proseet

116 2689 160 2731 te
181 2688 471 2731 verzamelen.

138 2779 199 2814 Ad
214 2779 371 2814 eundem
388 2779 433 2814 de
449 2779 574 2814 eodem
591 2779 677 2824 [leg.
696 2780 756 2814 Ad
772 2780 957 2816 Florentii
973 2784 1136 2827 episcopi
1159 2785 1340 2818 vicarium
1360 2784 1405 2818 de
1422 2783 1734 2829 Bai-tholomaeo]

162 2844 295 2881 Potens
322 2845 478 2887 domine,
508 2845 601 2880 scire
629 2845 829 2891 dignemini
858 2849 953 2892 quod
981 2849 1148 2884 haereses
1170 2851 1247 2895 jam
1276 2851 1411 2886 multae
1439 2854 1473 2886 et
1500 2852 1758 2887 secretissimae

118 2904 277 2946 serpunt.
298 2901 401 2938 Unde
419 2900 659 2938 necessarium
677 2905 729 2937 est
746 2902 849 2938 valde
865 2903 975 2940 statui
993 2903 1165 2940 ecclesiae
1182 2908 1326 2941 sanctae
1343 2910 1375 2941 et
1395 2906 1477 2941 fidei
1495 2907 1757 2942 sincerissimae

1620 2987 1662 3020 1⁴3
