2097 3466
749 235 883 271 ANNo
898 227 1007 271 '1411
1620 234 1685 269 273

61 334 183 382 probis
205 334 293 370 viris
309 331 405 377 quod
427 331 471 366 de
494 333 613 366 cetero
636 339 703 364 nec
726 328 870 372 publice
893 340 958 364 nec
973 329 1113 365 occulte
1136 329 1386 374 praedicarent
1409 328 1609 365 castitatem
1626 331 1690 362 aut

60 389 320 436 virginitatem,
346 397 412 422 nec
439 383 771 421 recommendarent
799 383 1069 425 continentiam,
1095 388 1292 419 asserentes
1314 384 1424 419 etiam
1452 384 1589 419 nullam
1615 392 1691 418 esse

62 444 255 491 virginem,
272 454 346 478 11118
361 445 503 478 1811111111
518 440 674 483 dempta,
693 449 801 482 quam
817 438 943 474 (11011111
958 450 1033 474 0550
1048 438 1274 483 sapientiam.

106 502 161 536 21.
178 499 269 535 Item
284 499 328 534 de
344 494 556 542 purgatorio
572 496 656 528 sunt
671 492 845 528 contrarii
862 493 1044 529 ecclesiae.
1064 493 1241 528 Similiter
1257 494 1301 529 de
1324 493 1477 529 inferno.
1498 493 1543 529 Et
1560 492 1695 527 habent

63 554 242 600 quendam
259 552 481 597 singularem
497 554 533 585 et
548 550 673 584 fictum
688 548 834 582 modum
851 548 1021 592 loquendi
1038 548 1082 584 de
1098 548 1162 583 illa
1177 548 1341 584 materia.

106 610 197 646 Item
212 609 259 644 ad
281 606 526 652 quaestionem
543 604 686 648 quando
710 604 755 638 ab
778 603 830 639 eis
853 604 1041 648 quaeritur
1063 604 1152 648 quid
1175 605 1431 649 responderent
1453 604 1483 639 si
1506 604 1558 640 eis
1582 604 1693 648 impo-

64 668 236 702 nerentur
251 662 481 698 credulitates
496 658 786 704 supradictorum
803 659 1053 701 articulorum,
1071 660 1288 704 respondent
1303 660 1398 704 quod
1415 662 1601 704 negarent.
1625 675 1640 689 n

107 720 198 756 Item
221 722 257 754 et
272 718 358 763 quia
372 728 416 752 ex
434 716 504 750 fide
518 714 713 759 dignorum
729 713 1012 757 depositionibus
1032 714 1177 750 testium
1195 715 1356 750 constitit
1379 718 1413 750 te
1430 715 1551 759 plures
1568 726 1695 759 propo-

64 774 212 811 sitiones
233 776 270 810 et
292 771 540 808 conclusiones
562 780 730 805 erroneas
753 772 790 804 et
811 781 833 803 a
857 769 927 804 fide
950 769 1071 805 devias
1094 769 1133 805 in
1157 771 1281 806 eadem
1298 771 1386 805 villa
1411 771 1638 806 Bruxellensi
1663 774 1699 806 01

65 829 199 866 diocesi
215 831 336 864 nostra
349 825 678 872 praedicationibus
691 824 846 868 publicis
861 824 1055 860 asseruisse
1067 826 1391 870 collationibusque
1405 826 1555 870 privatis
1572 826 1695 860 incon-

65 885 159 920 sulte
181 895 246 929 per
267 887 302 919 te
325 881 429 917 factis
453 880 621 916 cordibus
644 879 817 920 fidelium,
836 882 1011 923 quantum
1036 880 1074 915 in
1098 883 1133 916 te
1156 881 1236 922 fuit,
1256 881 1460 923 inseruisse,
1487 881 1533 916 ad
1558 881 1699 916 easdem

66 939 286 986 abJurandas
301 941 338 974 et
359 936 579 972 revocandas
595 935 674 969 loco
691 937 725 968 et
749 934 864 969 modis
880 935 980 978 prius
995 935 1182 979 expressis,
1208 936 1248 971 in
1270 937 1456 980 formaque
1471 938 1508 971 et
1523 939 1647 971 tenore
1662 934 1701 969 in

66 993 223 1038 quadam
239 993 366 1028 cedula
383 1003 447 1036 per
462 1002 526 1026 nos
551 1001 613 1024 seu
638 992 777 1024 nostros
793 989 861 1024 tibi
885 990 1071 1032 tradenda,
1099 993 1305 1026 nostrorum
1329 990 1367 1025 in
1383 991 1452 1026 hoc
1478 989 1702 1026 notariorum

65 1047 180 1093 signis
215 1047 375 1093 signata,
416 1057 570 1091 quarum
601 1044 710 1080 etiam
741 1044 1026 1088 propositionum
1057 1049 1161 1080 tenor
1192 1045 1355 1090 sequitur
1385 1045 1424 1081 in
1455 1045 1546 1080 haee
1577 1045 1699 1080 verba.

112 1112 322 1158 Sequuntur
331 1113 606 1157 propositiones
621 1110 752 1153 falsae,
768 1120 943 1146 erroneae
955 1116 987 1146 et
999 1110 1204 1146 haereticae
1211 1122 1283 1156 per
1295 1122 1353 1146 me
1367 1112 1524 1156 fratrem
1550 1109 1700 1144 Wz‘lhez-

71 1179 174 1202 mum
191 1168 232 1200 in
247 1167 371 1211 forma
389 1177 484 1212 quae
498 1167 665 1210 sequitur
679 1165 910 1199 revocandae
924 1176 935 1199 .·

113 1222 240 1257 Prima
267 1221 475 1266 propositio,
506 1220 603 1264 quod
633 1231 755 1254 omnes
784 1219 993 1262 Christiani,
1024 1220 1166 1263 Judaei,
1200 1221 1333 1266 pagani
1365 1223 1401 1257 et
1427 1220 1536 1257 etiam
1567 1219 1703 1255 diaboli

72 1276 309 1311 salvabuntur
333 1286 526 1320 omnesque
550 1275 596 1309 ad
613 1275 728 1310 Deum
744 1278 971 1310 revertentur
987 1278 1022 1310 et
1045 1276 1115 1311 erit
1138 1287 1251 1311 unum
1275 1276 1370 1311 ovile
1392 1279 1428 1312 et
1451 1288 1545 1311 unus
1567 1279 1700 1320 pastor,

69 1334 106 1368 et
132 1330 291 1366 finaliter
317 1330 387 1366 erit
418 1340 492 1365 una
522 1329 702 1374 generalis
732 1329 895 1364 salvatio.
927 1329 1094 1371 Probari,
1124 1330 1210 1373 quia
1242 1330 1405 1366 Christus
1435 1330 1608 1366 satisfecit
1638 1341 1703 1374 pro

70 1385 248 1421 omnibus.
266 1385 357 1420 Item
373 1395 496 1420 omnes
512 1387 636 1428 gentes
651 1386 734 1418 sunt
756 1383 965 1419 benedictae
987 1384 1026 1419 in
1043 1384 1198 1427 Christo,
1217 1389 1252 1420 01
1276 1385 1477 1421 benedictio
1502 1384 1568 1420 Dei
1583 1395 1703 1419 mane-

71 1441 135 1476 bit.
155 1441 252 1485 Ergo
270 1439 429 1475 finaliter
443 1450 567 1474 omnes
589 1439 827 1474 salvabuntur
849 1438 888 1473 in
913 1439 1067 1474 Christo.
1095 1439 1198 1474 Hanc
1220 1451 1350 1475 revoco
1374 1444 1546 1484 tanquam
1562 1440 1701 1480 falsam,

71 1507 261 1532 erroneam
277 1498 314 1531 01
329 1494 561 1536 haereticam,
580 1493 666 1538 quia
681 1496 734 1529 est
749 1498 876 1529 contra
895 1493 988 1529 illud
1003 1494 1184 1539 evangelii
1199 1506 1207 1529 :
1225 1494 1335 1529 Multi
1350 1497 1434 1530 sunt
1448 1494 1578 1536 vocati,
1596 1494 1703 1539 pauci

71 1562 158 1587 vero
174 1550 291 1586 electi.
310 1550 400 1586 Item
416 1550 523 1585 multi
546 1549 724 1584 decedunt
745 1549 784 1583 in
807 1555 954 1593 peccato
970 1550 1115 1584 mortali
1138 1553 1174 1585 01
1196 1550 1285 1584 18105
1309 1561 1382 1585 11011
1397 1550 1594 1585 salvantur.
1612 1549 1703 1585 Item

71 1606 220 1642 Judaeis
235 1609 271 1642 et
293 1605 444 1650 paganis
460 1608 559 1650 patet
581 1616 645 1649 per
667 1605 759 1639 illud
780 1604 980 1649 scripturae
995 1616 1139 1640 sacrae:
1159 1605 1238 1640 Nisi
1262 1605 1342 1649 quis
1365 1607 1512 1640 renatus
1532 1604 1642 1640 fuerit
1657 1616 1701 1640 ex

73 1672 168 1707 aqua
182 1663 218 1697 01
230 1661 369 1705 Spiritu
386 1660 530 1702 Sancto,
545 1671 618 1695 11011
632 1659 783 1695 intrabit
802 1660 841 1694 in
856 1671 1010 1704 regnum
1024 1660 1218 1695 coelorum.

111 1717 314 1753 Secundam
340 1715 634 1761 propositionem,
653 1727 744 1759 quae
761 1715 924 1759 sequitur
939 1727 982 1750 ex
999 1715 1214 1759 praemissis,
1233 1715 1427 1760 aliquando
1451 1715 1613 1751 infernus
1630 1726 1701 1750 non

65 1771 147 1814 erit,
163 1782 294 1807 revoco
310 1773 495 1816 tamquam
510 1771 637 1806 falsam
653 1773 689 1806 et
704 1770 936 1812 haereticam,
952 1770 1038 1815 quia
1053 1774 1106 1806 est
1122 1773 1248 1806 contra
1263 1770 1356 1807 illud
1372 1771 1574 1816 evangelii:
1592 1770 1701 1806 Ibunt

64 1827 93 1863 ii
109 1827 148 1863 in
162 1827 275 1863 vitam
291 1830 488 1868 aeternam,
507 1825 534 1860 ii
550 1828 671 1861 autem
687 1825 726 1860 in
746 1825 868 1870 ignem
885 1830 1085 1861 aeternum.

110 1882 283 1924 Tertiam,
309 1881 405 1926 quod
431 1881 558 1916 dicunt
584 1892 621 1915 50
648 1881 782 1916 118110Γο
808 1881 911 1922 velle,
938 1881 1031 1915 nihil
1057 1883 1121 1923 est,
1151 1880 1246 1916 Deus
1270 1881 1368 1916 enim
1394 1883 1510 1916 totum
1537 1880 1637 1923 facit,
1663 1884 1699 1916 et

64 1938 188 1975 omnia
203 1938 278 1973 sive
300 1937 395 1973 bona
412 1937 487 1972 sive
502 1937 598 1971 mala
621 1937 714 1972 fiunt
736 1937 921 1972 voluntate
944 1937 1068 1972 divina
1083 1939 1119 1972 et
1143 1937 1362 1973 conveniunt
1385 1936 1436 1973 ita
1459 1948 1547 1979 esse,
1566 1949 1695 1973 revoco

63 1996 237 2038 tanquam
253 1993 379 2028 falsam
395 1994 431 2027 et
446 1991 665 2027 haereticam
678 1995 713 2027 et
729 1991 873 2036 piarum
889 1991 1034 2026 aurium
1049 1991 1270 2027 offensivam.

108 2048 296 2090 Quartam,
313 2047 410 2091 quod
433 2047 554 2081 nullus
579 2047 686 2082 homo
710 2058 822 2091 purus
849 2047 887 2081 in
911 2047 970 2082 via
993 2047 1134 2082 actibus
1156 2047 1230 2082 suis
1253 2050 1413 2082 meretur
1435 2047 1574 2093 aliquid
1599 2048 1694 2084 vitae

63 2107 242 2146 aeternae,
260 2103 321 2138 sed
338 2103 500 2138 Christus
523 2102 652 2144 solum,
670 2102 732 2146 11111
755 2102 795 2136 111
818 2113 925 2137 cruce
948 2101 1070 2137 omnia
1093 2102 1237 2143 meruit,
1255 2113 1385 2137 revoco
1409 2105 1582 2146 tanquam
1599 2104 1693 2139 male

63 2162 249 2195 sonantem
264 2162 300 2194 et
315 2158 457 2202 piarum
473 2156 617 2191 aurium
637 2157 846 2191 offensivam
863 2160 970 2201 atque
985 2168 1173 2191 erroneam
1189 2160 1225 2192 et
1244 2157 1476 2192 haereticam.

108 2214 292 2256 Quintam,
307 2213 403 2257 quod
419 2212 510 2246 illud
527 2212 622 2255 quod
638 2212 745 2246 homo
761 2213 850 2257 agit,
869 2223 942 2247 non
958 2212 1052 2247 cedit
1067 2212 1136 2246 sibi
1152 2212 1198 2247 ad
1215 2212 1384 2247 meritum
1402 2213 1455 2248 vel
1475 2213 1691 2248 demeritum

63 2281 130 2306 nec
145 2270 192 2305 ad
206 2269 441 2304 salvationem
462 2267 519 2302 101
544 2267 823 2309 damnationem,
842 2268 903 2302 sed
926 2268 1042 2312 passio
1067 2267 1200 2302 Christi
1224 2267 1397 2303 satisfecit
1421 2279 1484 2312 pro
1509 2269 1687 2310 omnibus,

63 2327 158 2361 hanc
185 2335 314 2360 revoco
340 2327 513 2367 tanquam
539 2323 678 2364 falsam,
705 2322 944 2366 periculosam
967 2326 1002 2358 et
1029 2323 1276 2358 scandalosam
1313 2326 1420 2367 atque
1444 2334 1632 2358 erroneam
1655 2327 1691 2359 et

63 2379 294 2416 haereticam.

107 2435 264 2476 Sextam,
283 2433 380 2479 quod
404 2433 512 2469 homo
539 2433 697 2469 exterior
719 2444 791 2468 non
817 2433 977 2469 maculat
1003 2433 1186 2469 hominem
1212 2432 1434 2476 interiorem,
1460 2445 1589 2470 revoco
1612 2437 1689 2471 tan-

65 2501 172 2535 quam
189 2489 315 2524 falsam
331 2492 366 2524 et
382 2489 475 2523 male
491 2491 688 2523 sonantem.

109 2545 317 2591 Septimam,
347 2545 443 2588 quod
468 2544 575 2579 homo
602 2543 754 2580 interior
780 2556 853 2580 non
882 2544 1127 2588 damnabitur,
1159 2545 1327 2581 similiter
1356 2557 1485 2582 revoco
1517 2549 1689 2592 tanquam

65 2601 191 2637 falsam
207 2603 244 2636 et
258 2599 352 2635 male
368 2602 566 2634 sonantem.

110 2655 294 2698 Octavam,
312 2656 408 2701 quod
423 2655 462 2691 in
477 2659 607 2691 ornatu
624 2655 777 2692 vestium
794 2657 894 2691 nulla
909 2659 962 2692 051
978 2656 1096 2701 culpa,
1114 2667 1243 2692 revoco
1259 2660 1430 2700 tanquam
1447 2658 1541 2694 male
1558 2670 1686 2695 sonan·

64 2713 137 2747 tem
152 2713 188 2747 et
202 2711 296 2747 male
312 2711 588 2752 aedificativam,
607 2711 704 2755 quia,
727 2712 811 2747 licet
831 2711 870 2746 in
886 2715 1014 2747 ornatu
1032 2711 1184 2747 vestium
1201 2724 1272 2747 non
1288 2713 1334 2747 sit
1356 2715 1554 2756 peccatum,
1573 2716 1687 2758 potest

64 2769 185 2802 tamen
199 2769 349 2802 ornatus
364 2767 516 2802 vestium
530 2778 604 2802 esse
619 2778 726 2801 causa
741 2770 777 2802 et
792 2767 932 2802 occasio
949 2766 1098 2811 pcccati.

108 2821 260 2864 Nonam,
279 2822 374 2866 quod
395 2821 695 2866 reprehendentes
719 2826 924 2867 peccatores
939 2823 996 2857 vel
1019 2834 1079 2858 005
1096 2822 1302 2868 judicantes
1319 2823 1399 2867 plus
1415 2826 1564 2867 peccant
1579 2835 1687 2869 quam

64 2875 271 2921 reprehensi
286 2877 342 2912 vel
352 2876 522 2922 judicati,
537 2888 666 2912 revoco
683 2880 856 2923 tanquam
873 2878 1000 2914 falsam
1013 2880 1049 2914 et
1060 2878 1154 2914 male
1170 2881 1356 2914 sonantem
1368 2878 1549 2925 totiusque
1563 2880 1690 2917 frater-

65 2943 134 2970 nae
149 2932 382 2971 correctionis
398 2932 666 2972 destmctivam.

1566 3005 1606 3039 15
