2097 3466
295 229 660 265 AANGEHAALDE
687 230 1101 268 HANDSCHRIFTEN
1128 232 1190 267 EN
1218 232 1594 270 DRUKWERKEN.
1701 240 1764 272 537

174 325 248 359 166.
276 324 336 359 Fr.
379 324 605 369 Hyacinthus
645 325 818 369 Choquet,
845 324 969 359 Sancti
1006 325 1131 371 Belqii
1170 326 1317 361 ordinis
1349 328 1667 372 praedicatorum,
1693 334 1760 366 etc.

129 378 276 415 Dowaai
295 379 396 414 1618.

173 463 247 496 167.
276 463 318 496 G.
339 462 504 506 Seguier,
534 463 682 497 Laurea
710 462 860 507 Belffz‘ca
888 465 929 508 ff.
960 464 1107 498 ordinis
1132 466 1436 510 praedicatorum
1462 467 1497 502 in
1522 468 1764 503 celeberrimis

129 515 248 560 Belgii
267 516 563 552 universitatibus
582 517 796 553 Lovaniensi
815 521 850 553 ct
867 519 1044 554 Duaccnsi
1061 524 1281 564 comparata.
1301 524 1320 555 2
1336 522 1473 563 deolen,
1501 523 1662 558 Doornik
1680 526 1764 559 1659

127 581 172 605 en
191 572 286 606 1660.

171 648 245 682 168.
275 649 482 683 Bernardus
500 650 550 683 Do
584 649 725 692 Jongho
737 678 744 690 ,
780 649 951 683 Desolata
983 651 1145 684 Batavia
1178 651 1428 687 Dominicana
1466 665 1527 688 seu
1570 655 1763 700 descriptio

127 703 245 738 brevis
261 704 424 738 omnium
442 708 686 739 conventuum
704 708 737 739 et
755 705 1056 740 monasteriorum
1074 705 1167 740 sacri
1193 707 1330 742 ordinis
1353 709 1653 752 praedicatorum,
1671 723 1763 754 quac

126 757 212 792 olim
229 758 444 794 exstiterunt
460 758 498 793 in
517 758 644 803 Belgio
661 760 926 800 confoederato,
945 764 1012 795 etc.
1032 761 1124 795 Gent
1142 762 1236 796 1717.

171 842 245 875 169.
272 841 448 881 Dezelfde,
484 841 659 885 Betqmm
694 842 986 876 Dominicanum
1020 842 1095 878 sive
1125 843 1276 879 historia
1310 845 1517 889 provinciae
1549 848 1763 884 Germaniae

124 893 306 930 inferioris
323 895 416 930 sacri
434 895 572 930 ordinis
591 896 660 930 FF.
683 896 994 938 Praedicatorum,
1013 900 1080 932 etc.
1102 899 1246 934 Brusscl
1265 902 1359 935 1719.

169 979 244 1013 170.
272 978 336 1013 Ch.
370 979 410 1012 L.
442 978 617 1019 Richard,
653 979 839 1012 Histoires
870 979 920 1012 du
953 985 1106 1014 convent
1137 981 1200 1015 des
1229 981 1483 1016 dominicains
1515 984 1560 1017 de
1590 984 1688 1019 Lillc
1717 998 1762 1020 en

124 1032 294 1066 Flandre
320 1035 356 1067 et
383 1033 426 1068 de
452 1033 545 1067 celui
573 1034 635 1067 des
659 1034 782 1069 dames
806 1034 1068 1070 dominicaines
1087 1035 1131 1071 (16
1155 1037 1189 1070 la
1213 1038 1328 1072 meme
1353 1037 1437 1072 ville
1461 1038 1551 1074 dites
1578 1039 1622 1075 de
1639 1039 1762 1075 Saintc

123 1086 242 1122 Marie
257 1087 301 1121 de
324 1087 524 1122 l’Abbiette.
546 1087 641 1122 Luik
659 1091 755 1122 1782.

168 1171 242 1204 171.
269 1169 421 1205 Martini
454 1169 648 1204 Schoockii
690 1169 966 1214 Ultrajeetensis
1003 1172 1116 1206 Liber
1157 1173 1201 1206 de
1232 1173 1336 1207 bonis
1367 1174 1476 1218 vulyo
1509 1174 1762 1210 ecclesiasticis

124 1223 245 1266 dictis,
263 1227 330 1259 etc.
350 1224 560 1268 Groningen
580 1226 674 1258 1651.

167 1308 243 1341 172.
268 1307 381 1341 Jacob
407 1306 585 1347 Usserius,
609 1305 866 1340 Gravissima&
889 1309 1132 1351 quaestiones,
1152 1309 1195 1344 dc
1220 1309 1502 1345 christianarum
1527 1311 1760 1346 ecclesiarum

124 1363 164 1398 in
182 1362 387 1398 Occidentis
412 1362 622 1406 praesertim
641 1362 804 1405 partibus
820 1363 864 1397 ab
881 1364 1124 1406 apostolorum
1154 1365 1378 1408 temporibus
1404 1367 1450 1401 ad
1474 1370 1631 1401 nostram
1649 1379 1761 1411 usque

124 1420 279 1454 aetatem
293 1417 466 1452 continua
478 1415 704 1451 successione
717 1419 752 1451 et
765 1418 858 1451 statu
873 1416 1046 1451 historica
1059 1418 1270 1461 explicatio.
1282 1419 1412 1454 Hanau
1423 1423 1505 1456 1658
1523 1423 1571 1463 (2⁰
1589 1421 1757 1465 uitgavc).

169 1502 244 1536 173.
253 1499 286 1535 J.
297 1500 477 1541 Molanus,
489 1499 631 1533 Militia
644 1510 754 1534 sacra
767 1500 901 1534 ducum
915 1506 947 1535 et
956 1504 1171 1546 principum
1181 1502 1417 1537 Brabantiae.
1429 1505 1647 1548 Antwerpen
1661 1507 1756 1540 1592.

167 1585 242 1618 174.
272 1582 482 1625 chronique
500 1582 662 1615 d’Am-as
683 1586 718 1614 et
742 1582 789 1615 de
808 1582 985 1616 Cambrai
1002 1595 1067 1627 par
1085 1584 1263 1626 Balderic,
1279 1585 1428 1620 chantre
1444 1586 1488 1620 de
1506 1586 1534 1620 T
1539 1590 1696 1622 erouane
1712 1599 1757 1621 au

122 1637 194 1672 X10
219 1635 338 1678 siecle,
374 1648 483 1671 revue
510 1648 573 1671 sur
599 1636 719 1671 divers
742 1637 960 1672 manuscrits
984 1642 1018 1673 et
1042 1638 1204 1674 enrichie
1220 1640 1264 1674 de
1279 1639 1373 1675 deux
1389 1641 1628 1684 supplemens,
1644 1654 1710 1687 par
1726 1644 1759 1679 le

122 1693 273 1728 docteur
290 1692 340 1727 Le
356 1690 458 1734 Glay.
479 1691 596 1734 Parijs
614 1693 709 1726 1834.

166 1777 241 1811 175.
265 1774 534 1819 (Chapeaville),
557 1775 631 1812 Qui
651 1779 759 1818 *qesta
781 1775 1005 1818 pontificum
1022 1775 1286 1809 Leocliensium
1317 1777 1553 1820 scripserunt
1585 1783 1758 1812 auctores

117 1831 333 1874 praecipui,
353 1842 450 1865 nunc
475 1830 632 1874 primum
650 1830 768 1865 studio
791 1833 825 1865 et
843 1829 1022 1865 industria
1040 1831 1085 1866 R.
1106 1831 1147 1865 D.
1163 1831 1313 1866 Joanm's
1331 1832 1569 1876 Chapeauilli‚
1591 1835 1758 1869 canonici

122 1889 159 1922 et
174 1885 303 1921 vicarii
320 1885 539 1928 Leodiensis,
555 1885 647 1929 typis
659 1885 797 1920 excussi
812 1888 847 1919 et
862 1885 1157 1920 annotationibus
1173 1886 1357 1922 illustrati.
1378 1887 1474 1922 Luik
1492 1891 1589 1925 1613,

167 1971 242 2005 176.
268 1969 331 2005 W.
353 1969 453 2004 Heda
469 1969 507 2013 (†
532 1971 640 2011 1525),
662 1969 833 2002 Historia
851 1969 1104 2012 episcoporum
1127 1969 1436 2012 Trajectenst'wn.
1458 1971 1484 2005 F
1487 1964 1643 2006 raneker
1659 1974 1755 2007 1612.

122 2043 166 2049 —
181 2024 242 2060 Zie
257 2025 359 2066 Moll,
379 2024 748 2068 Kerkyesclaeiedem's,
767 2025 845 2059 deel
858 2024 885 2065 I,
904 2024 970 2058 blz.
992 2034 1140 2058 xx—xxu.

167 2108 243 2141 177.
268 2107 301 2141 J.
338 2107 382 2141 H.
411 2106 657 2142 Wattenbach
689 2118 734 2141 en
762 2107 812 2142 M.
848 2107 887 2140 F.
918 2106 950 2141 J.
980 2105 1128 2148 Mullcr,
1163 2107 1268 2140 Gesta
1296 2107 1544 2143 Trevirorum.
1571 2111 1591 2143 3
1618 2110 1755 2151 deelen,

126 2161 234 2197 Trier
251 2164 450 2197 1836-1839.

169 2241 242 2274 178.
271 2239 356 2275 Chr.
375 2240 567 2275 Browerus
584 2252 629 2275 en
641 2240 673 2275 J.
690 2240 884 2282 Masenius,
901 2242 1187 2286 Antiquitatum
1203 2247 1236 2274 et
1254 2242 1451 2275 annalium
1476 2242 1753 2276 Trevirensium

122 2295 212 2330 libri
227 2295 302 2330 XX
310 2295 350 2330 V.
367 2298 386 2330 2
399 2296 536 2337 deelen,
553 2296 648 2330 Luik
667 2298 762 2331 1671.

167 2375 241 2408 179.
256 2373 413 2408 Joannes
429 2374 474 2407 ab
491 2373 697 2414 Hontheim,
714 2374 953 2407 Prodromus
969 2373 1151 2408 historiae
1177 2375 1410 2409 Trevircnsis
1437 2374 1702 2419 diplomaticae
1720 2381 1755 2408 et

114 2430 388 2473 praqmaticae.
407 2431 426 2464 3
443 2429 579 2471 deelen,
598 2431 796 2474 Augsburg
814 2433 908 2465 1757.

167 2507 241 2541 180.
256 2505 440 2541 Johannes
457 2506 680 2541 Trithemius
697 2507 735 2551 (†
754 2508 864 2550 1516),
884 2507 1052 2540 Annales
1070 2507 1108 2540 H
1113 2508 1380 2551 irsauqienses.
1397 2508 1576 2543 St-Gallen
1596 2510 1690 2543 1690.

165 2584 240 2618 181.
268 2583 312 2618 Κ.
333 2584 506 2625 Burman,
529 2583 558 2617 U
563 2586 758 2619 trechtsche
780 2586 1010 2619 Jaarboeken
1028 2595 1100 2618 van
1115 2585 1162 2618 de
1179 2586 1378 2627 vijsticnde
1394 2597 1510 2621 eeuw.
1525 2583 1755 2620 vervattendc

123 2637 186 2673 het
209 2638 501 2683 merkwaardige
523 2639 560 2674 in
576 2639 637 2675 het
654 2640 811 2684 gesticht
841 2652 885 2675 en
909 2641 1211 2683 voornamentlijk
1235 2641 1271 2675 in
1295 2641 1338 2675 dc
1362 2641 1440 2676 stad
1466 2640 1616 2676 Utrecht
1639 2639 1753 2674 sedert

124 2693 193 2729 den
207 2695 289 2738 jare
307 2696 392 2728 1470
408 2705 452 2729 en
470 2695 682 2739 vervolgens
699 2696 967 2740 voorgevallen.
985 2698 1004 2730 3
1021 2696 1157 2737 deelen,
1179 2696 1330 2731 Utrecht
1347 2698 1540 2731 1750-1753.

166 2771 241 2805 182.
267 2771 349 2806 Joh.
366 2771 410 2807 Is.
431 2772 631 2813 Fontanus,
652 2771 845 2806 Historiae
865 2773 1030 2807 Geli-icae
1048 2773 1136 2806 libri
1152 2773 1209 2807 XI
1220 2773 1259 2808 V.
1280 2773 1507 2816 Harderwijk
1526 2775 1621 2808 1639.

165 2850 238 2884 183.
265 2849 308 2883 A.
327 2860 397 2883 van
423 2848 698 2890 Slichtenhorst,
718 2849 816 2884 XIV
839 2849 987 2883 Boekcn
1016 2860 1087 2883 υανι
1115 2850 1162 2883 de
1193 2850 1392 2884 Geldersse
1417 2850 1753 2895 yescm'edenissen,

121 2914 195 2938 enz.
215 2903 376 2939 Arnhem
399 2906 492 2938 1654.
