<?xml version="1.0" encoding="UTF-8"?>
<!DOCTYPE html PUBLIC "-//W3C//DTD XHTML 1.0 Transitional//EN"
    "http://www.w3.org/TR/xhtml1/DTD/xhtml1-transitional.dtd">
<html xmlns="http://www.w3.org/1999/xhtml" xml:lang="en" lang="en">
 <head>
  <title>
</title>
<meta http-equiv="Content-Type" content="text/html;charset=utf-8" />
  <meta name='ocr-system' content='tesseract 3.04.00' />
  <meta name='ocr-capabilities' content='ocr_page ocr_carea ocr_par ocr_line ocrx_word'/>
</head>
<body>
  <div class='ocr_page' id='page_1' title='image "./corpusdocumentor01fruoft_0209.png"; bbox 0 0 2097 3466; ppageno 0'>
   <div class='ocr_carea' id='block_1_1' title="bbox 744 239 1687 277">
    <p class='ocr_par' dir='ltr' id='par_1_1' title="bbox 744 239 1687 277">
     <span class='ocr_line' id='line_1_1' title="bbox 744 239 1687 277; baseline -0.005 0"><span class='ocrx_word' id='word_1_1' title='bbox 744 240 876 277; x_wconf 81' lang='lat' dir='ltr'><strong>ANNO</strong></span> <span class='ocrx_word' id='word_1_2' title='bbox 903 242 1003 276; x_wconf 85' lang='lat'>1310</span> <span class='ocrx_word' id='word_1_3' title='bbox 1625 239 1687 273; x_wconf 78' lang='lat'><strong>159</strong></span> 
     </span>
    </p>
   </div>
   <div class='ocr_carea' id='block_1_2' title="bbox 56 331 1695 2852">
    <p class='ocr_par' dir='ltr' id='par_1_2' title="bbox 56 331 1695 2852">
     <span class='ocr_line' id='line_1_2' title="bbox 59 331 1683 378; baseline -0.003 -7"><span class='ocrx_word' id='word_1_4' title='bbox 59 337 116 371; x_wconf 75' lang='lat' dir='ltr'><strong>ter</strong></span> <span class='ocrx_word' id='word_1_5' title='bbox 129 345 204 370; x_wconf 66' lang='lat' dir='ltr'><strong>esse</strong></span> <span class='ocrx_word' id='word_1_6' title='bbox 219 336 432 378; x_wconf 81' lang='lat' dir='ltr'><strong>suspectam,</strong></span> <span class='ocrx_word' id='word_1_7' title='bbox 449 335 594 377; x_wconf 77' lang='lat' dir='ltr'><strong>propter</strong></span> <span class='ocrx_word' id='word_1_8' title='bbox 609 333 704 377; x_wconf 90' lang='lat' dir='ltr'><strong>quod</strong></span> <span class='ocrx_word' id='word_1_9' title='bbox 720 333 825 368; x_wconf 86' lang='lat' dir='ltr'><strong>citari</strong></span> <span class='ocrx_word' id='word_1_10' title='bbox 844 337 878 369; x_wconf 87' lang='lat' dir='ltr'><strong>te</strong></span> <span class='ocrx_word' id='word_1_11' title='bbox 895 334 1045 369; x_wconf 83' lang='lat' dir='ltr'><strong>fecimus</strong></span> <span class='ocrx_word' id='word_1_12' title='bbox 1060 336 1101 369; x_wconf 90' lang='lat' dir='ltr'><strong>ut</strong></span> <span class='ocrx_word' id='word_1_13' title='bbox 1116 344 1323 378; x_wconf 83' lang='lat' dir='ltr'><strong>compareas</strong></span> <span class='ocrx_word' id='word_1_14' title='bbox 1347 333 1384 367; x_wconf 91' lang='lat' dir='ltr'><strong>in</strong></span> <span class='ocrx_word' id='word_1_15' title='bbox 1403 331 1544 376; x_wconf 83' lang='lat' dir='ltr'><strong>judicio</strong></span> <span class='ocrx_word' id='word_1_16' title='bbox 1561 342 1683 367; x_wconf 88' lang='lat' dir='ltr'><strong>eoram</strong></span> 
     </span>
     <span class='ocr_line' id='line_1_3' title="bbox 60 387 1683 432; baseline -0.002 -8"><span class='ocrx_word' id='word_1_17' title='bbox 60 389 175 430; x_wconf 88' lang='lat' dir='ltr'><strong>nobis,</strong></span> <span class='ocrx_word' id='word_1_18' title='bbox 193 388 232 423; x_wconf 90' lang='lat' dir='ltr'><strong>in</strong></span> <span class='ocrx_word' id='word_1_19' title='bbox 255 400 326 432; x_wconf 88' lang='lat' dir='ltr'><strong>quo</strong></span> <span class='ocrx_word' id='word_1_20' title='bbox 341 388 495 424; x_wconf 76' lang='lat' dir='ltr'><strong>existens</strong></span> <span class='ocrx_word' id='word_1_21' title='bbox 511 388 748 431; x_wconf 87' lang='lat' dir='ltr'><strong>personaliter</strong></span> <span class='ocrx_word' id='word_1_22' title='bbox 763 400 784 422; x_wconf 90' lang='lat' dir='ltr'><strong>a</strong></span> <span class='ocrx_word' id='word_1_23' title='bbox 810 388 911 423; x_wconf 87' lang='lat' dir='ltr'><strong>nobis</strong></span> <span class='ocrx_word' id='word_1_24' title='bbox 927 392 1044 423; x_wconf 84' lang='lat' dir='ltr'><strong>ortata</strong></span> <span class='ocrx_word' id='word_1_25' title='bbox 1061 388 1195 432; x_wconf 90' lang='lat' dir='ltr'><strong>pluries</strong></span> <span class='ocrx_word' id='word_1_26' title='bbox 1211 387 1383 422; x_wconf 80' lang='lat' dir='ltr'><strong>canonice</strong></span> <span class='ocrx_word' id='word_1_27' title='bbox 1407 391 1442 422; x_wconf 88' lang='lat' dir='ltr'><strong>et</strong></span> <span class='ocrx_word' id='word_1_28' title='bbox 1465 387 1626 432; x_wconf 85' lang='lat' dir='ltr'><strong>legitime</strong></span> <span class='ocrx_word' id='word_1_29' title='bbox 1643 389 1683 421; x_wconf 87' lang='lat' dir='ltr'><strong>ut</strong></span> 
     </span>
     <span class='ocr_line' id='line_1_4' title="bbox 60 442 1683 488; baseline -0.003 -7"><span class='ocrx_word' id='word_1_30' title='bbox 60 456 182 481; x_wconf 89' lang='lat' dir='ltr'><strong>coram</strong></span> <span class='ocrx_word' id='word_1_31' title='bbox 196 444 298 480; x_wconf 89' lang='lat' dir='ltr'><strong>nobis</strong></span> <span class='ocrx_word' id='word_1_32' title='bbox 307 445 555 488; x_wconf 87' lang='lat' dir='ltr'><strong>juramentum</strong></span> <span class='ocrx_word' id='word_1_33' title='bbox 572 446 748 486; x_wconf 77' lang='lat' dir='ltr'><strong>prestares</strong></span> <span class='ocrx_word' id='word_1_34' title='bbox 761 443 804 478; x_wconf 87' lang='lat' dir='ltr'><strong>dc</strong></span> <span class='ocrx_word' id='word_1_35' title='bbox 823 444 927 487; x_wconf 85' lang='lat' dir='ltr'><strong>plena</strong></span> <span class='ocrx_word' id='word_1_36' title='bbox 944 455 1034 487; x_wconf 89' lang='lat' dir='ltr'><strong>pura</strong></span> <span class='ocrx_word' id='word_1_37' title='bbox 1049 446 1085 478; x_wconf 90' lang='lat' dir='ltr'><strong>et</strong></span> <span class='ocrx_word' id='word_1_38' title='bbox 1101 443 1243 487; x_wconf 84' lang='lat' dir='ltr'><strong>integra</strong></span> <span class='ocrx_word' id='word_1_39' title='bbox 1260 443 1409 477; x_wconf 86' lang='lat' dir='ltr'><strong>veritate</strong></span> <span class='ocrx_word' id='word_1_40' title='bbox 1422 442 1573 477; x_wconf 84' lang='lat' dir='ltr'><strong>dicenda</strong></span> <span class='ocrx_word' id='word_1_41' title='bbox 1589 442 1632 477; x_wconf 92' lang='lat' dir='ltr'><strong>de</strong></span> <span class='ocrx_word' id='word_1_42' title='bbox 1649 444 1683 476; x_wconf 87' lang='lat' dir='ltr'><strong>te</strong></span> 
     </span>
     <span class='ocr_line' id='line_1_5' title="bbox 59 497 1683 543; baseline -0.002 -9"><span class='ocrx_word' id='word_1_43' title='bbox 59 502 96 535; x_wconf 87' lang='lat' dir='ltr'><strong>et</strong></span> <span class='ocrx_word' id='word_1_44' title='bbox 110 499 192 534; x_wconf 88' lang='lat' dir='ltr'><strong>aliis</strong></span> <span class='ocrx_word' id='word_1_45' title='bbox 204 510 311 543; x_wconf 87' lang='lat' dir='ltr'><strong>super</strong></span> <span class='ocrx_word' id='word_1_46' title='bbox 327 497 397 532; x_wconf 89' lang='lat' dir='ltr'><strong>hiis</strong></span> <span class='ocrx_word' id='word_1_47' title='bbox 409 509 478 542; x_wconf 87' lang='lat' dir='ltr'><strong>que</strong></span> <span class='ocrx_word' id='word_1_48' title='bbox 491 498 536 532; x_wconf 91' lang='lat' dir='ltr'><strong>ad</strong></span> <span class='ocrx_word' id='word_1_49' title='bbox 550 497 652 532; x_wconf 86' lang='lat' dir='ltr'><strong>nobis</strong></span> <span class='ocrx_word' id='word_1_50' title='bbox 665 498 892 532; x_wconf 65' lang='lat' dir='ltr'><strong>commissum</strong></span> <span class='ocrx_word' id='word_1_51' title='bbox 907 497 1153 541; x_wconf 85' lang='lat' dir='ltr'><strong>Inquisitionis</strong></span> <span class='ocrx_word' id='word_1_52' title='bbox 1169 497 1327 532; x_wconf 80' lang='lat' dir='ltr'><strong>officium</strong></span> <span class='ocrx_word' id='word_1_53' title='bbox 1343 497 1520 541; x_wconf 76' lang='lat' dir='ltr'><strong>pertinere</strong></span> <span class='ocrx_word' id='word_1_54' title='bbox 1536 508 1683 531; x_wconf 73' lang='lat' dir='ltr'><strong>noscun-</strong></span> 
     </span>
     <span class='ocr_line' id='line_1_6' title="bbox 60 551 1685 597; baseline -0.003 -8"><span class='ocrx_word' id='word_1_55' title='bbox 60 556 132 596; x_wconf 87' lang='lat' dir='ltr'><strong>tur,</strong></span> <span class='ocrx_word' id='word_1_56' title='bbox 147 555 217 597; x_wconf 84' lang='lat' dir='ltr'><strong>qu‘o</strong></span> <span class='ocrx_word' id='word_1_57' title='bbox 232 554 350 588; x_wconf 84' lang='lat' dir='ltr'><strong>facere</strong></span> <span class='ocrx_word' id='word_1_58' title='bbox 363 552 619 596; x_wconf 81' lang='lat' dir='ltr'><strong>contempsisti,</strong></span> <span class='ocrx_word' id='word_1_59' title='bbox 636 553 719 588; x_wconf 76' lang='lat' dir='ltr'><strong>lieet</strong></span> <span class='ocrx_word' id='word_1_60' title='bbox 735 564 756 587; x_wconf 85' lang='lat' dir='ltr'><strong>a</strong></span> <span class='ocrx_word' id='word_1_61' title='bbox 774 552 875 587; x_wconf 78' lang='lat' dir='ltr'><strong>nobis</strong></span> <span class='ocrx_word' id='word_1_62' title='bbox 889 553 905 586; x_wconf 87' lang='lat' dir='ltr'>s</span> <span class='ocrx_word' id='word_1_63' title='bbox 905 552 999 587; x_wconf 85' lang='lat' dir='ltr'><strong>ueris</strong></span> <span class='ocrx_word' id='word_1_64' title='bbox 1016 552 1149 597; x_wconf 87' lang='lat' dir='ltr'><strong>pluries</strong></span> <span class='ocrx_word' id='word_1_65' title='bbox 1162 563 1269 596; x_wconf 89' lang='lat' dir='ltr'><strong>super</strong></span> <span class='ocrx_word' id='word_1_66' title='bbox 1285 551 1352 586; x_wconf 82' lang='lat' dir='ltr'><strong>hoe</strong></span> <span class='ocrx_word' id='word_1_67' title='bbox 1366 556 1401 586; x_wconf 87' lang='lat' dir='ltr'><strong>et</strong></span> <span class='ocrx_word' id='word_1_68' title='bbox 1417 552 1504 586; x_wconf 82' lang='lat' dir='ltr'><strong>locis</strong></span> <span class='ocrx_word' id='word_1_69' title='bbox 1521 551 1685 595; x_wconf 88' lang='lat' dir='ltr'><strong>pluribus</strong></span> 
     </span>
     <span class='ocr_line' id='line_1_7' title="bbox 59 606 1689 653; baseline -0.001 -10"><span class='ocrx_word' id='word_1_70' title='bbox 59 608 245 653; x_wconf 84' lang='lat' dir='ltr'><strong>requisita,</strong></span> <span class='ocrx_word' id='word_1_71' title='bbox 269 608 307 643; x_wconf 93' lang='lat' dir='ltr'><strong>in</strong></span> <span class='ocrx_word' id='word_1_72' title='bbox 330 608 401 642; x_wconf 89' lang='lat' dir='ltr'><strong>hiis</strong></span> <span class='ocrx_word' id='word_1_73' title='bbox 425 607 523 642; x_wconf 84' lang='lat' dir='ltr'><strong>suisti</strong></span> <span class='ocrx_word' id='word_1_74' title='bbox 548 619 689 652; x_wconf 84' lang='lat' dir='ltr'><strong>semper</strong></span> <span class='ocrx_word' id='word_1_75' title='bbox 712 612 905 642; x_wconf 76' lang='lat' dir='ltr'><strong>contumax</strong></span> <span class='ocrx_word' id='word_1_76' title='bbox 922 611 957 642; x_wconf 92' lang='lat' dir='ltr'><strong>ct</strong></span> <span class='ocrx_word' id='word_1_77' title='bbox 973 606 1134 650; x_wconf 86' lang='lat' dir='ltr'><strong>rcbcllis;</strong></span> <span class='ocrx_word' id='word_1_78' title='bbox 1165 618 1229 651; x_wconf 91' lang='lat' dir='ltr'><strong>pro</strong></span> <span class='ocrx_word' id='word_1_79' title='bbox 1246 606 1376 651; x_wconf 86' lang='lat' dir='ltr'><strong>quibus</strong></span> <span class='ocrx_word' id='word_1_80' title='bbox 1393 606 1629 641; x_wconf 84' lang='lat' dir='ltr'><strong>contumaciis</strong></span> <span class='ocrx_word' id='word_1_81' title='bbox 1653 609 1689 641; x_wconf 76' lang='lat' dir='ltr'><strong>et.</strong></span> 
     </span>
     <span class='ocr_line' id='line_1_8' title="bbox 60 661 1690 706; baseline -0.002 -7"><span class='ocrx_word' id='word_1_82' title='bbox 60 662 316 699; x_wconf 83' lang='lat' dir='ltr'><strong>rebellionibus</strong></span> <span class='ocrx_word' id='word_1_83' title='bbox 345 661 572 698; x_wconf 87' lang='lat' dir='ltr'><strong>evidentibus</strong></span> <span class='ocrx_word' id='word_1_84' title='bbox 594 667 630 698; x_wconf 88' lang='lat' dir='ltr'><strong>et</strong></span> <span class='ocrx_word' id='word_1_85' title='bbox 665 662 815 697; x_wconf 86' lang='lat' dir='ltr'><strong>notoriis</strong></span> <span class='ocrx_word' id='word_1_86' title='bbox 842 662 910 697; x_wconf 89' lang='lat' dir='ltr'><strong>hoc</strong></span> <span class='ocrx_word' id='word_1_87' title='bbox 934 662 1163 706; x_wconf 80' lang='lat' dir='ltr'><strong>exigentibus</strong></span> <span class='ocrx_word' id='word_1_88' title='bbox 1189 662 1233 696; x_wconf 88' lang='lat' dir='ltr'><strong>de</strong></span> <span class='ocrx_word' id='word_1_89' title='bbox 1265 661 1462 696; x_wconf 89' lang='lat' dir='ltr'><strong>multorum</strong></span> <span class='ocrx_word' id='word_1_90' title='bbox 1491 662 1690 706; x_wconf 87' lang='lat' dir='ltr'><strong>peritorum</strong></span> 
     </span>
     <span class='ocr_line' id='line_1_9' title="bbox 61 716 1690 762; baseline -0.003 -7"><span class='ocrx_word' id='word_1_91' title='bbox 61 719 212 755; x_wconf 84' lang='lat' dir='ltr'><strong>consilio</strong></span> <span class='ocrx_word' id='word_1_92' title='bbox 235 719 273 754; x_wconf 94' lang='lat' dir='ltr'><strong>in</strong></span> <span class='ocrx_word' id='word_1_93' title='bbox 296 721 331 754; x_wconf 88' lang='lat' dir='ltr'><strong>te</strong></span> <span class='ocrx_word' id='word_1_94' title='bbox 346 718 398 753; x_wconf 88' lang='lat' dir='ltr'><strong>sie</strong></span> <span class='ocrx_word' id='word_1_95' title='bbox 413 718 583 754; x_wconf 84' lang='lat' dir='ltr'><strong>rebellem</strong></span> <span class='ocrx_word' id='word_1_96' title='bbox 600 722 635 754; x_wconf 89' lang='lat' dir='ltr'><strong>ct</strong></span> <span class='ocrx_word' id='word_1_97' title='bbox 652 721 900 753; x_wconf 85' lang='lat' dir='ltr'><strong>contumacem</strong></span> <span class='ocrx_word' id='word_1_98' title='bbox 917 717 1130 753; x_wconf 86' lang='lat' dir='ltr'><strong>sententiam</strong></span> <span class='ocrx_word' id='word_1_99' title='bbox 1146 716 1294 762; x_wconf 84' lang='lat' dir='ltr'><strong>majoris</strong></span> <span class='ocrx_word' id='word_1_100' title='bbox 1307 716 1690 751; x_wconf 78' lang='lat' dir='ltr'><strong>excommunicationis</strong></span> 
     </span>
     <span class='ocr_line' id='line_1_10' title="bbox 61 770 1690 817; baseline -0.002 -8"><span class='ocrx_word' id='word_1_101' title='bbox 61 773 210 810; x_wconf 85' lang='lat' dir='ltr'><strong>tulimus</strong></span> <span class='ocrx_word' id='word_1_102' title='bbox 225 777 261 809; x_wconf 88' lang='lat' dir='ltr'><strong>et</strong></span> <span class='ocrx_word' id='word_1_103' title='bbox 277 773 314 808; x_wconf 92' lang='lat' dir='ltr'><strong>in</strong></span> <span class='ocrx_word' id='word_1_104' title='bbox 330 772 484 817; x_wconf 90' lang='lat' dir='ltr'><strong>scriptis,</strong></span> <span class='ocrx_word' id='word_1_105' title='bbox 503 784 623 816; x_wconf 87' lang='lat' dir='ltr'><strong>quam,</strong></span> <span class='ocrx_word' id='word_1_106' title='bbox 643 773 727 808; x_wconf 87' lang='lat' dir='ltr'><strong>licet</strong></span> <span class='ocrx_word' id='word_1_107' title='bbox 743 775 777 808; x_wconf 89' lang='lat' dir='ltr'><strong>te</strong></span> <span class='ocrx_word' id='word_1_108' title='bbox 795 772 979 808; x_wconf 79' lang='lat' dir='ltr'><strong>notificata</strong></span> <span class='ocrx_word' id='word_1_109' title='bbox 996 772 1131 813; x_wconf 86' lang='lat' dir='ltr'><strong>suisset,</strong></span> <span class='ocrx_word' id='word_1_110' title='bbox 1151 774 1230 815; x_wconf 87' lang='lat' dir='ltr'><strong>post</strong></span> <span class='ocrx_word' id='word_1_111' title='bbox 1254 770 1537 806; x_wconf 78' lang='lat' dir='ltr'><strong>notificationem</strong></span> <span class='ocrx_word' id='word_1_112' title='bbox 1555 771 1690 815; x_wconf 90' lang='lat' dir='ltr'><strong>predic-</strong></span> 
     </span>
     <span class='ocr_line' id='line_1_11' title="bbox 61 825 1690 872; baseline -0.002 -8"><span class='ocrx_word' id='word_1_113' title='bbox 61 834 136 864; x_wconf 86' lang='lat' dir='ltr'><strong>tam</strong></span> <span class='ocrx_word' id='word_1_114' title='bbox 162 829 236 864; x_wconf 86' lang='lat' dir='ltr'><strong>fere</strong></span> <span class='ocrx_word' id='word_1_115' title='bbox 259 839 324 872; x_wconf 87' lang='lat' dir='ltr'><strong>per</strong></span> <span class='ocrx_word' id='word_1_116' title='bbox 338 839 473 862; x_wconf 89' lang='lat' dir='ltr'><strong>annum</strong></span> <span class='ocrx_word' id='word_1_117' title='bbox 498 832 533 862; x_wconf 88' lang='lat' dir='ltr'><strong>et</strong></span> <span class='ocrx_word' id='word_1_118' title='bbox 555 826 747 862; x_wconf 90' lang='lat' dir='ltr'><strong>dimidium</strong></span> <span class='ocrx_word' id='word_1_119' title='bbox 779 827 815 861; x_wconf 91' lang='lat' dir='ltr'><strong>in</strong></span> <span class='ocrx_word' id='word_1_120' title='bbox 844 831 904 862; x_wconf 87' lang='lat' dir='ltr'><strong>tue</strong></span> <span class='ocrx_word' id='word_1_121' title='bbox 935 826 1060 861; x_wconf 86' lang='lat' dir='ltr'><strong>salutis</strong></span> <span class='ocrx_word' id='word_1_122' title='bbox 1083 825 1310 870; x_wconf 81' lang='lat' dir='ltr'><strong>dispendium</strong></span> <span class='ocrx_word' id='word_1_123' title='bbox 1338 825 1539 861; x_wconf 79' lang='lat' dir='ltr'><strong>sustinuisti</strong></span> <span class='ocrx_word' id='word_1_124' title='bbox 1568 825 1690 860; x_wconf 89' lang='lat' dir='ltr'><strong>animo</strong></span> 
     </span>
     <span class='ocr_line' id='line_1_12' title="bbox 61 880 1690 928; baseline -0.002 -10"><span class='ocrx_word' id='word_1_125' title='bbox 61 882 249 928; x_wconf 83' lang='lat' dir='ltr'><strong>pertinaci,</strong></span> <span class='ocrx_word' id='word_1_126' title='bbox 268 882 353 918; x_wconf 88' lang='lat' dir='ltr'><strong>licet</strong></span> <span class='ocrx_word' id='word_1_127' title='bbox 368 881 435 917; x_wconf 91' lang='lat' dir='ltr'><strong>tibi</strong></span> <span class='ocrx_word' id='word_1_128' title='bbox 463 881 597 925; x_wconf 84' lang='lat' dir='ltr'><strong>pluries</strong></span> <span class='ocrx_word' id='word_1_129' title='bbox 621 881 859 916; x_wconf 83' lang='lat' dir='ltr'><strong>obtulerimus</strong></span> <span class='ocrx_word' id='word_1_130' title='bbox 884 893 946 915; x_wconf 82' lang='lat' dir='ltr'><strong>nos</strong></span> <span class='ocrx_word' id='word_1_131' title='bbox 973 880 1039 916; x_wconf 84' lang='lat' dir='ltr'><strong>tibi</strong></span> <span class='ocrx_word' id='word_1_132' title='bbox 1063 880 1298 915; x_wconf 79' lang='lat' dir='ltr'><strong>absolutionis</strong></span> <span class='ocrx_word' id='word_1_133' title='bbox 1322 880 1536 915; x_wconf 84' lang='lat' dir='ltr'><strong>beneficium</strong></span> <span class='ocrx_word' id='word_1_134' title='bbox 1555 880 1690 923; x_wconf 88' lang='lat' dir='ltr'><strong>impen-</strong></span> 
     </span>
     <span class='ocr_line' id='line_1_13' title="bbox 60 935 1688 980; baseline -0.003 -6"><span class='ocrx_word' id='word_1_135' title='bbox 60 950 163 974; x_wconf 85' lang='lat' dir='ltr'><strong>suros</strong></span> <span class='ocrx_word' id='word_1_136' title='bbox 177 937 373 973; x_wconf 84' lang='lat' dir='ltr'><strong>secundum</strong></span> <span class='ocrx_word' id='word_1_137' title='bbox 390 937 542 971; x_wconf 86' lang='lat' dir='ltr'><strong>formam</strong></span> <span class='ocrx_word' id='word_1_138' title='bbox 558 936 720 978; x_wconf 81' lang='lat' dir='ltr'><strong>ecclesie,</strong></span> <span class='ocrx_word' id='word_1_139' title='bbox 738 936 766 970; x_wconf 91' lang='lat' dir='ltr'><strong>si</strong></span> <span class='ocrx_word' id='word_1_140' title='bbox 791 936 860 971; x_wconf 86' lang='lat' dir='ltr'><strong>hoc</strong></span> <span class='ocrx_word' id='word_1_141' title='bbox 876 935 1064 971; x_wconf 89' lang='lat' dir='ltr'><strong>humiliter</strong></span> <span class='ocrx_word' id='word_1_142' title='bbox 1087 936 1297 980; x_wconf 76' lang='lat' dir='ltr'><strong>postulares,</strong></span> <span class='ocrx_word' id='word_1_143' title='bbox 1327 935 1422 979; x_wconf 89' lang='lat' dir='ltr'><strong>quod</strong></span> <span class='ocrx_word' id='word_1_144' title='bbox 1451 947 1563 979; x_wconf 87' lang='lat' dir='ltr'><strong>usque</strong></span> <span class='ocrx_word' id='word_1_145' title='bbox 1592 946 1688 970; x_wconf 91' lang='lat' dir='ltr'><strong>nunc</strong></span> 
     </span>
     <span class='ocr_line' id='line_1_14' title="bbox 61 989 1691 1039; baseline -0.003 -10"><span class='ocrx_word' id='word_1_146' title='bbox 61 996 182 1039; x_wconf 68' lang='lat' dir='ltr'><strong>petere</strong></span> <span class='ocrx_word' id='word_1_147' title='bbox 197 991 441 1036; x_wconf 84' lang='lat' dir='ltr'><strong>contempsisti</strong></span> <span class='ocrx_word' id='word_1_148' title='bbox 462 1003 528 1026; x_wconf 89' lang='lat' dir='ltr'><strong>nec</strong></span> <span class='ocrx_word' id='word_1_149' title='bbox 551 993 678 1035; x_wconf 87' lang='lat' dir='ltr'><strong>jurare</strong></span> <span class='ocrx_word' id='word_1_150' title='bbox 706 1002 771 1026; x_wconf 91' lang='lat' dir='ltr'><strong>ncc</strong></span> <span class='ocrx_word' id='word_1_151' title='bbox 801 991 1016 1035; x_wconf 87' lang='lat' dir='ltr'><strong>respondere</strong></span> <span class='ocrx_word' id='word_1_152' title='bbox 1044 990 1145 1025; x_wconf 92' lang='lat' dir='ltr'><strong>nobis</strong></span> <span class='ocrx_word' id='word_1_153' title='bbox 1175 1001 1283 1034; x_wconf 88' lang='lat' dir='ltr'><strong>super</strong></span> <span class='ocrx_word' id='word_1_154' title='bbox 1305 989 1487 1034; x_wconf 87' lang='lat' dir='ltr'><strong>premissis</strong></span> <span class='ocrx_word' id='word_1_155' title='bbox 1518 990 1691 1025; x_wconf 86' lang='lat' dir='ltr'><strong>hactenus</strong></span> 
     </span>
     <span class='ocr_line' id='line_1_15' title="bbox 61 1045 1691 1093; baseline -0.004 -9"><span class='ocrx_word' id='word_1_156' title='bbox 61 1048 220 1090; x_wconf 83' lang='lat' dir='ltr'><strong>voluisti,</strong></span> <span class='ocrx_word' id='word_1_157' title='bbox 238 1051 385 1093; x_wconf 90' lang='lat' dir='ltr'><strong>propter</strong></span> <span class='ocrx_word' id='word_1_158' title='bbox 400 1058 469 1092; x_wconf 90' lang='lat' dir='ltr'><strong>que</strong></span> <span class='ocrx_word' id='word_1_159' title='bbox 485 1046 682 1082; x_wconf 88' lang='lat' dir='ltr'><strong>secundum</strong></span> <span class='ocrx_word' id='word_1_160' title='bbox 709 1047 910 1082; x_wconf 79' lang='lat' dir='ltr'><strong>sanctiones</strong></span> <span class='ocrx_word' id='word_1_161' title='bbox 935 1046 1126 1081; x_wconf 89' lang='lat' dir='ltr'><strong>canonicas</strong></span> <span class='ocrx_word' id='word_1_162' title='bbox 1150 1057 1214 1090; x_wconf 89' lang='lat' dir='ltr'><strong>pro</strong></span> <span class='ocrx_word' id='word_1_163' title='bbox 1232 1045 1398 1081; x_wconf 84' lang='lat' dir='ltr'><strong>convicta</strong></span> <span class='ocrx_word' id='word_1_164' title='bbox 1420 1047 1456 1080; x_wconf 88' lang='lat' dir='ltr'><strong>et</strong></span> <span class='ocrx_word' id='word_1_165' title='bbox 1478 1045 1639 1079; x_wconf 86' lang='lat' dir='ltr'><strong>consessa</strong></span> <span class='ocrx_word' id='word_1_166' title='bbox 1654 1047 1691 1079; x_wconf 88' lang='lat' dir='ltr'><strong>et</strong></span> 
     </span>
     <span class='ocr_line' id='line_1_16' title="bbox 61 1099 1691 1148; baseline -0.004 -9"><span class='ocrx_word' id='word_1_167' title='bbox 61 1115 128 1148; x_wconf 90' lang='lat' dir='ltr'><strong>pro</strong></span> <span class='ocrx_word' id='word_1_168' title='bbox 143 1103 244 1148; x_wconf 84' lang='lat' dir='ltr'><strong>lapsa</strong></span> <span class='ocrx_word' id='word_1_169' title='bbox 259 1102 298 1138; x_wconf 90' lang='lat' dir='ltr'><strong>in</strong></span> <span class='ocrx_word' id='word_1_170' title='bbox 314 1102 468 1138; x_wconf 88' lang='lat' dir='ltr'><strong>heresim</strong></span> <span class='ocrx_word' id='word_1_171' title='bbox 489 1113 550 1137; x_wconf 90' lang='lat' dir='ltr'><strong>seu</strong></span> <span class='ocrx_word' id='word_1_172' title='bbox 568 1113 633 1145; x_wconf 89' lang='lat' dir='ltr'><strong>pro</strong></span> <span class='ocrx_word' id='word_1_173' title='bbox 656 1101 816 1137; x_wconf 87' lang='lat' dir='ltr'><strong>heretica</strong></span> <span class='ocrx_word' id='word_1_174' title='bbox 833 1105 867 1137; x_wconf 86' lang='lat' dir='ltr'><strong>tc</strong></span> <span class='ocrx_word' id='word_1_175' title='bbox 883 1102 1056 1137; x_wconf 90' lang='lat' dir='ltr'><strong>habemus</strong></span> <span class='ocrx_word' id='word_1_176' title='bbox 1073 1104 1108 1136; x_wconf 91' lang='lat' dir='ltr'><strong>et</strong></span> <span class='ocrx_word' id='word_1_177' title='bbox 1123 1101 1257 1135; x_wconf 88' lang='lat' dir='ltr'><strong>habere</strong></span> <span class='ocrx_word' id='word_1_178' title='bbox 1273 1100 1453 1134; x_wconf 90' lang='lat' dir='ltr'><strong>debemus.</strong></span> <span class='ocrx_word' id='word_1_179' title='bbox 1474 1099 1588 1134; x_wconf 89' lang='lat' dir='ltr'><strong>Porro</strong></span> <span class='ocrx_word' id='word_1_180' title='bbox 1604 1099 1691 1134; x_wconf 90' lang='lat' dir='ltr'><strong>dum</strong></span> 
     </span>
     <span class='ocr_line' id='line_1_17' title="bbox 61 1155 1689 1204; baseline -0.004 -9"><span class='ocrx_word' id='word_1_181' title='bbox 61 1162 102 1194; x_wconf 85' lang='lat' dir='ltr'><strong>tu</strong></span> <span class='ocrx_word' id='word_1_182' title='bbox 117 1159 320 1204; x_wconf 82' lang='lat' dir='ltr'><strong>Margarita</strong></span> <span class='ocrx_word' id='word_1_183' title='bbox 343 1157 382 1192; x_wconf 91' lang='lat' dir='ltr'><strong>in</strong></span> <span class='ocrx_word' id='word_1_184' title='bbox 409 1157 486 1192; x_wconf 87' lang='lat' dir='ltr'><strong>istis</strong></span> <span class='ocrx_word' id='word_1_185' title='bbox 509 1156 766 1192; x_wconf 87' lang='lat' dir='ltr'><strong>rebellionibus</strong></span> <span class='ocrx_word' id='word_1_186' title='bbox 782 1157 961 1192; x_wconf 84' lang='lat' dir='ltr'><strong>obstinata</strong></span> <span class='ocrx_word' id='word_1_187' title='bbox 976 1168 1151 1198; x_wconf 88' lang='lat' dir='ltr'><strong>maneres,</strong></span> <span class='ocrx_word' id='word_1_188' title='bbox 1177 1155 1277 1191; x_wconf 85' lang='lat' dir='ltr'><strong>ducti</strong></span> <span class='ocrx_word' id='word_1_189' title='bbox 1293 1155 1513 1191; x_wconf 86' lang='lat' dir='ltr'><strong>conscientia</strong></span> <span class='ocrx_word' id='word_1_190' title='bbox 1530 1155 1689 1190; x_wconf 89' lang='lat' dir='ltr'><strong>volentes</strong></span> 
     </span>
     <span class='ocr_line' id='line_1_18' title="bbox 63 1213 1689 1256; baseline -0.002 -6"><span class='ocrx_word' id='word_1_191' title='bbox 63 1214 173 1251; x_wconf 86' lang='lat' dir='ltr'><strong>officii</strong></span> <span class='ocrx_word' id='word_1_192' title='bbox 189 1214 291 1250; x_wconf 90' lang='lat' dir='ltr'><strong>nobis</strong></span> <span class='ocrx_word' id='word_1_193' title='bbox 314 1213 495 1249; x_wconf 87' lang='lat' dir='ltr'><strong>commissi</strong></span> <span class='ocrx_word' id='word_1_194' title='bbox 518 1214 679 1248; x_wconf 88' lang='lat' dir='ltr'><strong>debitum</strong></span> <span class='ocrx_word' id='word_1_195' title='bbox 708 1224 876 1248; x_wconf 78' lang='lat' dir='ltr'><strong>exercere</strong></span> <span class='ocrx_word' id='word_1_196' title='bbox 902 1213 1172 1256; x_wconf 85' lang='lat' dir='ltr'><strong>inquisitionem</strong></span> <span class='ocrx_word' id='word_1_197' title='bbox 1204 1215 1330 1246; x_wconf 88' lang='lat' dir='ltr'><strong>contra</strong></span> <span class='ocrx_word' id='word_1_198' title='bbox 1358 1214 1393 1246; x_wconf 91' lang='lat' dir='ltr'><strong>tc</strong></span> <span class='ocrx_word' id='word_1_199' title='bbox 1420 1214 1455 1246; x_wconf 88' lang='lat' dir='ltr'><strong>et</strong></span> <span class='ocrx_word' id='word_1_200' title='bbox 1485 1222 1689 1255; x_wconf 77' lang='lat' dir='ltr'><strong>processum</strong></span> 
     </span>
     <span class='ocr_line' id='line_1_19' title="bbox 62 1266 1691 1314; baseline -0.004 -9"><span class='ocrx_word' id='word_1_201' title='bbox 62 1269 213 1305; x_wconf 81' lang='lat' dir='ltr'><strong>fecimus</strong></span> <span class='ocrx_word' id='word_1_202' title='bbox 228 1279 336 1314; x_wconf 89' lang='lat' dir='ltr'><strong>super</strong></span> <span class='ocrx_word' id='word_1_203' title='bbox 351 1267 521 1312; x_wconf 86' lang='lat' dir='ltr'><strong>predictis</strong></span> <span class='ocrx_word' id='word_1_204' title='bbox 537 1271 644 1311; x_wconf 88' lang='lat' dir='ltr'><strong>prout</strong></span> <span class='ocrx_word' id='word_1_205' title='bbox 658 1267 773 1312; x_wconf 82' lang='lat' dir='ltr'><strong>exigit</strong></span> <span class='ocrx_word' id='word_1_206' title='bbox 789 1267 876 1302; x_wconf 91' lang='lat' dir='ltr'><strong>ordo</strong></span> <span class='ocrx_word' id='word_1_207' title='bbox 900 1267 984 1309; x_wconf 81' lang='lat' dir='ltr'><strong>vite,</strong></span> <span class='ocrx_word' id='word_1_208' title='bbox 1003 1278 1046 1302; x_wconf 80' lang='lat' dir='ltr'><strong>ex</strong></span> <span class='ocrx_word' id='word_1_209' title='bbox 1070 1266 1201 1310; x_wconf 88' lang='lat' dir='ltr'><strong>quibus</strong></span> <span class='ocrx_word' id='word_1_210' title='bbox 1217 1266 1450 1309; x_wconf 82' lang='lat' dir='ltr'><strong>inquisitione</strong></span> <span class='ocrx_word' id='word_1_211' title='bbox 1467 1269 1502 1301; x_wconf 89' lang='lat' dir='ltr'><strong>et</strong></span> <span class='ocrx_word' id='word_1_212' title='bbox 1525 1277 1691 1310; x_wconf 72' lang='lat' dir='ltr'><strong>processu</strong></span> 
     </span>
     <span class='ocr_line' id='line_1_20' title="bbox 63 1318 1692 1367; baseline -0.003 -7"><span class='ocrx_word' id='word_1_213' title='bbox 63 1323 166 1360; x_wconf 89' lang='lat' dir='ltr'><strong>nobis</strong></span> <span class='ocrx_word' id='word_1_214' title='bbox 182 1323 342 1359; x_wconf 88' lang='lat' dir='ltr'><strong>constitit</strong></span> <span class='ocrx_word' id='word_1_215' title='bbox 357 1318 739 1367; x_wconf 65' lang='lat' dir='ltr'><strong>evidenteri‘quondam</strong></span> <span class='ocrx_word' id='word_1_216' title='bbox 756 1323 996 1367; x_wconf 82' lang='lat' dir='ltr'><strong>composuisse</strong></span> <span class='ocrx_word' id='word_1_217' title='bbox 1014 1325 1048 1357; x_wconf 89' lang='lat' dir='ltr'><strong>te</strong></span> <span class='ocrx_word' id='word_1_218' title='bbox 1063 1322 1198 1356; x_wconf 92' lang='lat' dir='ltr'><strong>librum</strong></span> <span class='ocrx_word' id='word_1_219' title='bbox 1223 1321 1432 1365; x_wconf 86' lang='lat' dir='ltr'><strong>pestiferum</strong></span> <span class='ocrx_word' id='word_1_220' title='bbox 1449 1321 1692 1356; x_wconf 89' lang='lat' dir='ltr'><strong>continentem</strong></span> 
     </span>
     <span class='ocr_line' id='line_1_21' title="bbox 62 1376 1692 1422; baseline -0.003 -7"><span class='ocrx_word' id='word_1_221' title='bbox 62 1379 218 1416; x_wconf 84' lang='lat' dir='ltr'><strong>heresim</strong></span> <span class='ocrx_word' id='word_1_222' title='bbox 231 1382 266 1414; x_wconf 86' lang='lat' dir='ltr'><strong>et</strong></span> <span class='ocrx_word' id='word_1_223' title='bbox 277 1381 429 1421; x_wconf 58' lang='lat' dir='ltr'><strong>errores¹</strong></span> <span class='ocrx_word' id='word_1_224' title='bbox 449 1379 493 1414; x_wconf 93' lang='lat' dir='ltr'><strong>ob</strong></span> <span class='ocrx_word' id='word_1_225' title='bbox 507 1390 615 1422; x_wconf 88' lang='lat' dir='ltr'><strong>quam</strong></span> <span class='ocrx_word' id='word_1_226' title='bbox 632 1390 777 1414; x_wconf 87' lang='lat' dir='ltr'><strong>causam</strong></span> <span class='ocrx_word' id='word_1_227' title='bbox 790 1379 859 1414; x_wconf 87' lang='lat' dir='ltr'><strong>fuit</strong></span> <span class='ocrx_word' id='word_1_228' title='bbox 871 1378 988 1414; x_wconf 84' lang='lat' dir='ltr'><strong>dictus</strong></span> <span class='ocrx_word' id='word_1_229' title='bbox 1005 1378 1098 1413; x_wconf 90' lang='lat' dir='ltr'><strong>liber</strong></span> <span class='ocrx_word' id='word_1_230' title='bbox 1115 1389 1178 1422; x_wconf 88' lang='lat' dir='ltr'><strong>per</strong></span> <span class='ocrx_word' id='word_1_231' title='bbox 1194 1378 1286 1413; x_wconf 89' lang='lat' dir='ltr'><strong>bone</strong></span> <span class='ocrx_word' id='word_1_232' title='bbox 1301 1376 1474 1412; x_wconf 86' lang='lat' dir='ltr'><strong>memorie</strong></span> <span class='ocrx_word' id='word_1_233' title='bbox 1491 1376 1692 1411; x_wconf 88' lang='lat' dir='ltr'><strong>Guidonem</strong></span> 
     </span>
     <span class='ocr_line' id='line_1_22' title="bbox 62 1430 1691 1478; baseline -0.003 -8"><span class='ocrx_word' id='word_1_234' title='bbox 62 1434 150 1471; x_wconf 85' lang='lat' dir='ltr'><strong>olim</strong></span> <span class='ocrx_word' id='word_1_235' title='bbox 167 1435 459 1470; x_wconf 87' lang='lat' dir='ltr'><strong>Cameracensem</strong></span> <span class='ocrx_word' id='word_1_236' title='bbox 476 1433 682 1478; x_wconf 88' lang='lat' dir='ltr'><strong>episcopum</strong></span> <span class='ocrx_word' id='word_1_237' title='bbox 700 1434 957 1469; x_wconf 88' lang='lat' dir='ltr'><strong>condemnatus</strong></span> <span class='ocrx_word' id='word_1_238' title='bbox 973 1436 1008 1468; x_wconf 85' lang='lat' dir='ltr'><strong>et</strong></span> <span class='ocrx_word' id='word_1_239' title='bbox 1023 1433 1067 1468; x_wconf 88' lang='lat' dir='ltr'><strong>de</strong></span> <span class='ocrx_word' id='word_1_240' title='bbox 1083 1433 1253 1468; x_wconf 85' lang='lat' dir='ltr'><strong>mandato</strong></span> <span class='ocrx_word' id='word_1_241' title='bbox 1277 1432 1389 1476; x_wconf 90' lang='lat' dir='ltr'><strong>ipsius</strong></span> <span class='ocrx_word' id='word_1_242' title='bbox 1412 1432 1451 1466; x_wconf 92' lang='lat' dir='ltr'><strong>in</strong></span> <span class='ocrx_word' id='word_1_243' title='bbox 1476 1430 1691 1467; x_wconf 76' lang='lat' dir='ltr'><strong>valencenis</strong></span> 
     </span>
     <span class='ocr_line' id='line_1_23' title="bbox 62 1487 1691 1532; baseline -0.002 -7"><span class='ocrx_word' id='word_1_244' title='bbox 62 1489 101 1525; x_wconf 89' lang='lat' dir='ltr'><strong>in</strong></span> <span class='ocrx_word' id='word_1_245' title='bbox 117 1493 180 1525; x_wconf 91' lang='lat' dir='ltr'><strong>tua</strong></span> <span class='ocrx_word' id='word_1_246' title='bbox 195 1489 401 1524; x_wconf 90' lang='lat' dir='ltr'><strong>combustus</strong></span> <span class='ocrx_word' id='word_1_247' title='bbox 418 1488 596 1532; x_wconf 86' lang='lat' dir='ltr'><strong>presentia</strong></span> <span class='ocrx_word' id='word_1_248' title='bbox 614 1488 757 1532; x_wconf 89' lang='lat' dir='ltr'><strong>publice</strong></span> <span class='ocrx_word' id='word_1_249' title='bbox 773 1491 809 1524; x_wconf 91' lang='lat' dir='ltr'><strong>et</strong></span> <span class='ocrx_word' id='word_1_250' title='bbox 825 1492 1005 1532; x_wconf 60' lang='lat' dir='ltr'><strong>patentem</strong></span> <span class='ocrx_word' id='word_1_251' title='bbox 1024 1500 1046 1523; x_wconf 89' lang='lat' dir='ltr'><strong>a</strong></span> <span class='ocrx_word' id='word_1_252' title='bbox 1062 1499 1133 1531; x_wconf 89' lang='lat' dir='ltr'><strong>quo</strong></span> <span class='ocrx_word' id='word_1_253' title='bbox 1150 1489 1316 1531; x_wconf 84' lang='lat' dir='ltr'><strong>episcopo</strong></span> <span class='ocrx_word' id='word_1_254' title='bbox 1338 1487 1402 1522; x_wconf 88' lang='lat' dir='ltr'><strong>tibi</strong></span> <span class='ocrx_word' id='word_1_255' title='bbox 1420 1487 1489 1522; x_wconf 84' lang='lat' dir='ltr'><strong>fuit</strong></span> <span class='ocrx_word' id='word_1_256' title='bbox 1509 1487 1575 1521; x_wconf 87' lang='lat' dir='ltr'><strong>sub</strong></span> <span class='ocrx_word' id='word_1_257' title='bbox 1599 1498 1691 1531; x_wconf 89' lang='lat' dir='ltr'><strong>pena</strong></span> 
     </span>
     <span class='ocr_line' id='line_1_24' title="bbox 62 1541 1692 1588; baseline -0.002 -8"><span class='ocrx_word' id='word_1_258' title='bbox 62 1542 445 1581; x_wconf 85' lang='lat' dir='ltr'><strong>excommunicationis</strong></span> <span class='ocrx_word' id='word_1_259' title='bbox 460 1555 624 1588; x_wconf 78' lang='lat' dir='ltr'><strong>expresse</strong></span> <span class='ocrx_word' id='word_1_260' title='bbox 640 1543 848 1584; x_wconf 89' lang='lat' dir='ltr'><strong>inhibitum,</strong></span> <span class='ocrx_word' id='word_1_261' title='bbox 866 1554 909 1578; x_wconf 90' lang='lat' dir='ltr'><strong>ne</strong></span> <span class='ocrx_word' id='word_1_262' title='bbox 925 1543 968 1578; x_wconf 90' lang='lat' dir='ltr'><strong>de</strong></span> <span class='ocrx_word' id='word_1_263' title='bbox 981 1546 1100 1578; x_wconf 87' lang='lat' dir='ltr'><strong>cetero</strong></span> <span class='ocrx_word' id='word_1_264' title='bbox 1118 1543 1225 1577; x_wconf 86' lang='lat' dir='ltr'><strong>talem</strong></span> <span class='ocrx_word' id='word_1_265' title='bbox 1242 1542 1375 1576; x_wconf 90' lang='lat' dir='ltr'><strong>librum</strong></span> <span class='ocrx_word' id='word_1_266' title='bbox 1393 1553 1623 1586; x_wconf 87' lang='lat' dir='ltr'><strong>componeres</strong></span> <span class='ocrx_word' id='word_1_267' title='bbox 1636 1541 1692 1577; x_wconf 88' lang='lat' dir='ltr'><strong>vel</strong></span> 
     </span>
     <span class='ocr_line' id='line_1_25' title="bbox 61 1595 1690 1642; baseline -0.002 -8"><span class='ocrx_word' id='word_1_268' title='bbox 61 1598 213 1635; x_wconf 80' lang='lat' dir='ltr'><strong>haberes</strong></span> <span class='ocrx_word' id='word_1_269' title='bbox 225 1601 288 1633; x_wconf 87' lang='lat' dir='ltr'><strong>aut</strong></span> <span class='ocrx_word' id='word_1_270' title='bbox 304 1609 346 1633; x_wconf 88' lang='lat' dir='ltr'><strong>eo</strong></span> <span class='ocrx_word' id='word_1_271' title='bbox 362 1598 419 1633; x_wconf 73' lang='lat' dir='ltr'><strong>vel</strong></span> <span class='ocrx_word' id='word_1_272' title='bbox 433 1598 543 1632; x_wconf 87' lang='lat' dir='ltr'><strong>simili</strong></span> <span class='ocrx_word' id='word_1_273' title='bbox 561 1598 725 1639; x_wconf 86' lang='lat' dir='ltr'><strong>utereris,</strong></span> <span class='ocrx_word' id='word_1_274' title='bbox 744 1599 876 1633; x_wconf 85' lang='lat' dir='ltr'><strong>addens</strong></span> <span class='ocrx_word' id='word_1_275' title='bbox 889 1601 925 1633; x_wconf 91' lang='lat' dir='ltr'><strong>et</strong></span> <span class='ocrx_word' id='word_1_276' title='bbox 940 1609 1103 1642; x_wconf 73' lang='lat' dir='ltr'><strong>expresse</strong></span> <span class='ocrx_word' id='word_1_277' title='bbox 1119 1609 1254 1642; x_wconf 88' lang='lat' dir='ltr'><strong>ponens</strong></span> <span class='ocrx_word' id='word_1_278' title='bbox 1267 1597 1433 1632; x_wconf 87' lang='lat' dir='ltr'><strong>dominus</strong></span> <span class='ocrx_word' id='word_1_279' title='bbox 1448 1596 1636 1640; x_wconf 82' lang='lat' dir='ltr'><strong>episcopus</strong></span> <span class='ocrx_word' id='word_1_280' title='bbox 1652 1595 1690 1631; x_wconf 91' lang='lat' dir='ltr'><strong>in</strong></span> 
     </span>
     <span class='ocr_line' id='line_1_26' title="bbox 63 1650 1689 1699; baseline -0.003 -10"><span class='ocrx_word' id='word_1_281' title='bbox 63 1654 217 1699; x_wconf 88' lang='lat' dir='ltr'><strong>quadem</strong></span> <span class='ocrx_word' id='word_1_282' title='bbox 229 1653 349 1688; x_wconf 84' lang='lat' dir='ltr'><strong>littera</strong></span> <span class='ocrx_word' id='word_1_283' title='bbox 365 1664 428 1687; x_wconf 90' lang='lat' dir='ltr'><strong>suo</strong></span> <span class='ocrx_word' id='word_1_284' title='bbox 444 1652 603 1697; x_wconf 88' lang='lat' dir='ltr'><strong>sigillata</strong></span> <span class='ocrx_word' id='word_1_285' title='bbox 619 1652 751 1697; x_wconf 89' lang='lat' dir='ltr'><strong>sigillo,</strong></span> <span class='ocrx_word' id='word_1_286' title='bbox 771 1653 866 1696; x_wconf 89' lang='lat' dir='ltr'><strong>quod</strong></span> <span class='ocrx_word' id='word_1_287' title='bbox 882 1652 912 1686; x_wconf 89' lang='lat' dir='ltr'><strong>si</strong></span> <span class='ocrx_word' id='word_1_288' title='bbox 928 1652 971 1686; x_wconf 92' lang='lat' dir='ltr'><strong>de</strong></span> <span class='ocrx_word' id='word_1_289' title='bbox 988 1656 1106 1687; x_wconf 88' lang='lat' dir='ltr'><strong>cetero</strong></span> <span class='ocrx_word' id='word_1_290' title='bbox 1123 1652 1216 1686; x_wconf 92' lang='lat' dir='ltr'><strong>libro</strong></span> <span class='ocrx_word' id='word_1_291' title='bbox 1241 1651 1393 1686; x_wconf 87' lang='lat' dir='ltr'><strong>utereris</strong></span> <span class='ocrx_word' id='word_1_292' title='bbox 1410 1651 1570 1694; x_wconf 88' lang='lat' dir='ltr'><strong>predicto</strong></span> <span class='ocrx_word' id='word_1_293' title='bbox 1586 1650 1643 1685; x_wconf 84' lang='lat' dir='ltr'><strong>vel</strong></span> <span class='ocrx_word' id='word_1_294' title='bbox 1658 1650 1689 1684; x_wconf 90' lang='lat' dir='ltr'><strong>si</strong></span> 
     </span>
     <span class='ocr_line' id='line_1_27' title="bbox 62 1706 1690 1753; baseline -0.002 -9"><span class='ocrx_word' id='word_1_295' title='bbox 62 1720 106 1744; x_wconf 88' lang='lat' dir='ltr'><strong>ea</strong></span> <span class='ocrx_word' id='word_1_296' title='bbox 119 1720 188 1753; x_wconf 91' lang='lat' dir='ltr'><strong>que</strong></span> <span class='ocrx_word' id='word_1_297' title='bbox 203 1707 481 1743; x_wconf 87' lang='lat' dir='ltr'><strong>continebantur</strong></span> <span class='ocrx_word' id='word_1_298' title='bbox 497 1706 535 1742; x_wconf 93' lang='lat' dir='ltr'><strong>in</strong></span> <span class='ocrx_word' id='word_1_299' title='bbox 547 1719 601 1748; x_wconf 91' lang='lat' dir='ltr'><strong>eo,</strong></span> <span class='ocrx_word' id='word_1_300' title='bbox 616 1707 726 1742; x_wconf 84' lang='lat' dir='ltr'><strong>verbo</strong></span> <span class='ocrx_word' id='word_1_301' title='bbox 739 1707 795 1741; x_wconf 77' lang='lat' dir='ltr'><strong>vel</strong></span> <span class='ocrx_word' id='word_1_302' title='bbox 808 1706 941 1751; x_wconf 83' lang='lat' dir='ltr'><strong>scripto</strong></span> <span class='ocrx_word' id='word_1_303' title='bbox 957 1707 1001 1742; x_wconf 90' lang='lat' dir='ltr'><strong>dc</strong></span> <span class='ocrx_word' id='word_1_304' title='bbox 1017 1709 1135 1742; x_wconf 88' lang='lat' dir='ltr'><strong>cetero</strong></span> <span class='ocrx_word' id='word_1_305' title='bbox 1149 1709 1390 1750; x_wconf 48' lang='lat' dir='ltr'><strong>attemptare&amp;</strong></span> <span class='ocrx_word' id='word_1_306' title='bbox 1406 1708 1440 1741; x_wconf 86' lang='lat' dir='ltr'><strong>te</strong></span> <span class='ocrx_word' id='word_1_307' title='bbox 1453 1706 1690 1749; x_wconf 87' lang='lat' dir='ltr'><strong>condempna-</strong></span> 
     </span>
     <span class='ocr_line' id='line_1_28' title="bbox 62 1761 1691 1808; baseline -0.002 -9"><span class='ocrx_word' id='word_1_308' title='bbox 62 1764 124 1799; x_wconf 88' lang='lat' dir='ltr'><strong>bat</strong></span> <span class='ocrx_word' id='word_1_309' title='bbox 146 1766 318 1808; x_wconf 87' lang='lat' dir='ltr'><strong>tanquam</strong></span> <span class='ocrx_word' id='word_1_310' title='bbox 344 1761 540 1797; x_wconf 86' lang='lat' dir='ltr'><strong>hereticam</strong></span> <span class='ocrx_word' id='word_1_311' title='bbox 571 1765 607 1796; x_wconf 89' lang='lat' dir='ltr'><strong>et</strong></span> <span class='ocrx_word' id='word_1_312' title='bbox 628 1761 856 1805; x_wconf 89' lang='lat' dir='ltr'><strong>relinquebat</strong></span> <span class='ocrx_word' id='word_1_313' title='bbox 873 1761 1021 1806; x_wconf 87' lang='lat' dir='ltr'><strong>justicie</strong></span> <span class='ocrx_word' id='word_1_314' title='bbox 1044 1761 1210 1796; x_wconf 85' lang='lat' dir='ltr'><strong>seculari.</strong></span> <span class='ocrx_word' id='word_1_315' title='bbox 1236 1761 1321 1796; x_wconf 78' lang='lat' dir='ltr'><strong>Post</strong></span> <span class='ocrx_word' id='word_1_316' title='bbox 1348 1772 1433 1795; x_wconf 76' lang='lat' dir='ltr'><strong>vero</strong></span> <span class='ocrx_word' id='word_1_317' title='bbox 1457 1761 1553 1796; x_wconf 87' lang='lat' dir='ltr'><strong>dicta</strong></span> <span class='ocrx_word' id='word_1_318' title='bbox 1569 1761 1691 1796; x_wconf 88' lang='lat' dir='ltr'><strong>omnia</strong></span> 
     </span>
     <span class='ocr_line' id='line_1_29' title="bbox 61 1816 1687 1861; baseline -0.002 -8"><span class='ocrx_word' id='word_1_319' title='bbox 61 1818 199 1854; x_wconf 87' lang='lat' dir='ltr'><strong>dictum</strong></span> <span class='ocrx_word' id='word_1_320' title='bbox 215 1818 349 1852; x_wconf 89' lang='lat' dir='ltr'><strong>librum</strong></span> <span class='ocrx_word' id='word_1_321' title='bbox 365 1820 491 1852; x_wconf 85' lang='lat' dir='ltr'><strong>contra</strong></span> <span class='ocrx_word' id='word_1_322' title='bbox 514 1817 647 1852; x_wconf 88' lang='lat' dir='ltr'><strong>dictam</strong></span> <span class='ocrx_word' id='word_1_323' title='bbox 672 1817 953 1861; x_wconf 87' lang='lat' dir='ltr'><strong>prohibitionem</strong></span> <span class='ocrx_word' id='word_1_324' title='bbox 984 1816 1120 1861; x_wconf 89' lang='lat' dir='ltr'><strong>pluries</strong></span> <span class='ocrx_word' id='word_1_325' title='bbox 1147 1816 1305 1852; x_wconf 88' lang='lat' dir='ltr'><strong>habuisti</strong></span> <span class='ocrx_word' id='word_1_326' title='bbox 1334 1819 1369 1852; x_wconf 88' lang='lat' dir='ltr'><strong>et</strong></span> <span class='ocrx_word' id='word_1_327' title='bbox 1396 1816 1530 1860; x_wconf 86' lang='lat' dir='ltr'><strong>pluries</strong></span> <span class='ocrx_word' id='word_1_328' title='bbox 1559 1827 1623 1850; x_wconf 87' lang='lat' dir='ltr'><strong>usa</strong></span> <span class='ocrx_word' id='word_1_329' title='bbox 1638 1828 1687 1858; x_wconf 89' lang='lat' dir='ltr'><strong>es,</strong></span> 
     </span>
     <span class='ocr_line' id='line_1_30' title="bbox 61 1871 1692 1916; baseline -0.001 -9"><span class='ocrx_word' id='word_1_330' title='bbox 61 1872 156 1908; x_wconf 88' lang='lat' dir='ltr'><strong>sicut</strong></span> <span class='ocrx_word' id='word_1_331' title='bbox 170 1875 206 1908; x_wconf 86' lang='lat' dir='ltr'><strong>et</strong></span> <span class='ocrx_word' id='word_1_332' title='bbox 228 1873 306 1916; x_wconf 89' lang='lat' dir='ltr'><strong>ejus</strong></span> <span class='ocrx_word' id='word_1_333' title='bbox 321 1874 418 1915; x_wconf 89' lang='lat' dir='ltr'><strong>patet</strong></span> <span class='ocrx_word' id='word_1_334' title='bbox 434 1871 742 1916; x_wconf 86' lang='lat' dir='ltr'><strong>recognitionibus</strong></span> <span class='ocrx_word' id='word_1_335' title='bbox 759 1871 862 1906; x_wconf 87' lang='lat' dir='ltr'><strong>factis</strong></span> <span class='ocrx_word' id='word_1_336' title='bbox 879 1872 1011 1906; x_wconf 89' lang='lat' dir='ltr'><strong>nedum</strong></span> <span class='ocrx_word' id='word_1_337' title='bbox 1028 1883 1150 1906; x_wconf 84' lang='lat' dir='ltr'><strong>coram</strong></span> <span class='ocrx_word' id='word_1_338' title='bbox 1175 1871 1388 1915; x_wconf 86' lang='lat' dir='ltr'><strong>inquisitore</strong></span> <span class='ocrx_word' id='word_1_339' title='bbox 1406 1871 1641 1915; x_wconf 88' lang='lat' dir='ltr'><strong>Lotharingie</strong></span> <span class='ocrx_word' id='word_1_340' title='bbox 1657 1874 1692 1907; x_wconf 89' lang='lat' dir='ltr'><strong>et</strong></span> 
     </span>
     <span class='ocr_line' id='line_1_31' title="bbox 62 1927 1690 1971; baseline -0.001 -8"><span class='ocrx_word' id='word_1_341' title='bbox 62 1938 184 1963; x_wconf 89' lang='lat' dir='ltr'><strong>coram</strong></span> <span class='ocrx_word' id='word_1_342' title='bbox 199 1927 396 1962; x_wconf 87' lang='lat' dir='ltr'><strong>reverendo</strong></span> <span class='ocrx_word' id='word_1_343' title='bbox 412 1928 524 1963; x_wconf 86' lang='lat' dir='ltr'><strong>fratre</strong></span> <span class='ocrx_word' id='word_1_344' title='bbox 539 1931 573 1963; x_wconf 90' lang='lat' dir='ltr'><strong>et</strong></span> <span class='ocrx_word' id='word_1_345' title='bbox 590 1927 748 1969; x_wconf 89' lang='lat' dir='ltr'><strong>domino,</strong></span> <span class='ocrx_word' id='word_1_346' title='bbox 767 1928 912 1963; x_wconf 89' lang='lat' dir='ltr'><strong>domino</strong></span> <span class='ocrx_word' id='word_1_347' title='bbox 937 1928 1102 1963; x_wconf 83' lang='lat' dir='ltr'><strong>Johanne</strong></span> <span class='ocrx_word' id='word_1_348' title='bbox 1126 1931 1213 1964; x_wconf 87' lang='lat' dir='ltr'><strong>tunc</strong></span> <span class='ocrx_word' id='word_1_349' title='bbox 1238 1928 1487 1962; x_wconf 87' lang='lat' dir='ltr'><strong>Camcracensi</strong></span> <span class='ocrx_word' id='word_1_350' title='bbox 1511 1927 1690 1971; x_wconf 86' lang='lat' dir='ltr'><strong>episcopo,</strong></span> 
     </span>
     <span class='ocr_line' id='line_1_32' title="bbox 62 1982 1691 2028; baseline 0 -10"><span class='ocrx_word' id='word_1_351' title='bbox 62 1994 160 2018; x_wconf 88' lang='lat' dir='ltr'><strong>nunc</strong></span> <span class='ocrx_word' id='word_1_352' title='bbox 175 1982 445 2027; x_wconf 89' lang='lat' dir='ltr'><strong>archiepiscopo</strong></span> <span class='ocrx_word' id='word_1_353' title='bbox 463 1982 671 2024; x_wconf 85' lang='lat' dir='ltr'><strong>Senonensi‚</strong></span> <span class='ocrx_word' id='word_1_354' title='bbox 689 1983 827 2018; x_wconf 89' lang='lat' dir='ltr'><strong>dictum</strong></span> <span class='ocrx_word' id='word_1_355' title='bbox 847 1984 1012 2019; x_wconf 90' lang='lat' dir='ltr'><strong>eumdem</strong></span> <span class='ocrx_word' id='word_1_356' title='bbox 1030 1983 1176 2025; x_wconf 89' lang='lat' dir='ltr'><strong>librum,</strong></span> <span class='ocrx_word' id='word_1_357' title='bbox 1195 1986 1315 2028; x_wconf 89' lang='lat' dir='ltr'><strong>preter</strong></span> <span class='ocrx_word' id='word_1_358' title='bbox 1331 1983 1691 2028; x_wconf 87' lang='lat' dir='ltr'><strong>condempnationem</strong></span> 
     </span>
     <span class='ocr_line' id='line_1_33' title="bbox 61 2037 1692 2083; baseline -0.001 -9"><span class='ocrx_word' id='word_1_359' title='bbox 61 2040 98 2074; x_wconf 87' lang='lat' dir='ltr'><strong>et</strong></span> <span class='ocrx_word' id='word_1_360' title='bbox 113 2037 396 2073; x_wconf 89' lang='lat' dir='ltr'><strong>combustionem</strong></span> <span class='ocrx_word' id='word_1_361' title='bbox 413 2037 603 2082; x_wconf 88' lang='lat' dir='ltr'><strong>predictas,</strong></span> <span class='ocrx_word' id='word_1_362' title='bbox 619 2038 712 2074; x_wconf 86' lang='lat' dir='ltr'><strong>sicut</strong></span> <span class='ocrx_word' id='word_1_363' title='bbox 727 2039 861 2073; x_wconf 91' lang='lat' dir='ltr'><strong>bonum</strong></span> <span class='ocrx_word' id='word_1_364' title='bbox 878 2042 913 2074; x_wconf 87' lang='lat' dir='ltr'><strong>et</strong></span> <span class='ocrx_word' id='word_1_365' title='bbox 935 2038 1075 2074; x_wconf 87' lang='lat' dir='ltr'><strong>licitum</strong></span> <span class='ocrx_word' id='word_1_366' title='bbox 1093 2038 1367 2073; x_wconf 85' lang='lat' dir='ltr'><strong>communicasti</strong></span> <span class='ocrx_word' id='word_1_367' title='bbox 1384 2039 1580 2074; x_wconf 80' lang='lat' dir='ltr'><strong>reverendo</strong></span> <span class='ocrx_word' id='word_1_368' title='bbox 1597 2038 1692 2083; x_wconf 87' lang='lat' dir='ltr'><strong>patri</strong></span> 
     </span>
     <span class='ocr_line' id='line_1_34' title="bbox 61 2091 1692 2138; baseline 0.001 -10"><span class='ocrx_word' id='word_1_369' title='bbox 61 2091 208 2128; x_wconf 88' lang='lat' dir='ltr'><strong>domino</strong></span> <span class='ocrx_word' id='word_1_370' title='bbox 241 2091 399 2127; x_wconf 68' lang='lat' dir='ltr'><strong>,Iohanni</strong></span> <span class='ocrx_word' id='word_1_371' title='bbox 429 2092 683 2127; x_wconf 87' lang='lat' dir='ltr'><strong>Cathalonensi</strong></span> <span class='ocrx_word' id='word_1_372' title='bbox 713 2093 881 2137; x_wconf 88' lang='lat' dir='ltr'><strong>episcopo</strong></span> <span class='ocrx_word' id='word_1_373' title='bbox 909 2096 944 2129; x_wconf 90' lang='lat' dir='ltr'><strong>ct</strong></span> <span class='ocrx_word' id='word_1_374' title='bbox 971 2093 1186 2138; x_wconf 88' lang='lat' dir='ltr'><strong>quibusdam</strong></span> <span class='ocrx_word' id='word_1_375' title='bbox 1214 2093 1375 2137; x_wconf 89' lang='lat' dir='ltr'><strong>personis</strong></span> <span class='ocrx_word' id='word_1_376' title='bbox 1399 2093 1491 2135; x_wconf 88' lang='lat' dir='ltr'><strong>aliis,</strong></span> <span class='ocrx_word' id='word_1_377' title='bbox 1510 2096 1618 2138; x_wconf 88' lang='lat' dir='ltr'><strong>prout</strong></span> <span class='ocrx_word' id='word_1_378' title='bbox 1648 2105 1692 2129; x_wconf 83' lang='lat' dir='ltr'><strong>ex</strong></span> 
     </span>
     <span class='ocr_line' id='line_1_35' title="bbox 62 2146 1692 2192; baseline -0.001 -10"><span class='ocrx_word' id='word_1_379' title='bbox 62 2147 327 2192; x_wconf 89' lang='lat' dir='ltr'><strong>fidedignorum</strong></span> <span class='ocrx_word' id='word_1_380' title='bbox 345 2148 553 2191; x_wconf 87' lang='lat' dir='ltr'><strong>juratorum</strong></span> <span class='ocrx_word' id='word_1_381' title='bbox 575 2150 610 2182; x_wconf 88' lang='lat' dir='ltr'><strong>et</strong></span> <span class='ocrx_word' id='word_1_382' title='bbox 626 2159 733 2192; x_wconf 89' lang='lat' dir='ltr'><strong>super</strong></span> <span class='ocrx_word' id='word_1_383' title='bbox 748 2147 820 2182; x_wconf 88' lang='lat' dir='ltr'><strong>hiis</strong></span> <span class='ocrx_word' id='word_1_384' title='bbox 845 2159 967 2182; x_wconf 89' lang='lat' dir='ltr'><strong>coram</strong></span> <span class='ocrx_word' id='word_1_385' title='bbox 984 2147 1087 2182; x_wconf 90' lang='lat' dir='ltr'><strong>nobis</strong></span> <span class='ocrx_word' id='word_1_386' title='bbox 1110 2147 1336 2183; x_wconf 83' lang='lat' dir='ltr'><strong>evidentibus</strong></span> <span class='ocrx_word' id='word_1_387' title='bbox 1359 2147 1573 2182; x_wconf 84' lang='lat' dir='ltr'><strong>testimoniis</strong></span> <span class='ocrx_word' id='word_1_388' title='bbox 1589 2146 1692 2182; x_wconf 92' lang='lat' dir='ltr'><strong>nobis</strong></span> 
     </span>
     <span class='ocr_line' id='line_1_36' title="bbox 61 2200 1691 2247; baseline -0.001 -10"><span class='ocrx_word' id='word_1_389' title='bbox 61 2200 187 2246; x_wconf 79' lang='lat' dir='ltr'><strong>liquet.</strong></span> <span class='ocrx_word' id='word_1_390' title='bbox 213 2202 286 2237; x_wconf 90' lang='lat' dir='ltr'><strong>Nos</strong></span> <span class='ocrx_word' id='word_1_391' title='bbox 313 2201 429 2247; x_wconf 90' lang='lat' dir='ltr'><strong>igitur</strong></span> <span class='ocrx_word' id='word_1_392' title='bbox 462 2213 570 2246; x_wconf 89' lang='lat' dir='ltr'><strong>super</strong></span> <span class='ocrx_word' id='word_1_393' title='bbox 601 2202 784 2246; x_wconf 89' lang='lat' dir='ltr'><strong>premissis</strong></span> <span class='ocrx_word' id='word_1_394' title='bbox 815 2203 982 2238; x_wconf 89' lang='lat' dir='ltr'><strong>omnibus</strong></span> <span class='ocrx_word' id='word_1_395' title='bbox 1013 2202 1273 2238; x_wconf 84' lang='lat' dir='ltr'><strong>deliberatione</strong></span> <span class='ocrx_word' id='word_1_396' title='bbox 1303 2202 1493 2246; x_wconf 89' lang='lat' dir='ltr'><strong>prehabita</strong></span> <span class='ocrx_word' id='word_1_397' title='bbox 1522 2201 1691 2247; x_wconf 86' lang='lat' dir='ltr'><strong>diligenti</strong></span> 
     </span>
     <span class='ocr_line' id='line_1_37' title="bbox 62 2256 1691 2302; baseline 0.001 -11"><span class='ocrx_word' id='word_1_398' title='bbox 62 2256 400 2301; x_wconf 86' lang='lat' dir='ltr'><strong>communicatoque</strong></span> <span class='ocrx_word' id='word_1_399' title='bbox 426 2257 624 2292; x_wconf 86' lang='lat' dir='ltr'><strong>multorum</strong></span> <span class='ocrx_word' id='word_1_400' title='bbox 648 2257 847 2302; x_wconf 88' lang='lat' dir='ltr'><strong>peritorum</strong></span> <span class='ocrx_word' id='word_1_401' title='bbox 864 2257 903 2292; x_wconf 91' lang='lat' dir='ltr'><strong>in</strong></span> <span class='ocrx_word' id='word_1_402' title='bbox 919 2261 1073 2301; x_wconf 89' lang='lat' dir='ltr'><strong>utroque</strong></span> <span class='ocrx_word' id='word_1_403' title='bbox 1091 2259 1175 2300; x_wconf 90' lang='lat' dir='ltr'><strong>jure</strong></span> <span class='ocrx_word' id='word_1_404' title='bbox 1198 2257 1360 2299; x_wconf 88' lang='lat' dir='ltr'><strong>consilio,</strong></span> <span class='ocrx_word' id='word_1_405' title='bbox 1380 2258 1495 2293; x_wconf 91' lang='lat' dir='ltr'><strong>Deum</strong></span> <span class='ocrx_word' id='word_1_406' title='bbox 1511 2260 1547 2293; x_wconf 90' lang='lat' dir='ltr'><strong>et</strong></span> <span class='ocrx_word' id='word_1_407' title='bbox 1566 2260 1691 2293; x_wconf 83' lang='lat' dir='ltr'><strong>sancta</strong></span> 
     </span>
     <span class='ocr_line' id='line_1_38' title="bbox 61 2310 1693 2357; baseline 0.001 -11"><span class='ocrx_word' id='word_1_408' title='bbox 61 2310 251 2356; x_wconf 88' lang='lat' dir='ltr'><strong>evangelia</strong></span> <span class='ocrx_word' id='word_1_409' title='bbox 263 2322 326 2356; x_wconf 87' lang='lat' dir='ltr'><strong>pre</strong></span> <span class='ocrx_word' id='word_1_410' title='bbox 343 2311 457 2347; x_wconf 88' lang='lat' dir='ltr'><strong>oculis</strong></span> <span class='ocrx_word' id='word_1_411' title='bbox 472 2312 656 2354; x_wconf 87' lang='lat' dir='ltr'><strong>habentes,</strong></span> <span class='ocrx_word' id='word_1_412' title='bbox 671 2313 715 2348; x_wconf 87' lang='lat' dir='ltr'><strong>de</strong></span> <span class='ocrx_word' id='word_1_413' title='bbox 727 2312 914 2348; x_wconf 84' lang='lat' dir='ltr'><strong>reverendi</strong></span> <span class='ocrx_word' id='word_1_414' title='bbox 932 2312 1054 2348; x_wconf 88' lang='lat' dir='ltr'><strong>fratris</strong></span> <span class='ocrx_word' id='word_1_415' title='bbox 1071 2315 1105 2348; x_wconf 87' lang='lat' dir='ltr'><strong>et</strong></span> <span class='ocrx_word' id='word_1_416' title='bbox 1117 2312 1254 2347; x_wconf 89' lang='lat' dir='ltr'><strong>domini</strong></span> <span class='ocrx_word' id='word_1_417' title='bbox 1267 2312 1403 2347; x_wconf 89' lang='lat' dir='ltr'><strong>domini</strong></span> <span class='ocrx_word' id='word_1_418' title='bbox 1419 2312 1474 2354; x_wconf 65' lang='lat' dir='ltr'><strong>G„</strong></span> <span class='ocrx_word' id='word_1_419' title='bbox 1491 2312 1555 2348; x_wconf 90' lang='lat' dir='ltr'><strong>Dei</strong></span> <span class='ocrx_word' id='word_1_420' title='bbox 1572 2311 1693 2357; x_wconf 86' lang='lat' dir='ltr'><strong>gratia</strong></span> 
     </span>
     <span class='ocr_line' id='line_1_39' title="bbox 63 2365 1691 2413; baseline 0 -11"><span class='ocrx_word' id='word_1_421' title='bbox 63 2365 277 2402; x_wconf 78' lang='lat' dir='ltr'><strong>parisiensis</strong></span> <span class='ocrx_word' id='word_1_422' title='bbox 293 2367 462 2412; x_wconf 88' lang='lat' dir='ltr'><strong>episcopi,</strong></span> <span class='ocrx_word' id='word_1_423' title='bbox 481 2368 632 2403; x_wconf 90' lang='lat' dir='ltr'><strong>consilio</strong></span> <span class='ocrx_word' id='word_1_424' title='bbox 655 2372 689 2404; x_wconf 91' lang='lat' dir='ltr'><strong>ct</strong></span> <span class='ocrx_word' id='word_1_425' title='bbox 713 2380 870 2410; x_wconf 88' lang='lat' dir='ltr'><strong>assensu,</strong></span> <span class='ocrx_word' id='word_1_426' title='bbox 888 2372 923 2404; x_wconf 88' lang='lat' dir='ltr'><strong>te</strong></span> <span class='ocrx_word' id='word_1_427' title='bbox 947 2368 1186 2413; x_wconf 88' lang='lat' dir='ltr'><strong>Margaritam</strong></span> <span class='ocrx_word' id='word_1_428' title='bbox 1211 2379 1283 2403; x_wconf 89' lang='lat' dir='ltr'><strong>non</strong></span> <span class='ocrx_word' id='word_1_429' title='bbox 1299 2369 1414 2403; x_wconf 87' lang='lat' dir='ltr'><strong>solum</strong></span> <span class='ocrx_word' id='word_1_430' title='bbox 1438 2368 1531 2403; x_wconf 86' lang='lat' dir='ltr'><strong>sicut</strong></span> <span class='ocrx_word' id='word_1_431' title='bbox 1554 2368 1691 2412; x_wconf 89' lang='lat' dir='ltr'><strong>lapsam</strong></span> 
     </span>
     <span class='ocr_line' id='line_1_40' title="bbox 62 2420 1694 2467; baseline 0.001 -11"><span class='ocrx_word' id='word_1_432' title='bbox 62 2420 101 2456; x_wconf 87' lang='lat' dir='ltr'><strong>in</strong></span> <span class='ocrx_word' id='word_1_433' title='bbox 130 2421 298 2464; x_wconf 89' lang='lat' dir='ltr'><strong>heresim,</strong></span> <span class='ocrx_word' id='word_1_434' title='bbox 338 2423 400 2458; x_wconf 86' lang='lat' dir='ltr'><strong>sed</strong></span> <span class='ocrx_word' id='word_1_435' title='bbox 431 2422 525 2458; x_wconf 87' lang='lat' dir='ltr'><strong>sicut</strong></span> <span class='ocrx_word' id='word_1_436' title='bbox 564 2423 742 2467; x_wconf 86' lang='lat' dir='ltr'><strong>relapsam</strong></span> <span class='ocrx_word' id='word_1_437' title='bbox 781 2423 939 2458; x_wconf 86' lang='lat' dir='ltr'><strong>finaliter</strong></span> <span class='ocrx_word' id='word_1_438' title='bbox 973 2423 1278 2467; x_wconf 86' lang='lat' dir='ltr'><strong>condempnamus</strong></span> <span class='ocrx_word' id='word_1_439' title='bbox 1312 2426 1347 2458; x_wconf 86' lang='lat' dir='ltr'><strong>ct</strong></span> <span class='ocrx_word' id='word_1_440' title='bbox 1384 2426 1418 2458; x_wconf 89' lang='lat' dir='ltr'><strong>te</strong></span> <span class='ocrx_word' id='word_1_441' title='bbox 1456 2422 1694 2466; x_wconf 88' lang='lat' dir='ltr'><strong>relinquimus</strong></span> 
     </span>
     <span class='ocr_line' id='line_1_41' title="bbox 56 2476 1694 2522; baseline 0.001 -12"><span class='ocrx_word' id='word_1_442' title='bbox 56 2476 205 2521; x_wconf 86' lang='lat' dir='ltr'><strong>justicie</strong></span> <span class='ocrx_word' id='word_1_443' title='bbox 232 2477 399 2519; x_wconf 88' lang='lat' dir='ltr'><strong>seculari,</strong></span> <span class='ocrx_word' id='word_1_444' title='bbox 433 2481 601 2522; x_wconf 88' lang='lat' dir='ltr'><strong>rogantes</strong></span> <span class='ocrx_word' id='word_1_445' title='bbox 625 2490 704 2513; x_wconf 88' lang='lat' dir='ltr'><strong>eam</strong></span> <span class='ocrx_word' id='word_1_446' title='bbox 731 2481 770 2513; x_wconf 90' lang='lat' dir='ltr'><strong>ut</strong></span> <span class='ocrx_word' id='word_1_447' title='bbox 797 2478 890 2514; x_wconf 86' lang='lat' dir='ltr'><strong>citra</strong></span> <span class='ocrx_word' id='word_1_448' title='bbox 913 2482 1065 2513; x_wconf 89' lang='lat' dir='ltr'><strong>mortem</strong></span> <span class='ocrx_word' id='word_1_449' title='bbox 1093 2481 1128 2513; x_wconf 89' lang='lat' dir='ltr'><strong>ct</strong></span> <span class='ocrx_word' id='word_1_450' title='bbox 1155 2478 1400 2513; x_wconf 88' lang='lat' dir='ltr'><strong>membrorum</strong></span> <span class='ocrx_word' id='word_1_451' title='bbox 1429 2477 1694 2513; x_wconf 87' lang='lat' dir='ltr'><strong>mutilationem</strong></span> 
     </span>
     <span class='ocr_line' id='line_1_42' title="bbox 62 2531 1695 2577; baseline 0.001 -12"><span class='ocrx_word' id='word_1_452' title='bbox 62 2532 181 2566; x_wconf 80' lang='lat' dir='ltr'><strong>tecum</strong></span> <span class='ocrx_word' id='word_1_453' title='bbox 219 2534 305 2577; x_wconf 90' lang='lat' dir='ltr'><strong>agat</strong></span> <span class='ocrx_word' id='word_1_454' title='bbox 335 2531 628 2573; x_wconf 86' lang='lat' dir='ltr'><strong>misericorditer,</strong></span> <span class='ocrx_word' id='word_1_455' title='bbox 660 2536 834 2576; x_wconf 89' lang='lat' dir='ltr'><strong>quantum</strong></span> <span class='ocrx_word' id='word_1_456' title='bbox 867 2533 1086 2576; x_wconf 85' lang='lat' dir='ltr'><strong>permictunt</strong></span> <span class='ocrx_word' id='word_1_457' title='bbox 1113 2532 1286 2567; x_wconf 84' lang='lat' dir='ltr'><strong>canonice</strong></span> <span class='ocrx_word' id='word_1_458' title='bbox 1309 2532 1528 2574; x_wconf 73' lang='lat' dir='ltr'><strong>sanctiones3</strong></span> <span class='ocrx_word' id='word_1_459' title='bbox 1557 2531 1695 2567; x_wconf 86' lang='lat' dir='ltr'><strong>dictum</strong></span> 
     </span>
     <span class='ocr_line' id='line_1_43' title="bbox 62 2583 1693 2632; baseline 0.002 -14"><span class='ocrx_word' id='word_1_460' title='bbox 62 2583 197 2619; x_wconf 89' lang='lat' dir='ltr'><strong>librum</strong></span> <span class='ocrx_word' id='word_1_461' title='bbox 213 2587 385 2629; x_wconf 89' lang='lat' dir='ltr'><strong>tanquam</strong></span> <span class='ocrx_word' id='word_1_462' title='bbox 412 2586 612 2622; x_wconf 87' lang='lat' dir='ltr'><strong>hereticum</strong></span> <span class='ocrx_word' id='word_1_463' title='bbox 640 2591 675 2622; x_wconf 89' lang='lat' dir='ltr'><strong>et</strong></span> <span class='ocrx_word' id='word_1_464' title='bbox 698 2599 890 2622; x_wconf 86' lang='lat' dir='ltr'><strong>erroneum</strong></span> <span class='ocrx_word' id='word_1_465' title='bbox 907 2591 1029 2632; x_wconf 79' lang='lat' dir='ltr'><strong>utpote</strong></span> <span class='ocrx_word' id='word_1_466' title='bbox 1053 2599 1194 2622; x_wconf 90' lang='lat' dir='ltr'><strong>errores</strong></span> <span class='ocrx_word' id='word_1_467' title='bbox 1215 2591 1251 2623; x_wconf 93' lang='lat' dir='ltr'><strong>et</strong></span> <span class='ocrx_word' id='word_1_468' title='bbox 1274 2587 1429 2622; x_wconf 84' lang='lat' dir='ltr'><strong>heresim</strong></span> <span class='ocrx_word' id='word_1_469' title='bbox 1451 2586 1693 2622; x_wconf 89' lang='lat' dir='ltr'><strong>continentem</strong></span> 
     </span>
     <span class='ocr_line' id='line_1_44' title="bbox 57 2638 1692 2687; baseline 0.002 -15"><span class='ocrx_word' id='word_1_470' title='bbox 57 2638 198 2683; x_wconf 90' lang='lat' dir='ltr'><strong>judicio</strong></span> <span class='ocrx_word' id='word_1_471' title='bbox 214 2639 470 2684; x_wconf 86' lang='lat' dir='ltr'><strong>magistrorum</strong></span> <span class='ocrx_word' id='word_1_472' title='bbox 488 2641 525 2676; x_wconf 92' lang='lat' dir='ltr'><strong>in</strong></span> <span class='ocrx_word' id='word_1_473' title='bbox 547 2641 730 2687; x_wconf 83' lang='lat' dir='ltr'><strong>theologia</strong></span> <span class='ocrx_word' id='word_1_474' title='bbox 754 2642 916 2677; x_wconf 66' lang='lat' dir='ltr'><strong>Paris-ius</strong></span> <span class='ocrx_word' id='word_1_475' title='bbox 937 2642 1166 2677; x_wconf 81' lang='lat' dir='ltr'><strong>existentium</strong></span> <span class='ocrx_word' id='word_1_476' title='bbox 1190 2645 1225 2676; x_wconf 89' lang='lat' dir='ltr'><strong>et</strong></span> <span class='ocrx_word' id='word_1_477' title='bbox 1248 2642 1292 2677; x_wconf 89' lang='lat' dir='ltr'><strong>de</strong></span> <span class='ocrx_word' id='word_1_478' title='bbox 1319 2641 1514 2676; x_wconf 87' lang='lat' dir='ltr'><strong>eorundem</strong></span> <span class='ocrx_word' id='word_1_479' title='bbox 1543 2640 1692 2676; x_wconf 88' lang='lat' dir='ltr'><strong>consilio</strong></span> 
     </span>
     <span class='ocr_line' id='line_1_45' title="bbox 63 2694 1694 2740; baseline 0.001 -11"><span class='ocrx_word' id='word_1_480' title='bbox 63 2694 222 2730; x_wconf 84' lang='lat' dir='ltr'><strong>finaliter</strong></span> <span class='ocrx_word' id='word_1_481' title='bbox 236 2696 540 2740; x_wconf 89' lang='lat' dir='ltr'><strong>condempnamus</strong></span> <span class='ocrx_word' id='word_1_482' title='bbox 556 2709 598 2732; x_wconf 85' lang='lat' dir='ltr'><strong>ac</strong></span> <span class='ocrx_word' id='word_1_483' title='bbox 611 2698 755 2732; x_wconf 87' lang='lat' dir='ltr'><strong>demum</strong></span> <span class='ocrx_word' id='word_1_484' title='bbox 771 2697 1077 2733; x_wconf 77' lang='lat' dir='ltr'><strong>excommunicari</strong></span> <span class='ocrx_word' id='word_1_485' title='bbox 1092 2697 1257 2732; x_wconf 83' lang='lat' dir='ltr'><strong>volumus</strong></span> <span class='ocrx_word' id='word_1_486' title='bbox 1269 2700 1303 2732; x_wconf 90' lang='lat' dir='ltr'><strong>ct</strong></span> <span class='ocrx_word' id='word_1_487' title='bbox 1317 2696 1499 2738; x_wconf 82' lang='lat' dir='ltr'><strong>comburi;</strong></span> <span class='ocrx_word' id='word_1_488' title='bbox 1518 2696 1694 2732; x_wconf 84' lang='lat' dir='ltr'><strong>universis</strong></span> 
     </span>
     <span class='ocr_line' id='line_1_46' title="bbox 62 2748 1693 2796; baseline 0.001 -13"><span class='ocrx_word' id='word_1_489' title='bbox 62 2753 99 2784; x_wconf 87' lang='lat' dir='ltr'><strong>et</strong></span> <span class='ocrx_word' id='word_1_490' title='bbox 112 2748 267 2794; x_wconf 83' lang='lat' dir='ltr'><strong>singulis</strong></span> <span class='ocrx_word' id='word_1_491' title='bbox 283 2749 498 2785; x_wconf 91' lang='lat' dir='ltr'><strong>habentibus</strong></span> <span class='ocrx_word' id='word_1_492' title='bbox 514 2751 651 2786; x_wconf 88' lang='lat' dir='ltr'><strong>dictum</strong></span> <span class='ocrx_word' id='word_1_493' title='bbox 669 2751 802 2786; x_wconf 92' lang='lat' dir='ltr'><strong>librum</strong></span> <span class='ocrx_word' id='word_1_494' title='bbox 819 2751 1057 2796; x_wconf 85' lang='lat' dir='ltr'><strong>precipientes</strong></span> <span class='ocrx_word' id='word_1_495' title='bbox 1073 2751 1234 2786; x_wconf 81' lang='lat' dir='ltr'><strong>districte</strong></span> <span class='ocrx_word' id='word_1_496' title='bbox 1251 2755 1286 2786; x_wconf 87' lang='lat' dir='ltr'><strong>et</strong></span> <span class='ocrx_word' id='word_1_497' title='bbox 1301 2752 1367 2785; x_wconf 85' lang='lat' dir='ltr'><strong>sub</strong></span> <span class='ocrx_word' id='word_1_498' title='bbox 1385 2762 1475 2794; x_wconf 88' lang='lat' dir='ltr'><strong>pena</strong></span> <span class='ocrx_word' id='word_1_499' title='bbox 1491 2762 1693 2785; x_wconf 80' lang='lat' dir='ltr'><strong>excommu-</strong></span> 
     </span>
     <span class='ocr_line' id='line_1_47' title="bbox 63 2803 1693 2852; baseline 0.001 -14"><span class='ocrx_word' id='word_1_500' title='bbox 63 2803 255 2839; x_wconf 86' lang='lat' dir='ltr'><strong>nicationis</strong></span> <span class='ocrx_word' id='word_1_501' title='bbox 271 2805 367 2849; x_wconf 90' lang='lat' dir='ltr'><strong>quod</strong></span> <span class='ocrx_word' id='word_1_502' title='bbox 390 2804 487 2840; x_wconf 85' lang='lat' dir='ltr'><strong>infra</strong></span> <span class='ocrx_word' id='word_1_503' title='bbox 503 2805 640 2841; x_wconf 85' lang='lat' dir='ltr'><strong>instans</strong></span> <span class='ocrx_word' id='word_1_504' title='bbox 658 2807 786 2842; x_wconf 85' lang='lat' dir='ltr'><strong>festum</strong></span> <span class='ocrx_word' id='word_1_505' title='bbox 811 2807 1055 2852; x_wconf 87' lang='lat' dir='ltr'><strong>apostolorum</strong></span> <span class='ocrx_word' id='word_1_506' title='bbox 1074 2806 1174 2842; x_wconf 90' lang='lat' dir='ltr'><strong>Petri</strong></span> <span class='ocrx_word' id='word_1_507' title='bbox 1190 2809 1226 2841; x_wconf 87' lang='lat' dir='ltr'><strong>et</strong></span> <span class='ocrx_word' id='word_1_508' title='bbox 1250 2806 1356 2841; x_wconf 84' lang='lat' dir='ltr'><strong>Pauli</strong></span> <span class='ocrx_word' id='word_1_509' title='bbox 1381 2805 1483 2840; x_wconf 89' lang='lat' dir='ltr'><strong>nobis</strong></span> <span class='ocrx_word' id='word_1_510' title='bbox 1507 2805 1563 2841; x_wconf 84' lang='lat' dir='ltr'><strong>vel</strong></span> <span class='ocrx_word' id='word_1_511' title='bbox 1580 2805 1693 2849; x_wconf 89' lang='lat' dir='ltr'><strong>priori</strong></span> 
     </span>
    </p>
   </div>
   <div class='ocr_carea' id='block_1_3' title="bbox 61 2857 1693 2949">
    <p class='ocr_par' dir='ltr' id='par_1_3' title="bbox 61 2857 1693 2949">
     <span class='ocr_line' id='line_1_48' title="bbox 61 2857 1693 2947; baseline 0.002 -54"><span class='ocrx_word' id='word_1_512' title='bbox 61 2857 216 2947; x_wconf 32' lang='lat' dir='ltr'><strong>¹tate-atrum</strong></span> <span class='ocrx_word' id='word_1_513' title='bbox 254 2859 522 2904; x_wconf 85' lang='lat' dir='ltr'><strong>predicatorum</strong></span> <span class='ocrx_word' id='word_1_514' title='bbox 563 2861 736 2903; x_wconf 78' lang='lat' dir='ltr'><strong>parisius,</strong></span> <span class='ocrx_word' id='word_1_515' title='bbox 778 2867 900 2898; x_wconf 88' lang='lat' dir='ltr'><strong>nostro</strong></span> <span class='ocrx_word' id='word_1_516' title='bbox 947 2861 1207 2903; x_wconf 88' lang='lat' dir='ltr'><strong>commissario,</strong></span> <span class='ocrx_word' id='word_1_517' title='bbox 1253 2861 1331 2897; x_wconf 88' lang='lat' dir='ltr'><strong>sine</strong></span> <span class='ocrx_word' id='word_1_518' title='bbox 1375 2861 1501 2897; x_wconf 74' lang='lat' dir='ltr'><strong>fraude</strong></span> <span class='ocrx_word' id='word_1_519' title='bbox 1544 2860 1693 2897; x_wconf 82' lang='lat' dir='ltr'><strong>reddere</strong></span> 
     </span>
     <span class='ocr_line' id='line_1_49' title="bbox 98 2916 264 2949; baseline 0.012 -2"><span class='ocrx_word' id='word_1_520' title='bbox 98 2916 264 2949; x_wconf 78' lang='lat' dir='ltr'><strong>neantur.</strong></span> 
     </span>
    </p>
   </div>
  </div>
 </body>
</html>
